{"gold_per_floor":[111,125,137,87,87,118,118,118,118,118,149,167,190,43,43,169,169,194,13,31,31,50,50,50,50,77,77,121,137,9,32,32,163,163,184,209,334,38,38,38,54,54],"floor_reached":42,"playtime":2368,"items_purged":["Strike_G","Strike_G"],"score":634,"play_id":"14c4b614-9c38-489e-bd5d-33c9ee22b719","local_time":"20190201155509","is_ascension_mode":true,"campfire_choices":[{"data":"Crippling Poison","floor":8.0,"key":"SMITH"},{"data":"Poisoned Stab","floor":10.0,"key":"SMITH"},{"floor":15.0,"key":"REST"},{"data":"Catalyst","floor":23.0,"key":"SMITH"},{"floor":25.0,"key":"REST"},{"data":"Dagger Spray","floor":27.0,"key":"SMITH"},{"floor":32,"key":"REST"},{"data":"Footwork","floor":40,"key":"SMITH"}],"neow_cost":"NONE","seed_source_timestamp":18854977576629,"circlet_count":0,"master_deck":["Defend_G","Defend_G","Defend_G","Defend_G","Defend_G","Strike_G","Strike_G","Survivor","Neutralize+1","Dagger Spray+1","Crippling Poison+1","Poisoned Stab+1","PiercingWail","Well Laid Plans","Backflip","Bane","Prepared","Adrenaline","Quick Slash","Catalyst+1","All Out Attack+1","Dash+1","Catalyst+1","Leg Sweep","Footwork+1","Panacea","Deadly Poison","Tools of the Trade","Blur","Poisoned Stab+1","Backflip","Bouncing Flask"],"special_seed":0,"relics":["Ring of the Snake","Golden Idol","Singing Bowl","Pear","PreservedInsect","HoveringKite","Happy Flower","Bronze Scales","Cursed Key","Torii","Pantograph"],"potions_floor_usage":[],"damage_taken":[{"damage":0.0,"enemies":"Cultist","floor":1.0,"turns":3.0},{"damage":0.0,"enemies":"Small Slimes","floor":2.0,"turns":3.0},{"damage":9.0,"enemies":"Jaw Worm","floor":3.0,"turns":7.0},{"damage":21.0,"enemies":"Gremlin Nob","floor":6.0,"turns":5.0},{"damage":19.0,"enemies":"Lagavulin","floor":11.0,"turns":6.0},{"damage":9.0,"enemies":"Looter","floor":12.0,"turns":3.0},{"damage":0.0,"enemies":"3 Louse","floor":13.0,"turns":1.0},{"damage":22.0,"enemies":"Hexaghost","floor":16.0,"turns":7.0},{"damage":21.0,"enemies":"Spheric Guardian","floor":18.0,"turns":8.0},{"damage":0.0,"enemies":"3 Byrds","floor":20.0,"turns":3.0},{"damage":15.0,"enemies":"Snake Plant","floor":22.0,"turns":5.0},{"damage":26,"enemies":"Slavers","floor":28,"turns":4},{"damage":13,"enemies":"Sentry and Sphere","floor":29,"turns":6},{"damage":7,"enemies":"3 Cultists","floor":31,"turns":4},{"damage":28,"enemies":"Champ","floor":33,"turns":9},{"damage":30,"enemies":"3 Darklings","floor":35,"turns":4},{"damage":7,"enemies":"Orb Walker","floor":36,"turns":3},{"damage":0,"enemies":"Mind Bloom Boss Battle","floor":37,"turns":4},{"damage":29,"enemies":"Jaw Worm Horde","floor":41,"turns":3},{"damage":6,"enemies":"Reptomancer","floor":42,"turns":2}],"seed_played":"8895124899558241777","potions_obtained":[{"floor":3.0,"key":"SpeedPotion"},{"floor":6.0,"key":"Energy Potion"},{"floor":11.0,"key":"PowerPotion"},{"floor":16.0,"key":"Weak Potion"},{"floor":28,"key":"GamblersBrew"}],"is_trial":false,"path_per_floor":["M","M","M","?","?","E","?","R","T","R","E","M","M","$","R","B",null,"M","$","M","?","M","R","?","R","T","R","E","M","$","M","R","B",null,"M","M","?","$","?","R","M","E"],"character_chosen":"THE_SILENT","items_purchased":["Bane","Prepared","Catalyst","Footwork","Panacea","Pantograph","Bouncing Flask"],"campfire_rested":3,"item_purchase_floors":[14,14,19,30,30,38,38],"current_hp_per_floor":[70,70,61,61,61,40,40,40,50,50,31,24,24,24,48,26,69,48,48,48,48,33,33,33,57,57,57,31,20,20,13,38,10,66,36,29,29,29,31,31,4,0],"gold":54,"neow_bonus":"TEN_PERCENT_HP_BONUS","is_prod":false,"is_daily":false,"chose_seed":false,"campfire_upgraded":5,"win_rate":0,"timestamp":1549032909,"path_taken":["M","M","M","?","?","E","?","R","T","R","E","M","M","$","R","BOSS","M","$","M","?","M","R","?","R","T","R","E","?","$","M","R","BOSS","M","M","?","$","?","R","M","E"],"build_version":"2019-01-23","purchased_purges":2,"victory":false,"max_hp_per_floor":[77,77,77,77,71,71,71,71,81,81,81,83,83,83,83,83,83,83,83,83,83,83,83,83,83,83,83,83,85,85,85,85,85,85,85,85,85,85,87,87,89,89],"card_choices":[{"not_picked":["Dodge and Roll","Prepared"],"picked":"Dagger Spray","floor":1.0},{"not_picked":["Flechettes","Infinite Blades"],"picked":"Crippling Poison","floor":2.0},{"not_picked":["Bane","PiercingWail"],"picked":"Poisoned Stab","floor":3.0},{"not_picked":["Eviscerate","Dodge and Roll"],"picked":"PiercingWail","floor":6.0},{"not_picked":["Bane","Skewer"],"picked":"Well Laid Plans","floor":11.0},{"not_picked":["Flechettes","Blade Dance","Expertise"],"picked":"Singing Bowl","floor":12.0},{"not_picked":["Flying Knee","Dagger Throw"],"picked":"Backflip","floor":13.0},{"not_picked":["After Image","Phantasmal Killer"],"picked":"Adrenaline","floor":16.0},{"not_picked":["Deflect+1","Outmaneuver"],"picked":"Quick Slash","floor":18.0},{"not_picked":["Endless Agony+1","Underhanded Strike"],"picked":"All Out Attack+1","floor":20.0},{"not_picked":["Deflect","Riddle With Holes+1"],"picked":"Dash+1","floor":22.0},{"not_picked":["Tactician","Catalyst"],"picked":"Leg Sweep","floor":28},{"not_picked":["Underhanded Strike","Endless Agony","Flying Knee+1"],"picked":"Singing Bowl","floor":29},{"not_picked":["Poisoned Stab","PiercingWail"],"picked":"Deadly Poison","floor":31},{"not_picked":["A Thousand Cuts","Wraith Form v2"],"picked":"Tools of the Trade","floor":33},{"not_picked":["Sucker Punch","Deflect+1"],"picked":"Blur","floor":35},{"not_picked":["Acrobatics","Sucker Punch+1"],"picked":"Poisoned Stab+1","floor":36},{"not_picked":["Dagger Throw+1","Dagger Spray+1"],"picked":"Backflip","floor":37},{"not_picked":["Blind","Good Instincts","Impatience"],"picked":"Singing Bowl","floor":39},{"not_picked":["Bullet Time","Underhanded Strike+1","Sucker Punch"],"picked":"Singing Bowl","floor":41}],"player_experience":233504,"relics_obtained":[{"floor":6.0,"key":"Singing Bowl"},{"floor":9.0,"key":"Pear"},{"floor":11.0,"key":"PreservedInsect"},{"floor":26.0,"key":"Happy Flower"},{"floor":28,"key":"Bronze Scales"},{"floor":37,"key":"Torii"}],"event_choices":[{"cards_removed":["Strike_G"],"damage_healed":0.0,"max_hp_gain":0.0,"max_hp_loss":0.0,"gold_gain":0.0,"event_name":"The Cleric","player_choice":"Card Removal","floor":4.0,"gold_loss":50.0,"damage_taken":0.0},{"damage_healed":0.0,"max_hp_gain":0.0,"max_hp_loss":6.0,"gold_gain":0.0,"event_name":"Golden Idol","player_choice":"Lose Max HP","floor":5.0,"gold_loss":0.0,"damage_taken":0.0,"relics_obtained":["Golden Idol"]},{"damage_healed":0.0,"max_hp_gain":0.0,"max_hp_loss":0.0,"gold_gain":0.0,"event_name":"Living Wall","player_choice":"Grow","floor":7.0,"gold_loss":0.0,"damage_taken":0.0,"cards_upgraded":["Neutralize"]},{"damage_healed":0.0,"max_hp_gain":0.0,"max_hp_loss":0.0,"gold_gain":0.0,"event_name":"Beggar","player_choice":"Ignored","floor":21.0,"gold_loss":0.0,"damage_taken":0.0},{"damage_healed":0.0,"max_hp_gain":0.0,"max_hp_loss":0.0,"gold_gain":0.0,"event_name":"Duplicator","player_choice":"Copied","floor":24.0,"gold_loss":0.0,"damage_taken":0.0,"cards_obtained":["Catalyst"]},{"damage_healed":0,"gold_gain":0,"player_choice":"Fight","damage_taken":0,"max_hp_gain":0,"max_hp_loss":0,"event_name":"MindBloom","floor":37,"gold_loss":0},{"damage_healed":0,"gold_gain":0,"player_choice":"Memory 1","damage_taken":0,"max_hp_gain":0,"max_hp_loss":0,"event_name":"SensoryStone","floor":39,"gold_loss":0}],"is_beta":false,"boss_relics":[{"not_picked":["Astrolabe","Pandora\u0027s Box"],"picked":"HoveringKite"},{"not_picked":["Fusion Hammer","Black Star"],"picked":"Cursed Key"}],"items_purged_floors":[14,19],"is_endless":false,"potions_floor_spawned":[3,6,11,16,28,29,33,35],"killed_by":"Reptomancer","ascension_level":7}