{"gold_per_floor":[114,114,132,144,162,162,197,210,235,235,235,267,267,277,277,356,356,356,75,75,75,75,75,75,75,75,75,25,25,25,25,25,25],"floor_reached":33,"playtime":2103,"items_purged":["Defend_G"],"score":581,"play_id":"07daa099-82db-4abd-bedb-96bda68f5690","local_time":"20190130221625","is_ascension_mode":true,"campfire_choices":[{"data":"Dash","floor":6.0,"key":"SMITH"},{"data":"Footwork","floor":10,"key":"SMITH"},{"data":"Dodge and Roll","floor":13,"key":"SMITH"},{"data":"Neutralize","floor":15,"key":"SMITH"},{"data":"A Thousand Cuts","floor":23,"key":"SMITH"},{"floor":29,"key":"REST"},{"data":"Leg Sweep","floor":32,"key":"SMITH"}],"neow_cost":"NONE","seed_source_timestamp":43456247209842,"circlet_count":0,"master_deck":["AscendersBane","Defend_G+1","Defend_G","Defend_G+1","Strike_G","Strike_G+1","Strike_G","Strike_G","Strike_G","Survivor+1","Neutralize+1","Infinite Blades","Dodge and Roll+1","Dash+1","Backflip","Footwork+1","Die Die Die","Deflect","A Thousand Cuts+1","Dodge and Roll","After Image","Dagger Spray","Blade Dance","Leg Sweep+1","Dagger Spray+1","Cloak And Dagger","Predator+1"],"special_seed":0,"relics":["Ring of the Snake","War Paint","Oddly Smooth Stone","Strawberry","FaceOfCleric","Smiling Mask","Ectoplasm","Anchor","Dream Catcher"],"potions_floor_usage":[7,12,12,24,24,33,33],"damage_taken":[{"damage":2.0,"enemies":"Jaw Worm","floor":1.0,"turns":6.0},{"damage":1.0,"enemies":"Cultist","floor":3.0,"turns":4.0},{"damage":0.0,"enemies":"Small Slimes","floor":4.0,"turns":4.0},{"damage":1.0,"enemies":"Red Slaver","floor":5.0,"turns":5.0},{"damage":17,"enemies":"Lagavulin","floor":7,"turns":10},{"damage":5,"enemies":"3 Louse","floor":8,"turns":5},{"damage":0,"enemies":"3 Sentries","floor":12,"turns":7},{"damage":2,"enemies":"2 Fungi Beasts","floor":14,"turns":4},{"damage":21,"enemies":"The Guardian","floor":16,"turns":17},{"damage":12,"enemies":"Chosen","floor":18,"turns":6},{"damage":7,"enemies":"3 Byrds","floor":20,"turns":5},{"damage":0,"enemies":"Centurion and Healer","floor":22,"turns":9},{"damage":10,"enemies":"Gremlin Leader","floor":24,"turns":7},{"damage":11,"enemies":"Shelled Parasite and Fungi","floor":25,"turns":7},{"damage":8,"enemies":"Snake Plant","floor":27,"turns":8},{"damage":0,"enemies":"Centurion and Healer","floor":30,"turns":6},{"damage":0,"enemies":"Chosen and Byrds","floor":31,"turns":8},{"damage":58,"enemies":"Champ","floor":33,"turns":14}],"seed_played":"6801341466967313158","potions_obtained":[{"floor":1.0,"key":"Ancient Potion"},{"floor":5.0,"key":"Strength Potion"},{"floor":7,"key":"AttackPotion"},{"floor":8,"key":"Explosive Potion"},{"floor":21,"key":"AttackPotion"},{"floor":24,"key":"Swift Potion"},{"floor":25,"key":"Ancient Potion"},{"floor":31,"key":"Ancient Potion"}],"is_trial":false,"path_per_floor":["M","?","M","M","M","R","E","M","T","R","?","E","R","M","R","B",null,"M","$","M","?","M","R","E","M","T","M","?","R","M","M","R","B"],"character_chosen":"THE_SILENT","items_purchased":["After Image","Block Potion"],"campfire_rested":1,"item_purchase_floors":[19,19],"current_hp_per_floor":[57,57,56,56,55,55,38,33,40,40,40,41,41,40,40,20,62,51,51,45,45,46,46,37,27,27,20,20,44,45,46,46,0],"gold":25,"neow_bonus":"RANDOM_COMMON_RELIC","is_prod":false,"is_daily":false,"chose_seed":false,"campfire_upgraded":6,"win_rate":0,"timestamp":1548915385,"path_taken":["M","?","M","M","M","R","E","?","T","R","?","E","R","?","R","BOSS","M","$","M","?","?","R","E","M","T","M","?","R","M","?","R","BOSS"],"build_version":"2019-01-23","purchased_purges":1,"victory":false,"max_hp_per_floor":[66,66,66,66,66,66,66,66,73,73,73,74,74,75,75,76,76,77,77,78,78,79,79,80,81,81,82,82,82,83,84,84,84],"card_choices":[{"not_picked":["PiercingWail","Concentrate"],"picked":"Infinite Blades","floor":1.0},{"not_picked":["Quick Slash","Outmaneuver"],"picked":"Dodge and Roll","floor":3.0},{"not_picked":["Cloak And Dagger","Dagger Spray"],"picked":"Dash","floor":4.0},{"not_picked":["PiercingWail","Corpse Explosion"],"picked":"Backflip","floor":5.0},{"not_picked":["Choke","Underhanded Strike"],"picked":"Footwork","floor":7},{"not_picked":["Flechettes","Quick Slash","Acrobatics"],"picked":"SKIP","floor":8},{"not_picked":["Prepared","Dagger Throw"],"picked":"Die Die Die","floor":12},{"not_picked":["Underhanded Strike","Choke"],"picked":"Deflect","floor":14},{"not_picked":["Corpse Explosion","Venomology"],"picked":"A Thousand Cuts","floor":16},{"not_picked":["Endless Agony","Masterful Stab"],"picked":"Dodge and Roll","floor":18},{"not_picked":["Underhanded Strike","All Out Attack"],"picked":"Dagger Spray","floor":20},{"not_picked":["Dodge and Roll","Predator"],"picked":"Blade Dance","floor":22},{"not_picked":["Deflect+1","Predator"],"picked":"Leg Sweep","floor":24},{"not_picked":["Quick Slash","Poisoned Stab","All Out Attack"],"picked":"SKIP","floor":25},{"not_picked":["Skewer","Eviscerate+1"],"picked":"Dagger Spray+1","floor":27},{"not_picked":["Backflip","Riddle With Holes"],"picked":"Cloak And Dagger","floor":30},{"not_picked":["Sucker Punch","Concentrate+1"],"picked":"Predator+1","floor":31}],"player_experience":1191745,"relics_obtained":[{"floor":7,"key":"Oddly Smooth Stone"},{"floor":9,"key":"Strawberry"},{"floor":12,"key":"Smiling Mask"},{"floor":24,"key":"Anchor"},{"floor":26,"key":"Dream Catcher"}],"event_choices":[{"cards_removed":["Defend_G"],"damage_healed":0.0,"max_hp_gain":0.0,"max_hp_loss":0.0,"gold_gain":0.0,"event_name":"Purifier","player_choice":"Purged","floor":2.0,"gold_loss":0.0,"damage_taken":0.0},{"damage_healed":0,"gold_gain":0,"player_choice":"Trade","damage_taken":0,"relics_obtained":["FaceOfCleric"],"max_hp_gain":0,"max_hp_loss":0,"event_name":"FaceTrader","floor":11,"gold_loss":0},{"damage_healed":0,"gold_gain":0,"player_choice":"Got Potions","damage_taken":0,"max_hp_gain":0,"max_hp_loss":0,"event_name":"Lab","floor":21,"gold_loss":0},{"damage_healed":0,"gold_gain":0,"player_choice":"Upgraded Two","damage_taken":0,"max_hp_gain":0,"max_hp_loss":0,"event_name":"Designer","floor":28,"gold_loss":50,"cards_upgraded":["Strike_G","Defend_G"]}],"is_beta":false,"boss_relics":[{"not_picked":["WristBlade","Runic Dome"],"picked":"Ectoplasm"}],"items_purged_floors":[19],"is_endless":false,"potions_floor_spawned":[1,5,7,8,22,24,25,31],"killed_by":"Champ","ascension_level":18}