{"gold_per_floor":[111,40,40,40,40,81,94,110,110,123,123,123],"floor_reached":12,"playtime":436,"items_purged":[],"score":78,"play_id":"dff92f12-b85e-498f-b42b-0ee4288b42df","local_time":"20190415003902","is_ascension_mode":false,"campfire_choices":[{"data":"Barricade","floor":11,"key":"SMITH"}],"neow_cost":"NONE","seed_source_timestamp":367322902235370,"circlet_count":0,"master_deck":["Strike_R","Strike_R","Strike_R","Strike_R","Strike_R","Defend_R","Defend_R","Defend_R","Defend_R","Bash","Feel No Pain","Inflame","Regret","Barricade+1","Second Wind","Clash","Pummel"],"relics":["Burning Blood","Golden Idol","Darkstone Periapt","Vajra","Bronze Scales","Bottled Tornado"],"potions_floor_usage":[12],"damage_taken":[{"damage":14,"enemies":"Jaw Worm","floor":1,"turns":5},{"damage":29,"enemies":"Gremlin Nob","floor":6,"turns":4},{"damage":0,"enemies":"Small Slimes","floor":7,"turns":3},{"damage":8,"enemies":"Cultist","floor":8,"turns":3},{"damage":14,"enemies":"Large Slime","floor":10,"turns":4},{"damage":37,"enemies":"Gremlin Gang","floor":12,"turns":3}],"seed_played":"-779127816137478432","potions_obtained":[{"floor":1,"key":"PowerPotion"}],"is_trial":false,"path_per_floor":["M","$","?","?","?","E","M","M","T","M","R","M"],"character_chosen":"IRONCLAD","items_purchased":["Inflame"],"campfire_rested":0,"item_purchase_floors":[2],"current_hp_per_floor":[80,80,58,51,57,34,40,38,38,30,30,0],"gold":123,"neow_bonus":"TEN_PERCENT_HP_BONUS","is_prod":false,"is_daily":false,"chose_seed":false,"campfire_upgraded":1,"win_rate":0.0,"timestamp":1555303142,"path_taken":["M","$","?","?","?","E","M","M","T","?","R","M"],"build_version":"2019-01-23","purchased_purges":0,"victory":false,"max_hp_per_floor":[88,88,88,88,94,94,94,94,94,94,94,94],"card_choices":[{"not_picked":["Second Wind","Warcry"],"picked":"Feel No Pain","floor":1},{"not_picked":["Bloodletting","Carnage"],"picked":"Barricade","floor":6},{"not_picked":["Infernal Blade","Pommel Strike"],"picked":"Second Wind","floor":7},{"not_picked":["Blood for Blood","Cleave"],"picked":"Clash","floor":8},{"not_picked":["Thunderclap","Clothesline"],"picked":"Pummel","floor":10}],"player_experience":8198,"relics_obtained":[{"floor":6,"key":"Bronze Scales"},{"floor":9,"key":"Bottled Tornado"}],"event_choices":[{"damage_healed":0,"gold_gain":0,"player_choice":"Take Damage","damage_taken":22,"relics_obtained":["Golden Idol"],"max_hp_gain":0,"max_hp_loss":0,"event_name":"Golden Idol","floor":3,"gold_loss":0},{"damage_healed":0,"gold_gain":0,"player_choice":"Success","damage_taken":7,"relics_obtained":["Darkstone Periapt"],"max_hp_gain":0,"max_hp_loss":0,"event_name":"Scrap Ooze","floor":4,"gold_loss":0},{"damage_healed":0,"gold_gain":0,"player_choice":"Box","damage_taken":0,"relics_obtained":["Vajra"],"max_hp_gain":0,"max_hp_loss":0,"event_name":"Big Fish","floor":5,"gold_loss":0,"cards_obtained":["Regret"]}],"is_beta":false,"boss_relics":[],"items_purged_floors":[],"is_endless":false,"potions_floor_spawned":[1],"killed_by":"Gremlin Gang","ascension_level":0}