{"gold_per_floor":[109,109,109,127,127,127,160,160,160,193,203,203,215,245,245,317,317,332,332,35,35,40,40,40],"floor_reached":24,"playtime":635,"items_purged":["Pain"],"score":443,"play_id":"1b33d93c-7cd4-4b13-b319-1a367a7d483e","local_time":"20190302173732","is_ascension_mode":true,"campfire_choices":[{"data":"Zap","floor":6,"key":"SMITH"},{"data":"Dualcast","floor":8,"key":"SMITH"},{"data":"Sunder","floor":12,"key":"SMITH"},{"floor":15,"key":"REST"},{"data":"Self Repair","floor":23,"key":"SMITH"}],"neow_cost":"NONE","seed_source_timestamp":6958666723067,"circlet_count":0,"master_deck":["AscendersBane","Strike_B","Strike_B","Strike_B","Strike_B","Defend_B","Defend_B","Defend_B+1","Defend_B","Zap+1","Dualcast+1","Coolheaded+1","Cold Snap","Echo Form","Sunder+1","Leap","Glacier","Fission","Self Repair+1","Go for the Eyes","Ball Lightning","Cold Snap"],"relics":["Cracked Core","NeowsBlessing","WarpedTongs","Dream Catcher","Shovel","Kunai","Oddly Smooth Stone","The Courier","Coffee Dripper","Unceasing Top"],"potions_floor_usage":[10,16,16],"damage_taken":[{"damage":0,"enemies":"Small Slimes","floor":1,"turns":1},{"damage":1,"enemies":"Cultist","floor":4,"turns":1},{"damage":0,"enemies":"Gremlin Nob","floor":7,"turns":1},{"damage":27,"enemies":"3 Sentries","floor":10,"turns":8},{"damage":2,"enemies":"2 Louse","floor":11,"turns":2},{"damage":4,"enemies":"Blue Slaver","floor":13,"turns":3},{"damage":35,"enemies":"Slime Boss","floor":16,"turns":9},{"damage":18,"enemies":"Spheric Guardian","floor":18,"turns":6},{"damage":13,"enemies":"2 Thieves","floor":22,"turns":4},{"damage":6,"enemies":"Book of Stabbing","floor":24,"turns":6}],"seed_played":"7918918708319996088","potions_obtained":[{"floor":1,"key":"FearPotion"},{"floor":7,"key":"Regen Potion"},{"floor":10,"key":"Poison Potion"},{"floor":11,"key":"EssenceOfSteel"}],"is_trial":false,"path_per_floor":["M","?","?","M","?","R","E","R","T","E","M","R","M","?","R","B",null,"M","?","$","?","M","R","E"],"character_chosen":"DEFECT","items_purchased":["Self Repair","Go for the Eyes","Ball Lightning","FTL","Cold Snap"],"campfire_rested":1,"item_purchase_floors":[20,20,20,20,20],"current_hp_per_floor":[64,43,43,42,37,37,37,37,37,25,23,23,19,19,40,5,55,37,17,17,17,4,4,0],"gold":40,"neow_bonus":"THREE_ENEMY_KILL","is_prod":false,"is_daily":false,"chose_seed":false,"campfire_upgraded":4,"win_rate":0,"timestamp":1551577052,"path_taken":["M","?","?","?","?","R","E","R","T","E","M","R","M","?","R","BOSS","M","?","$","?","M","R","E"],"build_version":"2019-01-23","purchased_purges":1,"victory":false,"max_hp_per_floor":[71,71,71,71,71,71,71,71,71,71,71,71,71,71,71,71,71,71,76,76,76,76,76,76],"card_choices":[{"not_picked":["Darkness","Tempest"],"picked":"Coolheaded","floor":1},{"not_picked":["Sunder","Doom and Gloom"],"picked":"Cold Snap","floor":4},{"not_picked":["Rebound","Undo"],"picked":"Echo Form","floor":7},{"not_picked":["Rainbow","Reprogram"],"picked":"Sunder","floor":10},{"not_picked":["Turbo","Conserve Battery"],"picked":"Leap","floor":11},{"not_picked":["Rebound","Undo"],"picked":"Glacier","floor":13},{"not_picked":["Reboot","Multi-Cast"],"picked":"Fission","floor":16},{"not_picked":["Recycle","Compile Driver","Gash"],"picked":"SKIP","floor":18},{"not_picked":["Stack+1","Rebound","Blizzard+1"],"picked":"SKIP","floor":22}],"player_experience":1241457,"relics_obtained":[{"floor":7,"key":"Shovel"},{"floor":9,"key":"Kunai"},{"floor":10,"key":"Oddly Smooth Stone"}],"event_choices":[{"damage_healed":0,"gold_gain":0,"player_choice":"Entered Light","damage_taken":21,"max_hp_gain":0,"max_hp_loss":0,"event_name":"Shining Light","floor":2,"gold_loss":0,"cards_upgraded":["Coolheaded","Defend_B"]},{"damage_healed":0,"gold_gain":0,"player_choice":"Rummage","damage_taken":0,"relics_obtained":["WarpedTongs"],"max_hp_gain":0,"max_hp_loss":0,"event_name":"Accursed Blacksmith","floor":3,"gold_loss":0,"cards_obtained":["Pain"]},{"damage_healed":0,"gold_gain":0,"player_choice":"Success","damage_taken":5,"relics_obtained":["Dream Catcher"],"max_hp_gain":0,"max_hp_loss":0,"event_name":"Scrap Ooze","floor":5,"gold_loss":0},{"damage_healed":0,"gold_gain":30,"player_choice":"Searched \u00273\u0027 times","damage_taken":0,"relics_obtained":["The Courier"],"max_hp_gain":0,"max_hp_loss":0,"event_name":"Dead Adventurer","floor":14,"gold_loss":0},{"damage_healed":0,"gold_gain":0,"player_choice":"Shed Blood","damage_taken":25,"max_hp_gain":5,"max_hp_loss":0,"event_name":"Forgotten Altar","floor":19,"gold_loss":0},{"cards_removed":["FTL"],"damage_healed":0,"gold_gain":0,"player_choice":"Gave Card","damage_taken":0,"relics_obtained":["Unceasing Top"],"max_hp_gain":0,"max_hp_loss":0,"event_name":"WeMeetAgain","floor":21,"gold_loss":0}],"is_beta":false,"boss_relics":[{"not_picked":["Astrolabe","Calling Bell"],"picked":"Coffee Dripper"}],"items_purged_floors":[20],"is_endless":false,"potions_floor_spawned":[1,7,10,11],"killed_by":"Book of Stabbing","ascension_level":19}