{"gold_per_floor":[359,306,16,30,45,45,58,90,90,37,37,37,37,55,55,133,133,153,203,128,144,13,13,13,13,38,49,61,61,61],"floor_reached":30,"playtime":1670,"items_purged":["Doubt"],"score":410,"play_id":"186bbd4b-4631-4d04-9145-b915d1d0c413","local_time":"20190210175151","is_ascension_mode":true,"campfire_choices":[{"data":"Zap","floor":6.0,"key":"SMITH"},{"data":"Static Discharge","floor":12.0,"key":"SMITH"},{"data":"Dualcast","floor":13.0,"key":"SMITH"},{"floor":15.0,"key":"REST"},{"data":"Rainbow","floor":23.0,"key":"SMITH"},{"data":"Strike_B","floor":25.0,"key":"PURGE"}],"neow_cost":"CURSE","seed_source_timestamp":26919299950168,"circlet_count":0,"master_deck":["AscendersBane","Strike_B","Defend_B","Defend_B","Defend_B","Defend_B","Zap+1","Dualcast+1","Conserve Battery","Rebound","Streamline","Static Discharge+1","Ball Lightning","Rainbow+1","Barrage","Fusion","Streamline+1","Cold Snap"],"special_seed":0,"relics":["Cracked Core","WingedGreaves","Runic Capacitor","Gambling Chip","Peace Pipe","Snecko Eye","Smiling Mask","Pantograph"],"potions_floor_usage":[30],"damage_taken":[{"damage":6.0,"enemies":"2 Louse","floor":1.0,"turns":2.0},{"damage":1.0,"enemies":"Cultist","floor":4.0,"turns":4.0},{"damage":12.0,"enemies":"Jaw Worm","floor":5.0,"turns":5.0},{"damage":7.0,"enemies":"Blue Slaver","floor":7.0,"turns":4.0},{"damage":28.0,"enemies":"3 Sentries","floor":8.0,"turns":9.0},{"damage":0.0,"enemies":"3 Louse","floor":14.0,"turns":2.0},{"damage":21.0,"enemies":"Hexaghost","floor":16.0,"turns":5.0},{"damage":3.0,"enemies":"Shell Parasite","floor":18.0,"turns":4.0},{"damage":20.0,"enemies":"2 Thieves","floor":21.0,"turns":2.0},{"damage":5.0,"enemies":"3 Cultists","floor":27.0,"turns":4.0},{"damage":12.0,"enemies":"Sentry and Sphere","floor":28.0,"turns":4.0},{"damage":23,"enemies":"Slavers","floor":30,"turns":2}],"seed_played":"-4704011365196838392","potions_obtained":[{"floor":14.0,"key":"LiquidBronze"},{"floor":16.0,"key":"Weak Potion"},{"floor":18.0,"key":"Poison Potion"},{"floor":21.0,"key":"Fruit Juice"},{"floor":28.0,"key":"LiquidBronze"}],"is_trial":false,"path_per_floor":["M","?","$","M","M","R","M","E","T","$","?","R","R","M","R","B",null,"M","?","?","M","$","R","?","R","T","M","M","T","E"],"character_chosen":"DEFECT","items_purchased":["Runic Capacitor","AttackPotion","Fusion","Block Potion"],"campfire_rested":1,"item_purchase_floors":[3,10,22,22],"current_hp_per_floor":[58,58,58,57,45,45,38,10,10,10,10,10,10,10,31,10,56,53,53,53,38,38,38,38,38,38,33,21,21,0],"gold":61,"neow_bonus":"TWO_FIFTY_GOLD","is_prod":false,"is_daily":false,"chose_seed":false,"campfire_upgraded":4,"win_rate":0,"timestamp":1549842711,"path_taken":["M","?","$","M","M","R","M","E","T","?","?","R","R","?","R","BOSS","M","?","?","M","$","R","?","R","T","?","M","?","E"],"build_version":"2019-01-23","purchased_purges":1,"victory":false,"max_hp_per_floor":[71,71,71,71,71,71,71,71,71,71,71,71,71,71,71,71,71,71,71,71,76,76,76,76,76,76,76,76,76,76],"card_choices":[{"not_picked":["Turbo","Barrage","Rebound"],"picked":"SKIP","floor":1.0},{"not_picked":["Compile Driver","Beam Cell"],"picked":"Conserve Battery","floor":4.0},{"not_picked":["Conserve Battery","Storm"],"picked":"Rebound","floor":5.0},{"not_picked":["Reinforced Body","Genetic Algorithm"],"picked":"Streamline","floor":7.0},{"not_picked":["Hello World","Capacitor"],"picked":"Static Discharge","floor":8.0},{"not_picked":["Steam","Double Energy"],"picked":"Ball Lightning","floor":14.0},{"not_picked":["All For One","Creative AI"],"picked":"Rainbow","floor":16.0},{"not_picked":["Redo","Gash"],"picked":"Barrage","floor":18.0},{"not_picked":["Beam Cell","Turbo","Recycle"],"picked":"SKIP","floor":21.0},{"not_picked":["Go for the Eyes","Double Energy"],"picked":"Streamline+1","floor":27.0},{"not_picked":["Reprogram","Redo"],"picked":"Cold Snap","floor":28.0}],"player_experience":554473,"relics_obtained":[{"floor":8.0,"key":"Gambling Chip"},{"floor":9.0,"key":"Peace Pipe"},{"floor":26.0,"key":"Smiling Mask"},{"floor":29.0,"key":"Pantograph"}],"event_choices":[{"damage_healed":0.0,"max_hp_gain":0.0,"max_hp_loss":0.0,"gold_gain":0.0,"event_name":"WeMeetAgain","player_choice":"Paid Gold","floor":2.0,"gold_loss":53.0,"damage_taken":0.0,"relics_obtained":["WingedGreaves"]},{"cards_removed":["Strike_B"],"damage_healed":0.0,"max_hp_gain":0.0,"max_hp_loss":0.0,"gold_gain":0.0,"event_name":"Living Wall","player_choice":"Forget","floor":11.0,"gold_loss":0.0,"damage_taken":0.0},{"damage_healed":0.0,"max_hp_gain":0.0,"max_hp_loss":0.0,"gold_gain":50.0,"event_name":"Nest","player_choice":"Stole From Cult","floor":19.0,"gold_loss":0.0,"damage_taken":0.0},{"cards_removed":["Strike_B"],"damage_healed":0.0,"max_hp_gain":0.0,"max_hp_loss":0.0,"gold_gain":0.0,"event_name":"Beggar","player_choice":"Gave Gold","floor":20.0,"gold_loss":75.0,"damage_taken":0.0},{"damage_healed":0.0,"max_hp_gain":0.0,"max_hp_loss":0.0,"gold_gain":0.0,"event_name":"Vampires","player_choice":"Ignored","floor":24.0,"gold_loss":0.0,"damage_taken":0.0}],"is_beta":false,"boss_relics":[{"not_picked":["Black Star","White Beast Statue"],"picked":"Snecko Eye"}],"items_purged_floors":[3],"is_endless":false,"potions_floor_spawned":[14,16,18,21,28],"killed_by":"Slavers","ascension_level":16}