{"gold_per_floor":[117,136,136,22,22,22,48,70,145,145,160,160,217,234,234,234],"floor_reached":16,"playtime":937,"items_purged":["Strike_R"],"score":98,"play_id":"f0f26cb8-6a6c-4c22-b83b-b5cc97988bdc","local_time":"20181227213904","is_ascension_mode":false,"campfire_choices":[{"data":"Bash","floor":6,"key":"SMITH"},{"floor":10,"key":"REST"},{"data":"True Grit","floor":12,"key":"SMITH"},{"data":"Shrug It Off","floor":15,"key":"SMITH"}],"neow_cost":"NONE","seed_source_timestamp":2179418896860501,"circlet_count":0,"master_deck":["Strike_R","Strike_R","Strike_R","Strike_R","Defend_R","Defend_R","Defend_R","Defend_R","Bash+1","Twin Strike","True Grit+1","Uppercut","Shrug It Off+1","Cleave","Pommel Strike"],"relics":["Burning Blood","Potion Belt","Boot","Odd Mushroom","Mummified Hand"],"potions_floor_usage":[14,16,16],"damage_taken":[{"damage":15,"enemies":"Jaw Worm","floor":1,"turns":4},{"damage":0,"enemies":"Small Slimes","floor":2,"turns":4},{"damage":43,"enemies":"3 Sentries","floor":7,"turns":9},{"damage":27,"enemies":"The Mushroom Lair","floor":8,"turns":4},{"damage":0,"enemies":"2 Louse","floor":11,"turns":2},{"damage":10,"enemies":"Exordium Wildlife","floor":14,"turns":6},{"damage":63,"enemies":"Hexaghost","floor":16,"turns":10}],"seed_played":"-5003434140749398243","potions_obtained":[{"floor":2,"key":"Regen Potion"},{"floor":11,"key":"Weak Potion"},{"floor":14,"key":"Strength Potion"}],"is_trial":false,"path_per_floor":["M","M","?","$","?","R","E","?","T","R","M","R","?","M","R","B"],"character_chosen":"IRONCLAD","items_purchased":["Uppercut"],"campfire_rested":1,"item_purchase_floors":[4],"current_hp_per_floor":[79,85,78,78,78,78,41,20,20,46,52,52,52,48,48,0],"gold":234,"neow_bonus":"TEN_PERCENT_HP_BONUS","is_prod":false,"is_daily":false,"chose_seed":false,"campfire_upgraded":3,"win_rate":0.0,"timestamp":1545943144,"path_taken":["M","M","?","$","?","R","E","?","T","R","?","R","?","M","R","BOSS"],"build_version":"2018-12-20","purchased_purges":1,"victory":false,"max_hp_per_floor":[88,88,88,88,88,88,88,88,88,88,88,88,88,88,88,88],"card_choices":[{"not_picked":["Warcry","Burning Pact"],"picked":"Twin Strike","floor":1},{"not_picked":["Corruption","Headbutt"],"picked":"True Grit","floor":2},{"not_picked":["Disarm","Anger"],"picked":"Shrug It Off","floor":7},{"not_picked":["Shockwave","Dropkick"],"picked":"Cleave","floor":8},{"not_picked":["Twin Strike","Thunderclap","Pummel"],"picked":"SKIP","floor":11},{"not_picked":["Thunderclap","Anger"],"picked":"Pommel Strike","floor":14}],"player_experience":2613,"relics_obtained":[{"floor":7,"key":"Boot"},{"floor":8,"key":"Odd Mushroom"},{"floor":9,"key":"Mummified Hand"}],"event_choices":[{"damage_healed":0,"gold_gain":0,"player_choice":"Success","damage_taken":7,"relics_obtained":["Potion Belt"],"max_hp_gain":0,"max_hp_loss":0,"event_name":"Scrap Ooze","floor":3,"gold_loss":0},{"damage_healed":0,"gold_gain":0,"player_choice":"Leave","damage_taken":0,"max_hp_gain":0,"max_hp_loss":0,"event_name":"The Cleric","floor":5,"gold_loss":0},{"damage_healed":0,"gold_gain":0,"player_choice":"Fought Mushrooms","damage_taken":0,"max_hp_gain":0,"max_hp_loss":0,"event_name":"Mushrooms","floor":8,"gold_loss":0},{"damage_healed":0,"gold_gain":57,"player_choice":"Gained Gold","damage_taken":0,"max_hp_gain":0,"max_hp_loss":0,"event_name":"Golden Wing","floor":13,"gold_loss":0}],"is_beta":false,"boss_relics":[],"items_purged_floors":[4],"is_endless":false,"potions_floor_spawned":[2,11,14],"killed_by":"Hexaghost","ascension_level":0}