{"path_per_floor":["M","?","M","M","?","E","$","M","T","R","M","M","R","M","R","B",null,"M","?","?","M","M","R","$","R","T"],"character_chosen":"IRONCLAD","items_purchased":["Blood for Blood","Metallicize","Bottled Tornado"],"gold_per_floor":[114,114,129,148,148,211,98,110,134,134,146,161,161,181,181,279,279,291,291,291,306,322,322,47,47,47,47],"floor_reached":27,"campfire_rested":1,"playtime":1505,"current_hp_per_floor":[72,69,71,76,60,39,39,32,32,32,27,12,36,41,41,37,69,66,66,66,63,56,56,56,56,56,0],"items_purged":["Strike_R"],"gold":47,"score":312,"play_id":"4c16c4da-061e-41ce-83f4-9c8a20fded0a","local_time":"20180502102001","is_prod":false,"is_daily":false,"chose_seed":false,"is_ascension_mode":true,"campfire_upgraded":4,"timestamp":1525281601,"path_taken":["M","?","M","M","?","E","$","M","T","R","?","M","R","M","R","BOSS","M","?","?","M","M","R","$","R","T","E"],"build_version":"2018-04-28v2","seed_source_timestamp":299437294882678,"purchased_purges":1,"victory":false,"master_deck":["Strike_R","Strike_R","Defend_R","Defend_R","Defend_R+1","Defend_R","Bash","Cleave","Headbutt","Disarm+1","Uppercut+1","Blood for Blood","Rampage+1","Shrug It Off","Dropkick","Berserk","Battle Trance","True Grit+1","Metallicize+1"],"max_hp_per_floor":[80,80,80,80,80,80,80,80,80,80,80,80,80,80,80,80,80,80,80,80,80,80,80,80,80,80,80],"relics":["Burning Blood","Blood Vial","Tiny Chest","Dream Catcher","Mark of Pain","Bottled Tornado","Dodecahedron"],"card_choices":[{"not_picked":["Anger","Havoc"],"picked":"Headbutt","floor":1},{"not_picked":["Wild Strike","Cleave"],"picked":"Disarm","floor":4},{"not_picked":["Bloodletting","Ghostly Armor"],"picked":"Uppercut","floor":6},{"not_picked":["Body Slam","Havoc"],"picked":"Rampage","floor":11},{"not_picked":["Havoc","Perfected Strike"],"picked":"Shrug It Off","floor":12},{"not_picked":["Seeing Red","Combust"],"picked":"Dropkick","floor":14},{"not_picked":["Reaper","Brutality"],"picked":"Berserk","floor":16},{"not_picked":["Rage","Wild Strike"],"picked":"Battle Trance","floor":18},{"not_picked":["Sword Boomerang","Impervious"],"picked":"True Grit","floor":22}],"player_experience":417436,"potions_floor_usage":[27],"damage_taken":[{"damage":6,"enemies":"Cultist","floor":1,"turns":3},{"damage":6,"enemies":"2 Louse","floor":3,"turns":2},{"damage":3,"enemies":"Small Slimes","floor":4,"turns":3},{"damage":29,"enemies":"Lagavulin","floor":6,"turns":10},{"damage":15,"enemies":"2 Fungi Beasts","floor":8,"turns":3},{"damage":13,"enemies":"Large Slime","floor":11,"turns":7},{"damage":23,"enemies":"Exordium Thugs","floor":12,"turns":4},{"damage":3,"enemies":"Exordium Wildlife","floor":14,"turns":4},{"damage":12,"enemies":"Hexaghost","floor":16,"turns":9},{"damage":11,"enemies":"Chosen","floor":18,"turns":4},{"damage":11,"enemies":"Shell Parasite","floor":21,"turns":5},{"damage":15,"enemies":"Cultist and Chosen","floor":22,"turns":5},{"damage":66,"enemies":"Slavers","floor":27,"turns":4}],"event_choices":[{"event_name":"Scrap Ooze","player_choice":"success","floor":2,"damage_taken":3},{"event_name":"Shining Light","player_choice":"Entered Light","floor":5,"damage_taken":0},{"event_name":"Purifier","player_choice":"One Purge","floor":19,"damage_taken":0},{"event_name":"Drug Dealer","player_choice":"Ignored","floor":20,"damage_taken":0}],"boss_relics":[{"not_picked":["Black Star","Orrery"],"picked":"Mark of Pain"}],"potions_floor_spawned":[6,11,16,18],"seed_played":"-4617032834650970532","killed_by":"Slavers","ascension_level":9,"is_trial":false}