{"gold_per_floor":[116,116,116,134,158,158,197,197,197,217,217,261,34,34,34,127,127,147,147,166,189,189],"floor_reached":22,"playtime":836,"items_purged":["Strike_B"],"score":340,"play_id":"2bd659a0-53b6-438e-b975-2fa4deeade5c","local_time":"20181017141840","is_ascension_mode":true,"campfire_choices":[{"data":"Dualcast","floor":6.0,"key":"SMITH"},{"data":"Conserve Battery","floor":8.0,"key":"SMITH"},{"floor":11.0,"key":"REST"},{"floor":15.0,"key":"REST"}],"neow_cost":"NONE","seed_source_timestamp":0,"circlet_count":0,"master_deck":["Strike_B","Strike_B","Strike_B","Defend_B","Defend_B","Defend_B","Defend_B","Zap+1","Dualcast+1","AscendersBane","Ball Lightning","Conserve Battery+1","Cold Snap","Conserve Battery","Hello World","Electrodynamics","Go for the Eyes","Echo Form","Conserve Battery","Go for the Eyes"],"special_seed":0,"relics":["Cracked Core","Golden Idol","The Courier","Dream Catcher","Bottled Tornado","Art of War","Coffee Dripper"],"potions_floor_usage":[],"damage_taken":[{"damage":5.0,"enemies":"Small Slimes","floor":1.0,"turns":4.0},{"damage":2.0,"enemies":"2 Louse","floor":4.0,"turns":2.0},{"damage":4.0,"enemies":"Jaw Worm","floor":5.0,"turns":3.0},{"damage":11.0,"enemies":"Lagavulin","floor":7.0,"turns":7.0},{"damage":13.0,"enemies":"Gremlin Gang","floor":10.0,"turns":5.0},{"damage":21.0,"enemies":"Gremlin Nob","floor":12.0,"turns":4.0},{"damage":16.0,"enemies":"The Guardian","floor":16.0,"turns":12.0},{"damage":14,"enemies":"Shell Parasite","floor":18,"turns":5},{"damage":12,"enemies":"2 Thieves","floor":20,"turns":3},{"damage":7,"enemies":"Cultist and Chosen","floor":21,"turns":4},{"damage":23,"enemies":"Snake Plant","floor":22,"turns":3}],"seed_played":"-2872984148843777836","potions_obtained":[{"floor":3.0,"key":"Poison Potion"},{"floor":3.0,"key":"SteroidPotion"},{"floor":4.0,"key":"Dexterity Potion"},{"floor":7.0,"key":"EssenceOfSteel"},{"floor":21,"key":"Ancient Potion"}],"is_trial":false,"path_per_floor":["M","?","?","M","M","R","E","R","T","M","R","E","$","?","R","B",null,"M","?","M","M"],"character_chosen":"DEFECT","items_purchased":["Art of War","PowerPotion"],"campfire_rested":2,"item_purchase_floors":[13,13],"current_hp_per_floor":[59,35,35,33,29,29,18,18,18,5,26,5,5,5,26,10,56,42,42,30,23,0],"gold":189,"neow_bonus":"UPGRADE_CARD","is_prod":false,"is_daily":false,"chose_seed":false,"campfire_upgraded":2,"win_rate":0,"timestamp":1539811120,"path_taken":["M","?","?","M","M","R","E","R","T","?","R","E","?","?","R","BOSS","M","?","?","M","M"],"build_version":"2018-10-11","purchased_purges":1,"victory":false,"max_hp_per_floor":[71,71,71,71,71,71,71,71,71,71,71,71,71,71,71,71,71,71,71,71,71,71],"card_choices":[{"not_picked":["Beam Cell","Blizzard"],"picked":"Ball Lightning","floor":1.0},{"not_picked":["Stack","Gash","Sweeping Beam"],"picked":"SKIP","floor":4.0},{"not_picked":["Rebound","Hologram"],"picked":"Conserve Battery","floor":5.0},{"not_picked":["Hello World","Stack"],"picked":"Cold Snap","floor":7.0},{"not_picked":["Consume","Fusion"],"picked":"Conserve Battery","floor":10.0},{"not_picked":["Sweeping Beam","Auto Shields"],"picked":"Hello World","floor":11.0},{"not_picked":["Hologram","Storm"],"picked":"Electrodynamics","floor":12.0},{"not_picked":["Streamline","Tempest"],"picked":"Go for the Eyes","floor":15.0},{"not_picked":["Electrodynamics","Thunder Strike"],"picked":"Echo Form","floor":16.0},{"not_picked":["Rebound","Redo"],"picked":"Conserve Battery","floor":18},{"not_picked":["Stack","Redo"],"picked":"Go for the Eyes","floor":20},{"not_picked":["Sweeping Beam","Barrage","Skim"],"picked":"SKIP","floor":21}],"player_experience":950456,"relics_obtained":[{"floor":7.0,"key":"The Courier"},{"floor":9.0,"key":"Dream Catcher"},{"floor":12.0,"key":"Bottled Tornado"}],"event_choices":[{"event_name":"Golden Idol","player_choice":"Take Damage","floor":2.0,"damage_taken":0.0},{"event_name":"The Lab","player_choice":"Got Potions","floor":3.0,"damage_taken":0.0},{"event_name":"Dead Adventurer","player_choice":"Searched \u00271\u0027 times","floor":14.0,"damage_taken":0.0},{"event_name":"Vampires","player_choice":"Ignored","floor":19,"damage_taken":0}],"is_beta":false,"boss_relics":[{"not_picked":["Eternal Feather","FrozenCore"],"picked":"Coffee Dripper"}],"items_purged_floors":[13],"is_endless":false,"potions_floor_spawned":[4,7,21],"killed_by":"Snake Plant","ascension_level":15}