{"path_per_floor":["M","?","?","M","?","R","?","R","T","M","E","M","R","E","R","B",null,"M","M","?","?","?"],"character_chosen":"THE_SILENT","items_purchased":[],"gold_per_floor":[17,192,192,206,206,206,156,156,179,195,224,239,239,270,270,374,374,392,411,411,411,411,411],"floor_reached":23,"campfire_rested":1,"playtime":4494,"current_hp_per_floor":[67,67,67,67,60,60,60,60,60,57,37,37,58,49,49,19,70,56,30,17,17,1,0],"items_purged":[],"gold":411,"score":197,"play_id":"664c7a94-bd74-4f7e-b86c-8e18daff9de8","local_time":"20180324171604","is_prod":false,"is_daily":false,"is_ascension_mode":false,"campfire_upgraded":3,"timestamp":1521936964,"path_taken":["M","?","?","?","?","R","?","R","T","M","E","?","R","E","R","BOSS","M","M","?","?","?","E"],"build_version":"2018-03-22v2","purchased_purges":0,"victory":false,"master_deck":["Defend_G","Defend_G","Defend_G","Defend_G","Defend_G","Strike_G","Survivor","Neutralize+1","Caltrops+1","Sucker Punch","Sucker Punch+1","Dagger Throw","All Out Attack","Wraith Form","Escape Plan+1"],"max_hp_per_floor":[70,70,70,70,70,70,70,70,70,70,70,70,70,70,70,70,70,70,70,75,75,75,75],"relics":["Ring of the Snake","Happy Flower","Omamori","Matryoshka","Black Star","Enchiridion"],"card_choices":[{"not_picked":["Blur","Noxious Fumes"],"picked":"Caltrops","floor":4},{"not_picked":["Acrobatics","Bane"],"picked":"Sucker Punch","floor":10},{"not_picked":["Choke","Backflip"],"picked":"Sucker Punch","floor":11},{"not_picked":["Deflect","Outmaneuver"],"picked":"Dagger Throw","floor":12},{"not_picked":["Dodge and Roll","Dagger Spray"],"picked":"All Out Attack","floor":14},{"not_picked":["Night Terror","Bullet Time"],"picked":"Wraith Form","floor":16},{"not_picked":["Outmaneuver","Backflip"],"picked":"Escape Plan","floor":19}],"player_experience":156622,"potions_floor_usage":[14,23,23,23],"damage_taken":[{"damage":3,"enemies":"Cultist","floor":1,"turns":6},{"damage":0,"enemies":"Small Slimes","floor":4,"turns":6},{"damage":3,"enemies":"2 Louse","floor":10,"turns":4},{"damage":20,"enemies":"Lagavulin","floor":11,"turns":15},{"damage":0,"enemies":"Exordium Wildlife","floor":12,"turns":6},{"damage":9,"enemies":"Gremlin Nob","floor":14,"turns":4},{"damage":30,"enemies":"The Guardian","floor":16,"turns":14},{"damage":14,"enemies":"Shell Parasite","floor":18,"turns":7},{"damage":26,"enemies":"3 Byrds","floor":19,"turns":5},{"damage":2,"enemies":"Book of Stabbing","floor":23,"turns":1}],"event_choices":[{"event_name":"Liars Game","player_choice":"agreed","floor":2,"damage_taken":0},{"event_name":"Living Wall","player_choice":"Forget","floor":3,"damage_taken":0},{"event_name":"Golden Wing","player_choice":"Card Removal","floor":5,"damage_taken":0},{"event_name":"The Cleric","player_choice":"Card Removal","floor":7,"damage_taken":0},{"event_name":"Forgotten Altar","player_choice":"Shed Blood","floor":20,"damage_taken":0},{"event_name":"Drug Dealer","player_choice":"Ignored","floor":21,"damage_taken":0},{"event_name":"Cursed Tome","player_choice":"Obtained Book","floor":22,"damage_taken":0}],"boss_relics":[{"not_picked":["The Specimen","Lizard Tail"],"picked":"Black Star"}],"potions_floor_spawned":[1,11,16,19],"seed_played":"1144826712253468240","killed_by":"Book of Stabbing","ascension_level":0,"is_trial":false}