{"path_per_floor":["M","?","M","$","M","R","?","$","T","R","E","M","E","T","R","B",null,"M","M","M","$","M","E","M","E","T","?","M","R","M","M","R","B",null,"M","M","M","$","M","R","M","R","T","R","M","E","M","M","R"],"character_chosen":"THE_SILENT","items_purchased":["Night Terror","Backflip","Well Laid Plans","Bouncing Flask","Infinite Blades","Anchor"],"gold_per_floor":[114,364,378,228,241,241,241,17,17,17,48,59,86,131,131,229,229,246,261,274,2,21,53,71,104,128,53,69,69,79,96,96,198,198,218,234,246,103,116,116,132,132,155,155,168,199,213,230,230],"floor_reached":50,"campfire_rested":5,"playtime":8228,"current_hp_per_floor":[35,35,35,35,33,54,51,51,51,51,43,24,19,19,42,5,77,75,68,62,62,49,12,14,12,12,12,12,35,35,35,58,36,77,77,50,65,65,59,59,62,62,62,62,41,34,34,34,57],"items_purged":["Regret","Strike_G","Strike_G"],"gold":230,"score":505,"play_id":"5ecdb3c8-cf20-4e12-bbf5-79069f3da2bb","is_prod":false,"is_daily":false,"is_ascension_mode":false,"campfire_upgraded":4,"path_taken":["M","?","M","$","?","R","?","$","T","R","E","M","E","?","R","BOSS","M","M","?","$","?","E","M","E","T","?","M","R","M","M","R","BOSS","M","M","M","$","M","R","M","R","T","R","M","E","M","M","R","BOSS"],"build_version":"2018-02-15-PROD1","purchased_purges":4,"victory":false,"master_deck":["Defend_G","Defend_G+1","Defend_G","Defend_G","Defend_G","Strike_G","Strike_G","Strike_G","Survivor","Neutralize","Adrenaline+1","Deadly Poison","Flying Knee","Night Terror+1","Quick Slash","Backflip","Well Laid Plans+1","Crippling Poison","Venomology+1","Outmaneuver","Die Die Die","Escape Plan+1","Finisher","Dagger Throw","Bouncing Flask","Infinite Blades","Escape Plan","A Thousand Cuts","Deflect+1","Well Laid Plans","Deadly Poison+1","PiercingWail","Quick Slash","Adrenaline+1","Backflip+1","Deflect+1","Well Laid Plans+1","Flechettes+1","Deadly Poison+1","Clumsy","Dagger Throw+1","Catalyst","Backflip+1","Bane+1"],"max_hp_per_floor":[70,70,70,70,70,70,70,70,70,70,70,70,77,77,77,77,77,77,77,77,77,77,77,77,77,77,77,77,77,77,77,77,77,77,77,77,77,77,77,77,77,77,77,77,77,77,77,77,77],"relics":["Ring of the Snake","Bag of Marbles","Frozen Eye","Snake Skull","Strawberry","Vajra","Cursed Key","Mercury Hourglass","Ninja Scroll","Happy Flower","The Specimen","Anchor","War Paint","Ornamental Fan"],"card_choices":[{"not_picked":["Doppelganger","Night Terror"],"picked":"Adrenaline"},{"not_picked":["Deflect","Dagger Spray"],"picked":"Deadly Poison"},{"not_picked":["Slice","Underhanded Strike"],"picked":"Flying Knee"},{"not_picked":["Dodge and Roll","Bane"],"picked":"Quick Slash"},{"not_picked":["Expertise","Blade Dance"],"picked":"Crippling Poison"},{"not_picked":["Slice","Dagger Throw"],"picked":"Venomology"},{"not_picked":["Reflex","Backflip"],"picked":"Outmaneuver"},{"not_picked":["Venomology","Phantasmal Killer"],"picked":"Die Die Die"},{"not_picked":["Deadly Poison","Blur"],"picked":"Escape Plan"},{"not_picked":["Bane","Dagger Spray"],"picked":"Finisher"},{"not_picked":["Riddle With Holes","Crippling Poison"],"picked":"Dagger Throw"},{"not_picked":["Bouncing Flask","A Thousand Cuts"],"picked":"Escape Plan"},{"not_picked":["Underhanded Strike","Malaise"],"picked":"A Thousand Cuts"},{"not_picked":["Outmaneuver","Dagger Spray"],"picked":"Deflect"},{"not_picked":["Predator","Die Die Die"],"picked":"Well Laid Plans"},{"not_picked":["Underhanded Strike","Dagger Spray"],"picked":"Deadly Poison"},{"not_picked":["Poisoned Stab","Dodge and Roll"],"picked":"PiercingWail"},{"not_picked":["Tactician","Sucker Punch"],"picked":"Quick Slash"},{"not_picked":["Tactician","Corpse Explosion"],"picked":"Adrenaline"},{"not_picked":["Flechettes","Slice"],"picked":"Backflip"},{"not_picked":["Caltrops","PiercingWail"],"picked":"Deflect"},{"not_picked":["Calculated Gamble","Dagger Spray"],"picked":"Well Laid Plans"},{"not_picked":["Blade Dance","Expertise"],"picked":"Flechettes"},{"not_picked":["Underhanded Strike","Sucker Punch"],"picked":"Deadly Poison"},{"not_picked":["Deflect","Dodge and Roll"],"picked":"Dagger Throw"},{"not_picked":["Distraction","Quick Slash"],"picked":"Catalyst"},{"not_picked":["Infinite Blades","Distraction"],"picked":"Backflip"},{"not_picked":["Deadly Poison","Dagger Spray"],"picked":"Bane"}],"player_experience":64755,"potions_floor_usage":[11,13,18,19,20,20,22,22,23,23,24,24,25,31,31,33,35,36,37,37,37,39,41,46,47,47,50,50],"damage_taken":[{"damage":0,"enemies":"Small Slimes","floor":1,"turns":4},{"damage":0,"enemies":"Cultist","floor":3,"turns":3},{"damage":2,"enemies":"2 Louse","floor":5,"turns":2},{"damage":8,"enemies":"3 Sentries","floor":11,"turns":7},{"damage":19,"enemies":"Lots of Slimes","floor":12,"turns":6},{"damage":12,"enemies":"Gremlin Nob","floor":13,"turns":4},{"damage":37,"enemies":"Hexaghost","floor":16,"turns":12},{"damage":2,"enemies":"Shell Parasite","floor":18,"turns":5},{"damage":7,"enemies":"3 Byrds","floor":19,"turns":3},{"damage":6,"enemies":"Sentry and Sphere","floor":20,"turns":6},{"damage":13,"enemies":"Centurion and Healer","floor":22,"turns":7},{"damage":37,"enemies":"Slavers","floor":23,"turns":5},{"damage":13,"enemies":"Cultist and Chosen","floor":24,"turns":5},{"damage":2,"enemies":"Book of Stabbing","floor":25,"turns":5},{"damage":0,"enemies":"3 Cultists","floor":28,"turns":5},{"damage":0,"enemies":"Sentry and Sphere","floor":30,"turns":2},{"damage":0,"enemies":"Snake Plant","floor":31,"turns":4},{"damage":22,"enemies":"Automaton","floor":33,"turns":9},{"damage":0,"enemies":"3 Darklings","floor":35,"turns":4},{"damage":27,"enemies":"3 Shapes","floor":36,"turns":3},{"damage":0,"enemies":"Maw","floor":37,"turns":6},{"damage":6,"enemies":"Sphere and 2 Shapes","floor":39,"turns":5},{"damage":0,"enemies":"3 Darklings","floor":41,"turns":2},{"damage":21,"enemies":"4 Shapes","floor":45,"turns":4},{"damage":7,"enemies":"Giant Head","floor":46,"turns":7},{"damage":0,"enemies":"Maw","floor":47,"turns":6},{"damage":0,"enemies":"3 Darklings","floor":48,"turns":3},{"damage":61,"enemies":"Time Eater","floor":50,"turns":12}],"event_choices":[{"event_name":"Golden Shrine","player_choice":"Desecrate","floor":2,"damage_taken":0},{"event_name":"Scrap Ooze","player_choice":"success","floor":7,"damage_taken":3},{"event_name":"Beggar","player_choice":"Gave Gold","floor":27,"damage_taken":0}],"boss_relics":[{"not_picked":["Astrolabe","Sozu"],"picked":"Cursed Key"},{"not_picked":["Tiny House","Velvet Choker"],"picked":"The Specimen"}],"potions_floor_spawned":[5,16,19,22,23,28,33,36,37,46,48],"seed_played":"3462194523789904856","killed_by":"Time Eater","ascension_level":0,"is_trial":false}