{"gold_per_floor":[115,132,142,157,172,172,97,97,97,115,115,143,143,143,143,217,217,231,231,255,273,289,289,130,130],"floor_reached":25,"playtime":5542,"items_purged":["Strike_B","Defend_B+1"],"score":376,"play_id":"1b28f797-5a76-4869-a643-7f8b2fdbb0b4","local_time":"20190116023024","is_ascension_mode":true,"campfire_choices":[{"data":"Dualcast","floor":6.0,"key":"SMITH"},{"data":"Defragment","floor":8.0,"key":"SMITH"},{"data":"Hologram","floor":13,"key":"SMITH"},{"data":"Cold Snap","floor":15,"key":"SMITH"},{"floor":23,"key":"REST"}],"neow_cost":"NONE","seed_source_timestamp":0,"circlet_count":0,"master_deck":["AscendersBane","Strike_B+1","Strike_B+1","Strike_B+1","Defend_B+1","Defend_B+1","Defend_B+1","Zap+1","Dualcast+1","Defragment+1","Defragment+1","Cold Snap+1","Leap","Capacitor","Hologram+1","All For One+1","Biased Cognition","Cold Snap+1","Chill","Conserve Battery","White Noise","Hologram","Go for the Eyes"],"special_seed":0,"relics":["Cracked Core","Pantograph","Blue Candle","Orrery","Whetstone"],"potions_floor_usage":[12,16],"damage_taken":[{"damage":9.0,"enemies":"Jaw Worm","floor":1.0,"turns":4.0},{"damage":1.0,"enemies":"Cultist","floor":2.0,"turns":3.0},{"damage":3.0,"enemies":"2 Louse","floor":3.0,"turns":3.0},{"damage":11.0,"enemies":"Looter","floor":4.0,"turns":3.0},{"damage":0.0,"enemies":"Gremlin Gang","floor":5.0,"turns":1.0},{"damage":7.0,"enemies":"Blue Slaver","floor":10.0,"turns":4.0},{"damage":13,"enemies":"Lagavulin","floor":12,"turns":7},{"damage":22,"enemies":"The Guardian","floor":16,"turns":10},{"damage":18,"enemies":"3 Byrds","floor":18,"turns":10},{"damage":13,"enemies":"Shell Parasite","floor":21,"turns":3},{"damage":23,"enemies":"Centurion and Healer","floor":22,"turns":2},{"damage":40,"enemies":"Shelled Parasite and Fungi","floor":25,"turns":2}],"seed_played":"-5009867815857765589","potions_obtained":[{"floor":1.0,"key":"Poison Potion"},{"floor":2.0,"key":"PowerPotion"},{"floor":10.0,"key":"GamblersBrew"}],"is_trial":false,"path_per_floor":["M","M","M","M","M","R","$","R","T","M","?","E","R","?","R","B",null,"M","?","T","M","M","R","$","M"],"character_chosen":"DEFECT","items_purchased":["Go for the Eyes"],"campfire_rested":1,"item_purchase_floors":[24],"current_hp_per_floor":[55,54,51,40,40,40,40,40,40,33,38,25,25,25,25,28,64,46,46,46,33,10,32,32,0],"gold":130,"neow_bonus":"UPGRADE_CARD","is_prod":false,"is_daily":false,"chose_seed":false,"campfire_upgraded":4,"win_rate":0,"timestamp":1547634624,"path_taken":["M","M","M","M","M","R","$","R","T","M","?","E","R","?","R","BOSS","M","?","?","M","M","R","$","M"],"build_version":"2019-01-10","purchased_purges":2,"victory":false,"max_hp_per_floor":[71,71,71,71,71,71,71,71,71,71,76,76,76,76,76,76,76,76,76,76,76,76,76,76,76],"card_choices":[{"not_picked":["Fusion","Cold Snap"],"picked":"Defragment","floor":1.0},{"not_picked":["Force Field","Stack"],"picked":"Defragment","floor":2.0},{"not_picked":["Genetic Algorithm","Leap"],"picked":"Cold Snap","floor":3.0},{"not_picked":["Barrage","Recycle"],"picked":"Leap","floor":4.0},{"not_picked":["Stack","FTL"],"picked":"Capacitor","floor":5.0},{"not_picked":["Barrage","Darkness"],"picked":"Hologram","floor":10.0},{"not_picked":["Undo","Capacitor"],"picked":"All For One","floor":12},{"not_picked":["All For One","Fission"],"picked":"Biased Cognition","floor":16},{"not_picked":["Coolheaded","Leap"],"picked":"Cold Snap","floor":17},{"not_picked":["Go for the Eyes","Hello World"],"picked":"Chill","floor":17},{"not_picked":["Recycle","Turbo"],"picked":"Conserve Battery","floor":17},{"not_picked":["Stack","Chill"],"picked":"White Noise","floor":17},{"not_picked":["Steam Power","Recycle"],"picked":"Hologram","floor":17},{"not_picked":["Static Discharge","Coolheaded","Darkness"],"picked":"SKIP","floor":18},{"not_picked":["Fusion","Leap","All For One"],"picked":"SKIP","floor":21},{"not_picked":["Sunder","Heatsinks","Coolheaded"],"picked":"SKIP","floor":22}],"player_experience":1133175,"relics_obtained":[{"floor":9.0,"key":"Pantograph"},{"floor":12,"key":"Blue Candle"},{"floor":20,"key":"Whetstone"}],"event_choices":[{"damage_healed":0,"gold_gain":0,"player_choice":"Donut","damage_taken":0,"max_hp_gain":5,"max_hp_loss":0,"event_name":"Big Fish","floor":11,"gold_loss":0},{"damage_healed":0,"gold_gain":0,"player_choice":"Upgraded","damage_taken":0,"max_hp_gain":0,"max_hp_loss":0,"event_name":"Upgrade Shrine","floor":14,"gold_loss":0,"cards_upgraded":["Defragment"]},{"damage_healed":0,"gold_gain":0,"player_choice":"Simplicity","damage_taken":0,"max_hp_gain":0,"max_hp_loss":0,"event_name":"Back to Basics","floor":19,"gold_loss":0,"cards_upgraded":["Strike_B","Strike_B","Strike_B","Defend_B","Defend_B","Defend_B","Defend_B"]}],"is_beta":false,"boss_relics":[{"not_picked":["Inserter","Nuclear Battery"],"picked":"Orrery"}],"items_purged_floors":[7,24],"is_endless":false,"potions_floor_spawned":[1,2,3,10],"killed_by":"Shelled Parasite and Fungi","ascension_level":17}