{"gold_per_floor":[111,128,128,139,154,154,154,166,217,217,73,104,104,354,354,354],"floor_reached":16,"playtime":906,"items_purged":["Defend_B"],"score":150,"play_id":"cae1b184-8e8d-4f56-8ba2-b5940261e272","local_time":"20180731161457","is_ascension_mode":true,"campfire_choices":[{"data":"Zap","floor":6.0,"key":"SMITH"},{"floor":10.0,"key":"REST"},{"floor":13.0,"key":"REST"},{"floor":15,"key":"REST"}],"neow_cost":"","seed_source_timestamp":0,"circlet_count":0,"master_deck":["Strike_B","Strike_B","Strike_B","Strike_B","Defend_B","Defend_B","Zap+1","Dualcast","AscendersBane","Blizzard","Steam","Capacitor","Defragment","Coolheaded","Go for the Eyes","Compile Driver","Ball Lightning","Regret"],"special_seed":0,"relics":["Cracked Core","Blue Candle","Juzu Bracelet","Blood Vial","Darkstone Periapt"],"potions_floor_usage":[],"damage_taken":[{"damage":6.0,"enemies":"Jaw Worm","floor":1.0,"turns":4.0},{"damage":0.0,"enemies":"Cultist","floor":2.0,"turns":4.0},{"damage":12.0,"enemies":"Small Slimes","floor":4.0,"turns":4.0},{"damage":14.0,"enemies":"Gremlin Gang","floor":5.0,"turns":5.0},{"damage":1.0,"enemies":"Looter","floor":8.0,"turns":3.0},{"damage":17.0,"enemies":"3 Sentries","floor":12.0,"turns":6.0},{"damage":27.0,"enemies":"Lagavulin Event","floor":14.0,"turns":6.0},{"damage":61,"enemies":"Slime Boss","floor":16,"turns":8}],"seed_played":"8672895236841679756","potions_obtained":[{"floor":1.0,"key":"LiquidBronze"},{"floor":4.0,"key":"LiquidBronze"},{"floor":12.0,"key":"FairyPotion"}],"is_trial":false,"path_per_floor":["M","M","?","M","M","R","?","M","T","R","$","E","R","?","R"],"character_chosen":"DEFECT","items_purchased":["Go for the Eyes","Compile Driver"],"campfire_rested":3,"item_purchase_floors":[11,11],"current_hp_per_floor":[62,62,62,50,36,36,11,10,10,32,32,15,37,18,42,0],"gold":354,"neow_bonus":"","is_prod":false,"is_daily":false,"chose_seed":false,"campfire_upgraded":1,"win_rate":0,"timestamp":1533078897,"path_taken":["M","M","?","M","M","R","?","M","T","R","$","E","R","?","R","BOSS"],"build_version":"2018-07-26","purchased_purges":1,"victory":false,"max_hp_per_floor":[75,75,75,75,75,75,75,75,75,75,75,75,75,81,81,81],"card_choices":[{"not_picked":["Rebound","Sweeping Beam"],"picked":"Blizzard","floor":1.0},{"not_picked":["Hologram","Stack"],"picked":"Steam","floor":2.0},{"not_picked":["Turbo","Gash"],"picked":"Capacitor","floor":4.0},{"not_picked":["Hologram","Go for the Eyes"],"picked":"Defragment","floor":5.0},{"not_picked":["Rip and Tear","Go for the Eyes"],"picked":"Coolheaded","floor":8.0},{"not_picked":["Melter","Heatsinks"],"picked":"Ball Lightning","floor":12.0}],"player_experience":701869,"relics_obtained":[{"floor":9.0,"key":"Juzu Bracelet"},{"floor":12.0,"key":"Blood Vial"}],"event_choices":[{"event_name":"Purifier","player_choice":"One Purge","floor":3.0,"damage_taken":0.0},{"event_name":"Scrap Ooze","player_choice":"success","floor":7.0,"damage_taken":25.0},{"event_name":"Dead Adventurer","player_choice":"Searched \u00273\u0027 times","floor":14.0,"damage_taken":0.0},{"event_name":"Golden Shrine","player_choice":"Desecrate","floor":14,"damage_taken":0}],"is_beta":false,"boss_relics":[],"items_purged_floors":[11],"is_endless":false,"potions_floor_spawned":[1,4,12,14],"killed_by":"Slime Boss","ascension_level":10}