{"gold_per_floor":[117,46,64,74,90,120,120,147,147,147,159,169,202,219,219,292,292,308,258,276,287,306,306,231,242,269,319,1,1,1,21,21,94,94,105,105,116,134,39,71,90,90],"floor_reached":42,"playtime":1912,"items_purged":["Strike_R"],"score":795,"play_id":"3cb3a04f-db39-44ce-81af-66a0e0e02aeb","local_time":"20190204215949","is_ascension_mode":true,"campfire_choices":[{"data":"Bash","floor":7.0,"key":"SMITH"},{"data":"Metallicize","floor":10.0,"key":"SMITH"},{"data":"Sword Boomerang","floor":15.0,"key":"SMITH"},{"data":"Pummel","floor":23.0,"key":"SMITH"},{"floor":29.0,"key":"REST"},{"data":"Armaments","floor":32.0,"key":"SMITH"}],"neow_cost":"NONE","seed_source_timestamp":299770038672244,"circlet_count":0,"master_deck":["AscendersBane","Strike_R+1","Strike_R+1","Strike_R+1","Defend_R+1","Defend_R+1","Defend_R+1","Defend_R+1","Bash+1","Immolate","Iron Wave","Shrug It Off","Pommel Strike","Metallicize+1","Shrug It Off","Sword Boomerang+1","Pummel+1","Metallicize","Spot Weakness","Reckless Charge","Clothesline+1","Body Slam+1","Offering","Inflame","Armaments+1","Shockwave","Fiend Fire","Headbutt","Cleave","True Grit","Panacea"],"special_seed":0,"relics":["Black Blood","Mummified Hand","Shuriken","Question Card","Ancient Tea Set","Philosopher\u0027s Stone","War Paint","Art of War","Bottled Tornado"],"potions_floor_usage":[42],"damage_taken":[{"damage":7.0,"enemies":"Small Slimes","floor":1.0,"turns":2.0},{"damage":0.0,"enemies":"Cultist","floor":3.0,"turns":3.0},{"damage":7.0,"enemies":"Jaw Worm","floor":4.0,"turns":3.0},{"damage":3.0,"enemies":"Looter","floor":5.0,"turns":4.0},{"damage":25.0,"enemies":"Gremlin Nob","floor":6.0,"turns":4.0},{"damage":3.0,"enemies":"3 Sentries","floor":8.0,"turns":5.0},{"damage":1.0,"enemies":"2 Fungi Beasts","floor":11.0,"turns":3.0},{"damage":30.0,"enemies":"Gremlin Gang","floor":12.0,"turns":4.0},{"damage":13.0,"enemies":"Lagavulin","floor":13.0,"turns":6.0},{"damage":0.0,"enemies":"3 Louse","floor":14.0,"turns":3.0},{"damage":10.0,"enemies":"The Guardian","floor":16.0,"turns":9.0},{"damage":0.0,"enemies":"Chosen","floor":18.0,"turns":4.0},{"damage":26.0,"enemies":"2 Thieves","floor":20.0,"turns":3.0},{"damage":30.0,"enemies":"Snake Plant","floor":21.0,"turns":4.0},{"damage":7.0,"enemies":"Centurion and Healer","floor":22.0,"turns":4.0},{"damage":13.0,"enemies":"Cultist and Chosen","floor":25.0,"turns":5.0},{"damage":0.0,"enemies":"Sentry and Sphere","floor":31.0,"turns":3.0},{"damage":31.0,"enemies":"Collector","floor":33.0,"turns":8.0},{"damage":17.0,"enemies":"Orb Walker","floor":35.0,"turns":3.0},{"damage":5.0,"enemies":"3 Shapes","floor":37.0,"turns":6.0},{"damage":22.0,"enemies":"Spire Growth","floor":38.0,"turns":4.0},{"damage":33.0,"enemies":"Reptomancer","floor":40.0,"turns":6.0},{"damage":10.0,"enemies":"Jaw Worm Horde","floor":41.0,"turns":4.0},{"damage":32,"enemies":"Nemesis","floor":42,"turns":3}],"seed_played":"-5997041620977492114","potions_obtained":[{"floor":1.0,"key":"FearPotion"},{"floor":8.0,"key":"Strength Potion"},{"floor":11.0,"key":"GamblersBrew"},{"floor":14.0,"key":"Fire Potion"},{"floor":20.0,"key":"Dexterity Potion"},{"floor":37.0,"key":"Swift Potion"},{"floor":41.0,"key":"Regen Potion"}],"is_trial":false,"path_per_floor":["M","$","M","M","M","E","R","E","T","R","M","M","E","M","R","B",null,"M","?","M","M","M","R","?","M","T","?","$","R","?","M","R","B",null,"M","?","M","M","$","E","M","E"],"character_chosen":"IRONCLAD","items_purchased":["Shrug It Off","Fire Potion","Art of War","Inflame","Armaments","Panacea"],"campfire_rested":1,"item_purchase_floors":[2,2,28,28,28,39],"current_hp_per_floor":[67,67,73,72,75,56,56,59,59,59,64,40,33,39,39,35,65,71,71,51,27,26,26,26,19,19,19,19,41,41,47,47,22,62,55,55,60,48,48,25,25,0],"gold":90,"neow_bonus":"ONE_RANDOM_RARE_CARD","is_prod":false,"is_daily":false,"chose_seed":false,"campfire_upgraded":5,"win_rate":0,"timestamp":1549313989,"path_taken":["M","$","M","M","M","E","R","E","T","R","M","M","E","M","R","BOSS","M","?","M","M","?","R","?","M","T","?","$","R","?","M","R","BOSS","M","?","M","M","$","E","M","E"],"build_version":"2019-01-23","purchased_purges":1,"victory":false,"max_hp_per_floor":[75,75,75,75,75,75,75,75,75,75,75,75,75,75,75,75,75,75,75,75,75,75,75,75,75,75,75,75,75,75,75,75,75,75,75,75,75,75,75,75,75,75],"card_choices":[{"not_picked":["Heavy Blade","Wild Strike"],"picked":"Iron Wave","floor":1.0},{"not_picked":["Perfected Strike","Dual Wield"],"picked":"Pommel Strike","floor":3.0},{"not_picked":["Dropkick","Anger"],"picked":"Metallicize","floor":4.0},{"not_picked":["Whirlwind","Wild Strike","Thunderclap"],"picked":"SKIP","floor":5.0},{"not_picked":["Clash","Dual Wield"],"picked":"Shrug It Off","floor":6.0},{"not_picked":["Wild Strike","Bludgeon"],"picked":"Sword Boomerang","floor":8.0},{"not_picked":["Shrug It Off","Hemokinesis","Anger"],"picked":"Pummel","floor":11.0},{"not_picked":["Shrug It Off","Carnage","Seeing Red"],"picked":"Metallicize","floor":12.0},{"not_picked":["Dark Embrace","Dropkick","Combust"],"picked":"Spot Weakness","floor":13.0},{"not_picked":["Heavy Blade","Fire Breathing","Shrug It Off"],"picked":"Reckless Charge","floor":14.0},{"not_picked":["Dropkick","Thunderclap","Headbutt"],"picked":"Clothesline","floor":18.0},{"not_picked":["Anger","Evolve","Warcry"],"picked":"Body Slam+1","floor":20.0},{"not_picked":["Sever Soul","Hemokinesis","Perfected Strike+1","Wild Strike"],"picked":"SKIP","floor":21.0},{"not_picked":["Thunderclap","Offering","Dropkick","Pommel Strike+1"],"picked":"SKIP","floor":22.0},{"not_picked":["Thunderclap","Dropkick","Pommel Strike+1"],"picked":"Offering","floor":22.0},{"not_picked":["Armaments","Pommel Strike","Wild Strike","Rampage"],"picked":"SKIP","floor":25.0},{"not_picked":["Uppercut","Armaments","Havoc+1"],"picked":"Shockwave","floor":31.0},{"not_picked":["Immolate","Offering","Dark Embrace"],"picked":"Fiend Fire","floor":33.0},{"not_picked":["Body Slam","Pommel Strike","Power Through"],"picked":"Headbutt","floor":35.0},{"not_picked":["True Grit","Fire Breathing","Wild Strike+1"],"picked":"Cleave","floor":37.0},{"not_picked":["Corruption","Havoc","Anger"],"picked":"True Grit","floor":38.0},{"not_picked":["Cleave+1","Power Through","Clothesline","Exhume"],"picked":"SKIP","floor":40.0},{"not_picked":["Reckless Charge","Clash","Rampage+1","Shrug It Off"],"picked":"SKIP","floor":41.0}],"player_experience":300622,"relics_obtained":[{"floor":6.0,"key":"Mummified Hand"},{"floor":8.0,"key":"Shuriken"},{"floor":9.0,"key":"Question Card"},{"floor":13.0,"key":"Ancient Tea Set"},{"floor":26.0,"key":"War Paint"},{"floor":40.0,"key":"Bottled Tornado"}],"event_choices":[{"damage_healed":0.0,"max_hp_gain":0.0,"max_hp_loss":0.0,"gold_gain":0.0,"event_name":"Designer","player_choice":"Upgrade","floor":19.0,"gold_loss":50.0,"damage_taken":0.0,"cards_upgraded":["Clothesline"]},{"cards_removed":["Strike_R"],"damage_healed":0.0,"max_hp_gain":0.0,"max_hp_loss":0.0,"gold_gain":0.0,"event_name":"Beggar","player_choice":"Gave Gold","floor":24.0,"gold_loss":75.0,"damage_taken":0.0},{"damage_healed":0.0,"max_hp_gain":0.0,"max_hp_loss":0.0,"gold_gain":50.0,"event_name":"Nest","player_choice":"Stole From Cult","floor":27.0,"gold_loss":0.0,"damage_taken":0.0},{"damage_healed":0.0,"max_hp_gain":0.0,"max_hp_loss":0.0,"gold_gain":0.0,"event_name":"Back to Basics","player_choice":"Simplicity","floor":30.0,"gold_loss":0.0,"damage_taken":0.0,"cards_upgraded":["Strike_R","Strike_R","Strike_R","Defend_R","Defend_R"]},{"damage_healed":0.0,"max_hp_gain":0.0,"max_hp_loss":0.0,"gold_gain":0.0,"event_name":"SecretPortal","player_choice":"Ignored","floor":36.0,"gold_loss":0.0,"damage_taken":0.0}],"is_beta":false,"boss_relics":[{"not_picked":["Sozu","Fusion Hammer"],"picked":"Philosopher\u0027s Stone"},{"not_picked":["Mark of Pain","Empty Cage"],"picked":"Black Blood"}],"items_purged_floors":[28],"is_endless":false,"potions_floor_spawned":[1,4,5,8,11,14,20,21,22,31,37,41],"killed_by":"Nemesis","ascension_level":15}