{"gold_per_floor":[11,31,48,48,223,223,70,89,89,102,102,102,115,131,131,131],"floor_reached":16,"playtime":748,"items_purged":[],"score":150,"play_id":"b77de0bb-0db7-469d-89f3-11ce6605f5f2","local_time":"20180808124251","is_ascension_mode":true,"campfire_choices":[{"data":"Zap","floor":6.0,"key":"SMITH"},{"data":"White Noise","floor":15,"key":"SMITH"}],"neow_cost":"NO_GOLD","seed_source_timestamp":0,"circlet_count":0,"master_deck":["Strike_B","Strike_B","Strike_B","Strike_B","Defend_B","Defend_B","Defend_B","Defend_B","Zap+1","Dualcast","AscendersBane","Conserve Battery","Conserve Battery","Capacitor","Regret","Doubt","Tempest","White Noise+1","Parasite","FTL","Ball Lightning"],"special_seed":0,"relics":["Cracked Core","Incense Burner","Ancient Tea Set","Bronze Scales","Kunai"],"potions_floor_usage":[16],"damage_taken":[{"damage":10.0,"enemies":"2 Louse","floor":1.0,"turns":3.0},{"damage":6.0,"enemies":"Small Slimes","floor":2.0,"turns":4.0},{"damage":0.0,"enemies":"Jaw Worm","floor":3.0,"turns":4.0},{"damage":6.0,"enemies":"Looter","floor":8.0,"turns":3.0},{"damage":11.0,"enemies":"Lots of Slimes","floor":10.0,"turns":3.0},{"damage":12,"enemies":"Exordium Wildlife","floor":13,"turns":5},{"damage":13,"enemies":"Blue Slaver","floor":14,"turns":3},{"damage":39,"enemies":"Slime Boss","floor":16,"turns":7}],"seed_played":"-3558580923937384303","potions_obtained":[{"floor":1.0,"key":"PowerPotion"},{"floor":2.0,"key":"Dexterity Potion"}],"is_trial":false,"path_per_floor":["M","M","M","?","?","R","$","M","T","M","?","?","M","M","R"],"character_chosen":"DEFECT","items_purchased":["Bronze Scales"],"campfire_rested":0,"item_purchase_floors":[7],"current_hp_per_floor":[58,52,52,52,52,52,52,46,46,42,60,60,48,35,35,0],"gold":131,"neow_bonus":"ONE_RARE_RELIC","is_prod":false,"is_daily":false,"chose_seed":false,"campfire_upgraded":2,"win_rate":0,"timestamp":1533757371,"path_taken":["M","M","M","?","?","R","?","?","T","?","?","?","M","M","R","BOSS"],"build_version":"2018-08-02","purchased_purges":0,"victory":false,"max_hp_per_floor":[75,75,75,75,75,75,75,75,75,75,75,75,75,75,75,75],"card_choices":[{"not_picked":["Scrape","Beam Cell"],"picked":"Conserve Battery","floor":1.0},{"not_picked":["Turbo","Heatsinks"],"picked":"Conserve Battery","floor":2.0},{"not_picked":["Sweeping Beam","Redo"],"picked":"Capacitor","floor":3.0},{"not_picked":["Self Repair","Barrage"],"picked":"Tempest","floor":8.0},{"not_picked":["Lockon","Self Repair"],"picked":"White Noise","floor":10.0},{"not_picked":["Hologram","Storm"],"picked":"FTL","floor":13},{"not_picked":["Stack","Compile Driver"],"picked":"Ball Lightning","floor":14}],"player_experience":724343,"relics_obtained":[{"floor":9.0,"key":"Kunai"}],"event_choices":[{"event_name":"Big Fish","player_choice":"Box","floor":4.0,"damage_taken":0.0},{"event_name":"Liars Game","player_choice":"agreed","floor":5.0,"damage_taken":0.0},{"event_name":"Mushrooms","player_choice":"Healed and dodged fight","floor":11.0,"damage_taken":0.0},{"event_name":"Dead Adventurer","player_choice":"Searched \u00270\u0027 times","floor":12,"damage_taken":0}],"is_beta":false,"boss_relics":[],"items_purged_floors":[],"is_endless":false,"potions_floor_spawned":[1,2,8],"killed_by":"Slime Boss","ascension_level":12}