{"gold_per_floor":[112,112,129,147,162,162,189,201,239,287,299,331,343,355,367,477,489,520,551,563,575,608,620],"floor_reached":23,"playtime":893,"items_purged":[],"score":372,"play_id":"0eae0337-6c0b-420f-8632-e0b55bb9e968","local_time":"20181110164512","is_ascension_mode":true,"campfire_choices":[{"data":"Zap","floor":6.0,"key":"SMITH"},{"floor":11.0,"key":"REST"},{"data":"Dualcast","floor":13.0,"key":"SMITH"},{"data":"Ball Lightning","floor":15.0,"key":"SMITH"}],"neow_cost":"NONE","seed_source_timestamp":0,"circlet_count":0,"master_deck":["AscendersBane","Strike_B","Strike_B","Defend_B","Defend_B","Defend_B","Defend_B","Zap+1","Dualcast+1","Conserve Battery","Go for the Eyes+1","Ball Lightning+1","Injury","Cold Snap","Biased Cognition","Hologram","Loop","Loop","Capacitor","Capacitor"],"special_seed":0,"relics":["Cracked Core","Lantern","Anchor","MawBank","Golden Idol","Oddly Smooth Stone","Meat on the Bone","Cursed Key"],"potions_floor_usage":[22,23,23],"damage_taken":[{"damage":4.0,"enemies":"Jaw Worm","floor":1.0,"turns":3.0},{"damage":0.0,"enemies":"2 Louse","floor":3.0,"turns":2.0},{"damage":1.0,"enemies":"Cultist","floor":4.0,"turns":4.0},{"damage":1.0,"enemies":"Looter","floor":5.0,"turns":3.0},{"damage":23.0,"enemies":"Gremlin Nob","floor":7.0,"turns":4.0},{"damage":19.0,"enemies":"Lagavulin","floor":10.0,"turns":8.0},{"damage":0.0,"enemies":"3 Louse","floor":12.0,"turns":2.0},{"damage":13.0,"enemies":"The Guardian","floor":16.0,"turns":13.0},{"damage":15.0,"enemies":"Chosen","floor":18.0,"turns":5.0},{"damage":19.0,"enemies":"Shell Parasite","floor":19.0,"turns":7.0},{"damage":4,"enemies":"Centurion and Healer","floor":22,"turns":10},{"damage":39,"enemies":"Gremlin Leader","floor":23,"turns":4}],"seed_played":"1651488569753925312","potions_obtained":[{"floor":3.0,"key":"FearPotion"},{"floor":10.0,"key":"Block Potion"},{"floor":16.0,"key":"Block Potion"},{"floor":19.0,"key":"FocusPotion"},{"floor":22,"key":"FocusPotion"}],"is_trial":false,"path_per_floor":["M","?","M","M","M","R","E","?","T","E","R","M","R","?","R","B",null,"M","M","?","?","M","E"],"character_chosen":"DEFECT","items_purchased":[],"campfire_rested":1,"item_purchase_floors":[],"current_hp_per_floor":[60,55,55,54,53,53,30,30,30,11,32,44,44,44,44,43,64,49,42,42,42,38,0],"gold":620,"neow_bonus":"RANDOM_COMMON_RELIC","is_prod":false,"is_daily":false,"chose_seed":false,"campfire_upgraded":3,"win_rate":0,"timestamp":1541897112,"path_taken":["M","?","M","M","M","R","E","?","T","E","R","M","R","?","R","BOSS","M","?","?","?","M","E"],"build_version":"2018-11-08","purchased_purges":0,"victory":false,"max_hp_per_floor":[71,71,71,71,71,71,71,71,71,71,71,71,71,71,71,71,71,71,71,71,71,71,71],"card_choices":[{"not_picked":["Ball Lightning","Leap"],"picked":"Conserve Battery","floor":1.0},{"not_picked":["Fission","Fusion"],"picked":"Go for the Eyes","floor":3.0},{"not_picked":["Genetic Algorithm","Recycle"],"picked":"Ball Lightning","floor":4.0},{"not_picked":["Streamline","Reprogram","Turbo"],"picked":"SKIP","floor":5.0},{"not_picked":["Sweeping Beam","Rebound","Beam Cell"],"picked":"SKIP","floor":7.0},{"not_picked":["Barrage","Undo","Gash"],"picked":"SKIP","floor":10.0},{"not_picked":["Reinforced Body","Conserve Battery"],"picked":"Cold Snap","floor":12.0},{"not_picked":["Creative AI","Thunder Strike"],"picked":"Biased Cognition","floor":16.0},{"not_picked":["Scrape","Beam Cell","Compile Driver"],"picked":"SKIP","floor":18.0},{"not_picked":["Compile Driver","Gash"],"picked":"Hologram","floor":19.0},{"not_picked":["Heatsinks+1","Ball Lightning"],"picked":"Capacitor","floor":22}],"player_experience":1047809,"relics_obtained":[{"floor":7.0,"key":"MawBank"},{"floor":9.0,"key":"Oddly Smooth Stone"},{"floor":10.0,"key":"Meat on the Bone"}],"event_choices":[{"damage_healed":0.0,"max_hp_gain":0.0,"max_hp_loss":0.0,"gold_gain":0.0,"event_name":"Scrap Ooze","player_choice":"Success","floor":2.0,"gold_loss":0.0,"damage_taken":5.0,"relics_obtained":["Anchor"]},{"damage_healed":0.0,"max_hp_gain":0.0,"max_hp_loss":0.0,"gold_gain":0.0,"event_name":"Golden Idol","player_choice":"Take Wound","floor":8.0,"gold_loss":0.0,"damage_taken":0.0,"relics_obtained":["Golden Idol"],"cards_obtained":["Injury"]},{"damage_healed":0.0,"max_hp_gain":0.0,"max_hp_loss":0.0,"gold_gain":0.0,"event_name":"Upgrade Shrine","player_choice":"Upgraded","floor":14.0,"gold_loss":0.0,"damage_taken":0.0,"cards_upgraded":["Go for the Eyes"]},{"damage_healed":0.0,"max_hp_gain":0.0,"max_hp_loss":0.0,"gold_gain":0.0,"cards_transformed":["Strike_B","Strike_B"],"event_name":"Drug Dealer","player_choice":"Became Test Subject","floor":20.0,"gold_loss":0.0,"damage_taken":0.0,"cards_obtained":["Loop","Loop"]},{"damage_healed":0.0,"max_hp_gain":0.0,"max_hp_loss":0.0,"gold_gain":0.0,"event_name":"The Library","player_choice":"Read","floor":21.0,"gold_loss":0.0,"damage_taken":0.0,"cards_obtained":["Capacitor"]}],"is_beta":false,"boss_relics":[{"not_picked":["Eternal Feather","Astrolabe"],"picked":"Cursed Key"}],"items_purged_floors":[],"is_endless":false,"potions_floor_spawned":[3,10,16,19,22],"killed_by":"Gremlin Leader","ascension_level":17}