{"gold_per_floor":[116,133,147,165,40,74,74,107,152,152,174,194,208,51,51,146,146,161,161,172,94,94,121,121,521,521,521,521,537,571,82,82,182,182,197,197,197,251,0,32,32,63,63,63,63,80,100,112,112,112],"floor_reached":50,"playtime":2630,"items_purged":["Defend_R","Strike_R"],"score":596,"play_id":"29d7a440-d62c-4e65-a15b-a0a5468276fb","local_time":"20190428053435","is_ascension_mode":false,"campfire_choices":[{"data":"Shockwave","floor":7.0,"key":"SMITH"},{"data":"True Grit","floor":10.0,"key":"SMITH"},{"data":"Clothesline","floor":15.0,"key":"SMITH"},{"data":"Demon Form","floor":24.0,"key":"SMITH"},{"floor":27.0,"key":"REST"},{"floor":32,"key":"REST"},{"floor":45,"key":"REST"},{"data":"Flame Barrier","floor":49,"key":"SMITH"}],"neow_cost":"NONE","seed_source_timestamp":64982390175808,"circlet_count":0,"master_deck":["Strike_R","Strike_R","Strike_R","Strike_R","Defend_R","Defend_R","Bash","Flame Barrier+1","Shrug It Off","Flame Barrier","Shockwave+1","True Grit+1","Iron Wave","Battle Trance","Clothesline+1","Demon Form+1","Metallicize+1","Disarm","Sword Boomerang+1","Ghostly Armor","Disarm","Sword Boomerang+1","Headbutt+1","Reaper+1","Decay","Uppercut+1","Reaper+1","Flame Barrier","Shrug It Off+1","Parasite","Heavy Blade+1"],"special_seed":0,"relics":["Burning Blood","Boot","Pen Nib","Shuriken","Juzu Bracelet","Odd Mushroom","Sozu","Nilry\u0027s Codex","WingedGreaves","Old Coin","Pantograph","Magic Flower","Molten Egg 2","Turnip","Snecko Eye","Mango","Red Mask","Incense Burner","Prayer Wheel","Thread and Needle"],"potions_floor_usage":[],"damage_taken":[{"damage":1.0,"enemies":"Jaw Worm","floor":1.0,"turns":4.0},{"damage":1.0,"enemies":"Cultist","floor":2.0,"turns":4.0},{"damage":0.0,"enemies":"2 Louse","floor":3.0,"turns":3.0},{"damage":8.0,"enemies":"Lots of Slimes","floor":4.0,"turns":6.0},{"damage":45.0,"enemies":"3 Sentries","floor":6.0,"turns":16.0},{"damage":16.0,"enemies":"Lagavulin","floor":8.0,"turns":12.0},{"damage":9.0,"enemies":"The Mushroom Lair","floor":11.0,"turns":8.0},{"damage":4.0,"enemies":"2 Fungi Beasts","floor":12.0,"turns":3.0},{"damage":9.0,"enemies":"Exordium Thugs","floor":13.0,"turns":11.0},{"damage":20.0,"enemies":"The Guardian","floor":16.0,"turns":18.0},{"damage":0.0,"enemies":"3 Byrds","floor":18.0,"turns":2.0},{"damage":7.0,"enemies":"Chosen","floor":20.0,"turns":6.0},{"damage":18.0,"enemies":"Book of Stabbing","floor":23.0,"turns":7.0},{"damage":10.0,"enemies":"Colosseum Slavers","floor":25.0,"turns":5.0},{"damage":33.0,"enemies":"Colosseum Nobs","floor":25.0,"turns":4.0},{"damage":9,"enemies":"Shelled Parasite and Fungi","floor":29,"turns":6},{"damage":28,"enemies":"Slavers","floor":30,"turns":7},{"damage":6,"enemies":"Champ","floor":33,"turns":9},{"damage":10,"enemies":"3 Shapes","floor":35,"turns":4},{"damage":16,"enemies":"2 Orb Walkers","floor":38,"turns":4},{"damage":0,"enemies":"Nemesis","floor":40,"turns":5},{"damage":82,"enemies":"Reptomancer","floor":42,"turns":5},{"damage":0,"enemies":"Orb Walker","floor":46,"turns":3},{"damage":0,"enemies":"Writhing Mass","floor":47,"turns":5},{"damage":11,"enemies":"Maw","floor":48,"turns":8},{"damage":0,"enemies":"Donu and Deca","floor":50,"turns":1}],"seed_played":"8868677984166351863","potions_obtained":[{"floor":6.0,"key":"Energy Potion"},{"floor":13.0,"key":"Energy Potion"},{"floor":16.0,"key":"Weak Potion"}],"is_trial":false,"path_per_floor":["M","M","M","M","?","E","R","E","T","R","?","M","M","$","R","B",null,"M","?","M","$","?","E","R","?","T","R","?","M","E","$","R","B",null,"M","?","?","?","?","E","?","E","T","$","R","M","M","M","R","B"],"character_chosen":"IRONCLAD","items_purchased":["Battle Trance","Clothesline","Disarm","Sword Boomerang+1","Headbutt+1","Turnip"],"campfire_rested":3,"item_purchase_floors":[14,14,21,31,31,31],"current_hp_per_floor":[80,80,80,78,78,39,39,29,29,29,26,28,25,25,25,11,80,80,64,63,63,63,51,51,20,20,44,44,44,25,25,49,80,80,80,80,80,87,87,94,89,16,16,16,42,69,89,89,89,89],"gold":112,"neow_bonus":"RANDOM_COMMON_RELIC","is_prod":false,"is_daily":false,"chose_seed":false,"campfire_upgraded":5,"win_rate":0,"timestamp":1556454875,"path_taken":["M","M","M","M","?","E","R","E","T","R","?","M","M","$","R","BOSS","M","?","M","$","?","E","R","?","T","R","?","M","E","?","R","BOSS","M","?","?","?","?","E","?","E","T","$","R","M","M","M","R","BOSS"],"build_version":"2019-01-23","purchased_purges":2,"victory":false,"max_hp_per_floor":[80,80,80,80,80,80,80,80,80,80,80,80,80,80,80,80,80,80,80,80,80,80,80,80,80,80,80,80,80,80,80,80,80,80,80,80,80,94,94,94,89,89,89,89,89,89,89,89,89,89],"card_choices":[{"not_picked":["Twin Strike","Shrug It Off"],"picked":"Flame Barrier","floor":1.0},{"not_picked":["Body Slam","Pommel Strike","Rampage"],"picked":"SKIP","floor":2.0},{"not_picked":["Uppercut","Searing Blow"],"picked":"Shrug It Off","floor":3.0},{"not_picked":["Second Wind","Twin Strike"],"picked":"Flame Barrier","floor":4.0},{"not_picked":["Body Slam","Cleave"],"picked":"Shockwave","floor":6.0},{"not_picked":["Body Slam","Thunderclap"],"picked":"True Grit","floor":8.0},{"not_picked":["True Grit","Rage"],"picked":"Iron Wave","floor":12.0},{"not_picked":["Second Wind","Rampage","Berserk"],"picked":"SKIP","floor":13.0},{"not_picked":["Feed","Brutality"],"picked":"Demon Form","floor":16.0},{"not_picked":["Armaments+1","Fire Breathing","Perfected Strike"],"picked":"SKIP","floor":18.0},{"not_picked":["Shrug It Off","Dual Wield"],"picked":"Metallicize+1","floor":20.0},{"not_picked":["Clothesline","Pommel Strike+1","Carnage"],"picked":"SKIP","floor":23.0},{"not_picked":["Intimidate+1","Shrug It Off"],"picked":"Sword Boomerang+1","floor":25.0},{"not_picked":["Berserk","Headbutt"],"picked":"Ghostly Armor","floor":29},{"not_picked":["Shrug It Off","Havoc"],"picked":"Disarm","floor":30},{"not_picked":["Fiend Fire+1","Impervious"],"picked":"Reaper+1","floor":33},{"not_picked":["Battle Trance+1","Twin Strike+1","Armaments"],"picked":"SKIP","floor":35},{"not_picked":["Twin Strike+1","Fire Breathing+1"],"picked":"Uppercut+1","floor":38},{"not_picked":["Hemokinesis+1","Body Slam+1","Dropkick+1"],"picked":"SKIP","floor":40},{"not_picked":["Cleave+1","Headbutt+1"],"picked":"Reaper+1","floor":42},{"not_picked":["Shrug It Off+1","Seeing Red"],"picked":"Flame Barrier","floor":46},{"not_picked":["Flex","Rage+1","Shrug It Off+1"],"picked":"SKIP","floor":46},{"not_picked":["Flex","Rage+1"],"picked":"Shrug It Off+1","floor":46},{"not_picked":["Dropkick+1","Rage"],"picked":"Heavy Blade+1","floor":47},{"not_picked":["Wild Strike+1","Entrench+1","Body Slam+1"],"picked":"SKIP","floor":47},{"not_picked":["Battle Trance+1","Infernal Blade","Searing Blow+1"],"picked":"SKIP","floor":48},{"not_picked":["Cleave+1","Headbutt+1","Body Slam+1"],"picked":"SKIP","floor":48}],"player_experience":1281208,"relics_obtained":[{"floor":6.0,"key":"Shuriken"},{"floor":8.0,"key":"Juzu Bracelet"},{"floor":11.0,"key":"Odd Mushroom"},{"floor":19.0,"key":"Nilry\u0027s Codex"},{"floor":23.0,"key":"WingedGreaves"},{"floor":25.0,"key":"Old Coin"},{"floor":25.0,"key":"Pantograph"},{"floor":26.0,"key":"Magic Flower"},{"floor":30,"key":"Molten Egg 2"},{"floor":38,"key":"Mango"},{"floor":40,"key":"Incense Burner"},{"floor":42,"key":"Prayer Wheel"},{"floor":43,"key":"Thread and Needle"}],"event_choices":[{"damage_healed":0.0,"max_hp_gain":0.0,"max_hp_loss":0.0,"gold_gain":0.0,"event_name":"WeMeetAgain","player_choice":"Paid Gold","floor":5.0,"gold_loss":125.0,"damage_taken":0.0,"relics_obtained":["Pen Nib"]},{"damage_healed":0.0,"max_hp_gain":0.0,"max_hp_loss":0.0,"gold_gain":0.0,"event_name":"Mushrooms","player_choice":"Fought Mushrooms","floor":11.0,"gold_loss":0.0,"damage_taken":0.0},{"damage_healed":0.0,"max_hp_gain":0.0,"max_hp_loss":0.0,"gold_gain":0.0,"event_name":"Cursed Tome","player_choice":"Obtained Book","floor":19.0,"gold_loss":0.0,"damage_taken":16.0},{"cards_removed":["Defend_R"],"damage_healed":0.0,"max_hp_gain":0.0,"max_hp_loss":0.0,"gold_gain":0.0,"event_name":"Bonfire Elementals","player_choice":"Offered Basic","floor":22.0,"gold_loss":0.0,"damage_taken":0.0},{"damage_healed":0.0,"max_hp_gain":0.0,"max_hp_loss":0.0,"gold_gain":0.0,"event_name":"Colosseum","player_choice":"Fight","floor":25.0,"gold_loss":0.0,"damage_taken":0.0},{"damage_healed":0.0,"max_hp_gain":0.0,"max_hp_loss":0.0,"gold_gain":0.0,"event_name":"Colosseum","player_choice":"Fought Nobs","floor":25.0,"gold_loss":0.0,"damage_taken":0.0},{"damage_healed":0,"gold_gain":0,"player_choice":"Bought 0 Potions","damage_taken":0,"max_hp_gain":0,"max_hp_loss":0,"event_name":"The Woman in Blue","floor":28,"gold_loss":0},{"damage_healed":0,"gold_gain":0,"player_choice":"Cursed","damage_taken":0,"max_hp_gain":0,"max_hp_loss":0,"event_name":"Wheel of Change","floor":36,"gold_loss":0,"cards_obtained":["Decay"]},{"damage_healed":0,"gold_gain":0,"player_choice":"Memory 1","damage_taken":0,"max_hp_gain":0,"max_hp_loss":0,"event_name":"SensoryStone","floor":37,"gold_loss":0},{"damage_healed":0,"gold_gain":0,"player_choice":"Fight","damage_taken":0,"max_hp_gain":0,"max_hp_loss":0,"event_name":"Mysterious Sphere","floor":38,"gold_loss":0},{"damage_healed":0,"gold_gain":0,"player_choice":"Paid","damage_taken":0,"relics_obtained":["Red Mask"],"max_hp_gain":0,"max_hp_loss":0,"event_name":"Tomb of Lord Red Mask","floor":39,"gold_loss":251},{"damage_healed":0,"gold_gain":0,"player_choice":"Max HP","damage_taken":0,"max_hp_gain":0,"max_hp_loss":5,"event_name":"Winding Halls","floor":41,"gold_loss":0}],"is_beta":false,"boss_relics":[{"not_picked":["Lizard Tail","Runic Pyramid"],"picked":"Sozu"},{"not_picked":["Mark of Pain","Cursed Key"],"picked":"Snecko Eye"}],"items_purged_floors":[14,31],"is_endless":false,"potions_floor_spawned":[6,13,16,25,30,33,35,38,46,48],"killed_by":"Donu and Deca","ascension_level":0}