{"gold_per_floor":[112,126,142,142,155,155,187,187,187,237,237,287,304,331,331,331],"floor_reached":16,"playtime":679,"items_purged":[],"score":193,"play_id":"fb24f902-1b38-470d-b90a-ea089eca71fd","local_time":"20180825111159","is_ascension_mode":true,"campfire_choices":[{"data":"Bash","floor":6,"key":"SMITH"},{"data":"Flame Barrier","floor":8,"key":"SMITH"},{"floor":11,"key":"REST"},{"data":"True Grit","floor":15,"key":"SMITH"}],"neow_cost":"","seed_source_timestamp":757015144481,"circlet_count":0,"master_deck":["Strike_R","Strike_R","Strike_R","Strike_R","Defend_R","Defend_R+1","Defend_R","Defend_R","Bash+1","AscendersBane","Wild Strike","Evolve+1","Flame Barrier+1","Ghostly Armor","Armaments","Pommel Strike","True Grit+1","Ghostly Armor"],"relics":["Burning Blood","SsserpentHead","Mummified Hand","Calipers","Ginger"],"potions_floor_usage":[14,14],"damage_taken":[{"damage":3,"enemies":"2 Louse","floor":1,"turns":3},{"damage":11,"enemies":"Cultist","floor":2,"turns":4},{"damage":12,"enemies":"Jaw Worm","floor":3,"turns":3},{"damage":10,"enemies":"Looter","floor":5,"turns":5},{"damage":20,"enemies":"3 Sentries","floor":7,"turns":12},{"damage":0,"enemies":"3 Louse","floor":13,"turns":3},{"damage":25,"enemies":"Gremlin Nob","floor":14,"turns":5},{"damage":29,"enemies":"Hexaghost","floor":16,"turns":12}],"seed_played":"3996023124686993558","potions_obtained":[{"floor":3,"key":"Weak Potion"},{"floor":7,"key":"Block Potion"},{"floor":14,"key":"Block Potion"}],"is_trial":false,"path_per_floor":["M","M","M","?","M","R","E","R","T","?","R","?","M","E","R"],"character_chosen":"IRONCLAD","items_purchased":[],"campfire_rested":1,"item_purchase_floors":[],"current_hp_per_floor":[71,66,60,60,56,56,42,42,42,19,41,41,47,28,28,0],"gold":331,"neow_bonus":"","is_prod":false,"is_daily":false,"chose_seed":false,"campfire_upgraded":3,"win_rate":0,"timestamp":1535220719,"path_taken":["M","M","M","?","M","R","E","R","T","?","R","?","M","E","R","BOSS"],"build_version":"2018-08-23v2","purchased_purges":0,"victory":false,"max_hp_per_floor":[75,75,75,75,75,75,75,75,75,75,75,75,75,75,75,75],"card_choices":[{"not_picked":["Headbutt","Intimidate"],"picked":"Wild Strike","floor":1},{"not_picked":["Second Wind","Hemokinesis"],"picked":"Evolve","floor":2},{"not_picked":["Corruption","Seeing Red"],"picked":"Flame Barrier","floor":3},{"not_picked":["Fire Breathing","Armaments"],"picked":"Ghostly Armor","floor":5},{"not_picked":["Warcry","Fiend Fire"],"picked":"Armaments","floor":7},{"not_picked":["Sword Boomerang","Heavy Blade"],"picked":"True Grit","floor":13},{"not_picked":["Flex","True Grit"],"picked":"Ghostly Armor","floor":14}],"player_experience":793650,"relics_obtained":[{"floor":7,"key":"Mummified Hand"},{"floor":9,"key":"Calipers"},{"floor":14,"key":"Ginger"}],"event_choices":[{"event_name":"FaceTrader","player_choice":"Trade","floor":4,"damage_taken":0},{"event_name":"Shining Light","player_choice":"Entered Light","floor":10,"damage_taken":0},{"event_name":"Transmorgrifier","player_choice":"Transform","floor":12,"damage_taken":0}],"is_beta":false,"boss_relics":[],"items_purged_floors":[],"is_endless":false,"potions_floor_spawned":[3,7,13,14],"killed_by":"Hexaghost","ascension_level":15}