{"gold_per_floor":[115,129,140,140,140,170,170,190,190,209,223,235,249,249],"floor_reached":14,"playtime":1028,"items_purged":[],"score":96,"play_id":"fac6c524-3936-4f3d-a0af-163a9e39b798","local_time":"20190415003126","is_ascension_mode":false,"campfire_choices":[{"data":"Blizzard","floor":7,"key":"SMITH"}],"neow_cost":"NONE","seed_source_timestamp":366258624416213,"circlet_count":0,"master_deck":["Strike_B","Defend_B","Defend_B","Defend_B","Defend_B","Zap","Dualcast","Reinforced Body","Chill","Compile Driver","Steam Power","Hologram","Iron Wave","Blizzard+1","Defragment","Defragment","Heatsinks","Steam Power","Glacier"],"relics":["Cracked Core","Pear","Dodecahedron"],"potions_floor_usage":[14],"damage_taken":[{"damage":6,"enemies":"2 Louse","floor":1,"turns":3},{"damage":0,"enemies":"Jaw Worm","floor":2,"turns":4},{"damage":0,"enemies":"Cultist","floor":3,"turns":3},{"damage":24,"enemies":"3 Sentries","floor":6,"turns":10},{"damage":0,"enemies":"Lots of Slimes","floor":8,"turns":2},{"damage":0,"enemies":"Gremlin Gang","floor":10,"turns":4},{"damage":3,"enemies":"2 Fungi Beasts","floor":11,"turns":3},{"damage":13,"enemies":"Blue Slaver","floor":12,"turns":4},{"damage":0,"enemies":"Large Slime","floor":13,"turns":5},{"damage":43,"enemies":"Gremlin Nob","floor":14,"turns":6}],"seed_played":"9140088984353034082","potions_obtained":[{"floor":3,"key":"AttackPotion"},{"floor":8,"key":"PowerPotion"},{"floor":11,"key":"AttackPotion"}],"is_trial":false,"path_per_floor":["M","M","M","?","?","E","R","M","T","M","M","M","M","E"],"character_chosen":"DEFECT","items_purchased":[],"campfire_rested":0,"item_purchase_floors":[],"current_hp_per_floor":[69,69,69,69,69,55,55,55,55,55,52,39,39,0],"gold":249,"neow_bonus":"TRANSFORM_CARD","is_prod":false,"is_daily":false,"chose_seed":false,"campfire_upgraded":1,"win_rate":0.0,"timestamp":1555302686,"path_taken":["M","M","M","?","?","E","R","?","T","M","M","?","?","E"],"build_version":"2019-01-23","purchased_purges":0,"victory":false,"max_hp_per_floor":[75,75,75,75,75,85,85,85,85,85,85,85,85,85],"card_choices":[{"not_picked":["Gash","Force Field"],"picked":"Chill","floor":1},{"not_picked":["Hologram","Barrage"],"picked":"Compile Driver","floor":2},{"not_picked":["Streamline","Go for the Eyes"],"picked":"Steam Power","floor":3},{"not_picked":["Ball Lightning","BootSequence"],"picked":"Blizzard","floor":6},{"not_picked":["Steam","Ball Lightning"],"picked":"Defragment","floor":8},{"not_picked":["Conserve Battery","Ball Lightning"],"picked":"Defragment","floor":10},{"not_picked":["Conserve Battery","Chaos"],"picked":"Heatsinks","floor":11},{"not_picked":["Redo","Barrage"],"picked":"Steam Power","floor":12},{"not_picked":["Go for the Eyes","Rebound"],"picked":"Glacier","floor":13}],"player_experience":7170,"relics_obtained":[{"floor":6,"key":"Pear"},{"floor":9,"key":"Dodecahedron"}],"event_choices":[{"damage_healed":0,"gold_gain":0,"cards_transformed":["Strike_B"],"player_choice":"Change","damage_taken":0,"max_hp_gain":0,"max_hp_loss":0,"event_name":"Living Wall","floor":4,"gold_loss":0,"cards_obtained":["Hologram"]},{"cards_removed":["Strike_B"],"damage_healed":0,"gold_gain":0,"player_choice":"Took Card","damage_taken":0,"max_hp_gain":0,"max_hp_loss":0,"event_name":"NoteForYourself","floor":5,"gold_loss":0,"cards_obtained":["Iron Wave"]}],"is_beta":false,"boss_relics":[],"items_purged_floors":[],"is_endless":false,"potions_floor_spawned":[3,8,11],"killed_by":"Gremlin Nob","ascension_level":0}