{"path_per_floor":["M","M","?","M","?","R","E","M","T","?","R","?","M","M","R","B",null,"M","M","?","?","M","E","R","M","T","M","$","M","?","E","R","B",null,"M","T","$","M","M","R","?","E","T","E","M","R","$","M","R","B"],"character_chosen":"IRONCLAD","items_purchased":["Metallicize","Iron Wave"],"gold_per_floor":[15,30,30,50,50,50,85,110,133,111,111,111,134,152,152,278,278,278,278,278,278,278,278,278,278,278,278,132,132,132,132,132,132,132,132,132,8,8,8,8,8,8,8,8,8,8,8,8,8,8],"floor_reached":51,"campfire_rested":1,"playtime":7140,"current_hp_per_floor":[80,78,78,80,60,60,53,54,54,54,54,38,44,50,50,19,80,80,80,80,80,80,44,44,47,57,63,63,62,62,72,72,20,90,90,90,90,63,65,65,65,51,51,39,44,44,44,47,89,32],"items_purged":["Strike_R","Heavy Blade"],"gold":8,"score":549,"play_id":"07378dcb-16f4-493f-bb30-2ed5628658a1","is_prod":false,"is_daily":false,"is_ascension_mode":false,"campfire_upgraded":7,"path_taken":["M","M","?","M","?","R","E","M","T","?","R","?","?","?","R","BOSS","M","M","?","?","M","E","R","M","T","?","$","M","?","E","R","BOSS","M","?","$","?","M","R","?","E","T","E","M","R","$","M","R","BOSS"],"build_version":"2018-02-22-PROD1","purchased_purges":2,"victory":true,"master_deck":["Strike_R+1","Defend_R+1","Defend_R","Defend_R+1","Defend_R","Bash+1","Cleave+1","Armaments+1","Dropkick","Seeing Red+1","Shrug It Off+1","Bludgeon","Metallicize+1","Shockwave+1","Warcry","Ghostly Armor","Iron Wave+1","Rampage","Metallicize+1","Whirlwind","Bludgeon","Carnage+1","Metallicize+1","Iron Wave","Intimidate","Berserk"],"max_hp_per_floor":[80,80,80,80,80,80,80,80,80,80,80,80,80,80,80,80,80,80,80,80,80,80,80,80,80,90,90,90,90,90,90,90,90,90,90,90,90,90,90,90,90,90,90,90,90,90,90,90,90,90],"relics":["Burning Blood","Bloody Idol","Bag of Preparation","War Paint","Ectoplasm","Prayer Wheel","Pear","Bag of Marbles","Velvet Choker","Happy Flower","Ice Cream","Regal Pillow","Old Coin"],"card_choices":[{"not_picked":["Evolve","Perfected Strike"],"picked":"Cleave"},{"not_picked":["Limit Break","True Grit"],"picked":"Armaments"},{"not_picked":["Anger","Havoc"],"picked":"Dropkick"},{"not_picked":["Battle Trance","Clothesline"],"picked":"Seeing Red"},{"not_picked":["Cleave","Havoc"],"picked":"Shrug It Off"},{"not_picked":["Berserk","Dark Embrace"],"picked":"Bludgeon"},{"not_picked":["Pummel","Infernal Blade"],"picked":"Shockwave"},{"not_picked":["True Grit","Armaments"],"picked":"Warcry"},{"not_picked":["Sentinel","Wild Strike"],"picked":"Ghostly Armor"},{"not_picked":["Entrench","Heavy Blade"],"picked":"Iron Wave"},{"not_picked":["Intimidate","Rupture"],"picked":"Rampage"},{"not_picked":["Havoc","Rage"],"picked":"Whirlwind"},{"not_picked":["Limit Break","Immolate"],"picked":"Bludgeon"},{"not_picked":["Armaments","Burning Pact"],"picked":"Carnage"},{"not_picked":["Shrug It Off","Entrench"],"picked":"Metallicize"},{"not_picked":["Battle Trance","Clash"],"picked":"Intimidate"},{"not_picked":["Perfected Strike","Pummel"],"picked":"Berserk"}],"player_experience":51141,"potions_floor_usage":[7,16,31,33,33,42,42,50,50,50],"damage_taken":[{"damage":2,"enemies":"Cultist","floor":1,"turns":6},{"damage":8,"enemies":"2 Louse","floor":2,"turns":3},{"damage":2,"enemies":"Jaw Worm","floor":4,"turns":5},{"damage":13,"enemies":"Gremlin Nob","floor":7,"turns":4},{"damage":5,"enemies":"Looter","floor":8,"turns":3},{"damage":0,"enemies":"2 Fungi Beasts","floor":13,"turns":2},{"damage":0,"enemies":"3 Louse","floor":14,"turns":2},{"damage":37,"enemies":"The Guardian","floor":16,"turns":17},{"damage":4,"enemies":"Shell Parasite","floor":18,"turns":7},{"damage":0,"enemies":"Chosen","floor":19,"turns":2},{"damage":0,"enemies":"Snecko","floor":22,"turns":4},{"damage":42,"enemies":"Slavers","floor":23,"turns":10},{"damage":3,"enemies":"Centurion and Healer","floor":25,"turns":4},{"damage":0,"enemies":"Chosen and Byrds","floor":27,"turns":5},{"damage":7,"enemies":"Slaver and Parasite","floor":29,"turns":7},{"damage":2,"enemies":"Book of Stabbing","floor":31,"turns":5},{"damage":58,"enemies":"Collector","floor":33,"turns":12},{"damage":3,"enemies":"Orb Walker","floor":35,"turns":4},{"damage":33,"enemies":"3 Shapes","floor":38,"turns":3},{"damage":4,"enemies":"Maw","floor":39,"turns":7},{"damage":20,"enemies":"Giant Head","floor":42,"turns":9},{"damage":18,"enemies":"Nemesis","floor":44,"turns":9},{"damage":1,"enemies":"3 Darklings","floor":45,"turns":5},{"damage":3,"enemies":"4 Shapes","floor":48,"turns":7},{"damage":63,"enemies":"Donu and Deca","floor":50,"turns":10}],"event_choices":[{"event_name":"Upgrade Shrine","player_choice":"Upgraded","floor":3,"damage_taken":0},{"event_name":"Golden Idol","player_choice":"Take Damage","floor":5,"damage_taken":0},{"event_name":"World of Goop","player_choice":"Left","floor":10,"damage_taken":0},{"event_name":"Shining Light","player_choice":"Entered Light","floor":12,"damage_taken":0},{"event_name":"The Library","player_choice":"Read","floor":20,"damage_taken":0},{"event_name":"Forgotten Altar","player_choice":"Gave Idol","floor":21,"damage_taken":0},{"event_name":"Transmorgrifier","player_choice":"Transform","floor":30,"damage_taken":0},{"event_name":"The Lab","player_choice":"Got Potions","floor":41,"damage_taken":0}],"boss_relics":[{"not_picked":["Tiny House","Snecko Eye"],"picked":"Ectoplasm"},{"not_picked":["Runic Pyramid","Black Blood"],"picked":"Velvet Choker"}],"potions_floor_spawned":[1,8,13,18,23,29,31,39,42,45,48],"seed_played":"3909232370876348318","ascension_level":0,"is_trial":false}