{"gold_per_floor":[115,130,141,141,161,161,189,189,235,260,279,50,50,63,63,141,141,155,155,55,70,82,116,127,127,127,157,157,171,171,191,191,191],"floor_reached":33,"playtime":1461,"items_purged":["Strike_R","Decay"],"score":548,"play_id":"90d2ddb6-05e9-45b9-bbb0-acd3018891e7","local_time":"20180821121050","is_ascension_mode":true,"campfire_choices":[{"data":"Wild Strike","floor":6.0,"key":"SMITH"},{"floor":8.0,"key":"REST"},{"data":"Inflame","floor":13.0,"key":"SMITH"},{"data":"Flame Barrier","floor":15.0,"key":"SMITH"},{"floor":25,"key":"REST"},{"floor":30,"key":"REST"},{"floor":32,"key":"DIG"}],"neow_cost":"NONE","seed_source_timestamp":0,"circlet_count":0,"master_deck":["Strike_R+1","Strike_R","Strike_R","Strike_R","Defend_R","Defend_R","Defend_R","Defend_R","Bash","AscendersBane","Wild Strike+1","Flame Barrier+1","Flame Barrier+1","Inflame+1","Cleave","Iron Wave","Iron Wave","Feed","Clothesline","Shockwave","Armaments","Pommel Strike","Disarm","Feed"],"special_seed":0,"relics":["Burning Blood","Bag of Marbles","Pear","Regal Pillow","Red Skull","Oddly Smooth Stone","Mark of Pain","Shovel","The Courier","Darkstone Periapt","Anchor"],"potions_floor_usage":[22,23,24],"damage_taken":[{"damage":6.0,"enemies":"Cultist","floor":1.0,"turns":4.0},{"damage":2.0,"enemies":"Jaw Worm","floor":2.0,"turns":3.0},{"damage":7.0,"enemies":"Small Slimes","floor":3.0,"turns":3.0},{"damage":11.0,"enemies":"Exordium Thugs","floor":5.0,"turns":6.0},{"damage":34.0,"enemies":"Lagavulin","floor":7.0,"turns":7.0},{"damage":18.0,"enemies":"3 Sentries","floor":10.0,"turns":9.0},{"damage":0.0,"enemies":"3 Louse","floor":11.0,"turns":2.0},{"damage":7.0,"enemies":"Gremlin Gang","floor":14.0,"turns":4.0},{"damage":36.0,"enemies":"The Guardian","floor":16.0,"turns":13.0},{"damage":50.0,"enemies":"Spheric Guardian","floor":18.0,"turns":8.0},{"damage":0,"enemies":"3 Byrds","floor":21,"turns":2},{"damage":20,"enemies":"Sentry and Sphere","floor":22,"turns":5},{"damage":18,"enemies":"Book of Stabbing","floor":23,"turns":5},{"damage":18,"enemies":"Snake Plant","floor":24,"turns":2},{"damage":45,"enemies":"Gremlin Leader","floor":27,"turns":8},{"damage":0,"enemies":"Cultist and Chosen","floor":29,"turns":6},{"damage":15,"enemies":"Chosen and Byrds","floor":31,"turns":6},{"damage":79,"enemies":"Collector","floor":33,"turns":11}],"seed_played":"1296832879123886698","potions_obtained":[{"floor":3.0,"key":"LiquidBronze"},{"floor":5.0,"key":"SteroidPotion"},{"floor":16.0,"key":"Fruit Juice"},{"floor":21,"key":"Regen Potion"},{"floor":23,"key":"Weak Potion"},{"floor":27,"key":"GamblersBrew"},{"floor":29,"key":"FairyPotion"}],"is_trial":false,"path_per_floor":["M","M","M","?","M","R","E","R","T","E","M","$","R","M","R","B",null,"M","?","$","M","M","E","M","R","T","E","?","M","R","M","R"],"character_chosen":"IRONCLAD","items_purchased":["Oddly Smooth Stone"],"campfire_rested":3,"item_purchase_floors":[12],"current_hp_per_floor":[68,72,71,48,43,43,25,50,50,38,44,44,44,43,43,13,67,28,28,28,37,37,25,13,55,55,16,16,25,68,62,62,0],"gold":191,"neow_bonus":"RANDOM_COMMON_RELIC","is_prod":false,"is_daily":false,"chose_seed":false,"campfire_upgraded":3,"win_rate":0,"timestamp":1534878650,"path_taken":["M","M","M","?","M","R","E","R","T","E","M","?","R","M","R","BOSS","M","?","$","M","M","E","?","R","T","E","?","M","R","M","R","BOSS"],"build_version":"2018-08-16","purchased_purges":2,"victory":false,"max_hp_per_floor":[75,75,75,75,75,75,85,85,85,85,85,85,85,85,85,85,85,90,90,90,93,93,93,93,93,93,93,93,96,96,99,99,99],"card_choices":[{"not_picked":["Thunderclap","Sword Boomerang"],"picked":"Wild Strike","floor":1.0},{"not_picked":["Infernal Blade","Thunderclap"],"picked":"Flame Barrier","floor":2.0},{"not_picked":["Infernal Blade","Heavy Blade"],"picked":"Flame Barrier","floor":3.0},{"not_picked":["Corruption","Clash"],"picked":"Inflame","floor":5.0},{"not_picked":["Heavy Blade","Dark Embrace"],"picked":"Cleave","floor":7.0},{"not_picked":["Sword Boomerang","Seeing Red"],"picked":"Iron Wave","floor":10.0},{"not_picked":["Corruption","Second Wind"],"picked":"Iron Wave","floor":11.0},{"not_picked":["Twin Strike","Sentinel","Havoc"],"picked":"SKIP","floor":14.0},{"not_picked":["Brutality","Fiend Fire"],"picked":"Feed","floor":16.0},{"not_picked":["Infernal Blade","Iron Wave+1"],"picked":"Clothesline","floor":18},{"not_picked":["Wild Strike+1","Sword Boomerang"],"picked":"Shockwave","floor":21},{"not_picked":["Feel No Pain","Anger","Headbutt"],"picked":"SKIP","floor":22},{"not_picked":["Iron Wave","Feel No Pain+1"],"picked":"Armaments","floor":23},{"not_picked":["Clash","Twin Strike"],"picked":"Pommel Strike","floor":24},{"not_picked":["Iron Wave","Pummel"],"picked":"Disarm","floor":27},{"not_picked":["Body Slam","Armaments"],"picked":"Feed","floor":29},{"not_picked":["Armaments","Flame Barrier","Second Wind"],"picked":"SKIP","floor":31}],"player_experience":778720,"relics_obtained":[{"floor":7.0,"key":"Pear"},{"floor":9.0,"key":"Regal Pillow"},{"floor":10.0,"key":"Red Skull"},{"floor":23,"key":"Shovel"},{"floor":26,"key":"The Courier"},{"floor":27,"key":"Darkstone Periapt"},{"floor":32,"key":"Anchor"}],"event_choices":[{"event_name":"Shining Light","player_choice":"Entered Light","floor":4.0,"damage_taken":0.0},{"event_name":"Forgotten Altar","player_choice":"Smashed Altar","floor":19,"damage_taken":0},{"event_name":"Cursed Tome","player_choice":"Ignored","floor":28,"damage_taken":0}],"is_beta":false,"boss_relics":[{"not_picked":["Snecko Eye","Runic Dome"],"picked":"Mark of Pain"}],"items_purged_floors":[12,20],"is_endless":false,"potions_floor_spawned":[3,5,7,11,16,21,23,27,29],"killed_by":"Collector","ascension_level":15}