{"gold_per_floor":[359,182,182,182,203,203,236,274,345,345,43,74,98,122,122,243,243,268,288,213,234,6,6,40,40,95,114,114,114,114,114,114,214,214,233,233,6,20,20,20,20],"floor_reached":41,"playtime":3318,"items_purged":["Strike_B","Strike_B","Strike_B","Defend_B+1"],"score":760,"play_id":"faac82a2-7ab0-4b16-b7e4-a1194449fb35","local_time":"20180902200235","is_ascension_mode":true,"campfire_choices":[{"data":"Zap","floor":6.0,"key":"SMITH"},{"data":"Glacier","floor":15.0,"key":"SMITH"},{"floor":23.0,"key":"REST"},{"data":"Creative AI","floor":25.0,"key":"SMITH"},{"floor":32.0,"key":"REST"},{"data":"Defragment","floor":40.0,"key":"SMITH"}],"neow_cost":"TEN_PERCENT_HP_LOSS","seed_source_timestamp":31710837374107,"circlet_count":0,"master_deck":["Defend_B+1","Defend_B+1","Defend_B+1","Zap+1","Dualcast+1","AscendersBane","Defragment+1","Cold Snap","Panacea","Defragment","Ball Lightning","Genetic Algorithm","Glacier+1","Storm","Leap","Biased Cognition","FTL","Ball Lightning","Creative AI+1","Defragment","Force Field","Buffer","Thunder Strike","Auto Shields+1","Auto Shields"],"special_seed":0,"relics":["Cracked Core","Bloody Idol","StoneCalendar","Odd Mushroom","Bottled Tornado","Boot","Philosopher\u0027s Stone","The Courier","Happy Flower","Inserter","Ice Cream"],"potions_floor_usage":[],"damage_taken":[{"damage":0.0,"enemies":"Small Slimes","floor":1.0,"turns":3.0},{"damage":2.0,"enemies":"Jaw Worm","floor":5.0,"turns":3.0},{"damage":12.0,"enemies":"Gremlin Nob","floor":7.0,"turns":4.0},{"damage":5.0,"enemies":"The Mushroom Lair","floor":8.0,"turns":3.0},{"damage":0.0,"enemies":"Lagavulin","floor":12.0,"turns":7.0},{"damage":6.0,"enemies":"Cultist","floor":13.0,"turns":3.0},{"damage":13.0,"enemies":"Exordium Thugs","floor":14.0,"turns":3.0},{"damage":0.0,"enemies":"Hexaghost","floor":16.0,"turns":7.0},{"damage":21.0,"enemies":"2 Thieves","floor":18.0,"turns":2.0},{"damage":6.0,"enemies":"Chosen","floor":19.0,"turns":3.0},{"damage":0.0,"enemies":"Snake Plant","floor":21.0,"turns":5.0},{"damage":22.0,"enemies":"Book of Stabbing","floor":24.0,"turns":6.0},{"damage":16.0,"enemies":"Cultist and Chosen","floor":27.0,"turns":5.0},{"damage":16.0,"enemies":"Champ","floor":33.0,"turns":8.0},{"damage":16.0,"enemies":"3 Darklings","floor":35.0,"turns":7.0},{"damage":0.0,"enemies":"Mind Bloom Boss Battle","floor":36.0,"turns":7.0},{"damage":0.0,"enemies":"3 Shapes","floor":38.0,"turns":3.0},{"damage":53,"enemies":"2 Orb Walkers","floor":41,"turns":4}],"seed_played":"-6393025450306869164","potions_obtained":[{"floor":1.0,"key":"PowerPotion"},{"floor":8.0,"key":"EntropicBrew"},{"floor":16.0,"key":"PowerPotion"},{"floor":24.0,"key":"Dexterity Potion"},{"floor":33.0,"key":"AttackPotion"},{"floor":35.0,"key":"GamblersBrew"},{"floor":38.0,"key":"SteroidPotion"}],"is_trial":false,"path_per_floor":["M","$","?","?","M","R","E","?","T","?","$","E","M","M","R","B",null,"M","M","?","M","$","R","E","R","T","M","$","?","$","?","R","B",null,"M","?","$","M","?","R"],"character_chosen":"DEFECT","items_purchased":["Cold Snap","Fire Potion","Storm","Leap","Regen Potion","Fire Potion","SpeedPotion","Auto Shields","Fire Potion"],"campfire_rested":2,"item_purchase_floors":[2,2,11,11,11,22,22,37,37],"current_hp_per_floor":[68,68,51,51,49,49,37,32,32,32,32,47,41,28,28,28,58,37,31,31,31,31,51,29,29,29,13,13,13,13,13,33,22,57,46,46,46,51,51,51,0],"gold":20,"neow_bonus":"TWO_FIFTY_GOLD","is_prod":false,"is_daily":false,"chose_seed":false,"campfire_upgraded":4,"win_rate":0,"timestamp":1535936555,"path_taken":["M","$","?","?","M","R","E","?","T","?","$","E","M","M","R","BOSS","M","?","?","M","?","R","E","R","T","?","$","?","?","?","R","BOSS","M","?","$","M","?","R","E"],"build_version":"2018-08-30","purchased_purges":4,"victory":false,"max_hp_per_floor":[68,68,68,68,68,68,68,68,68,68,68,68,68,68,68,68,68,68,68,68,68,68,68,68,68,68,68,68,68,68,68,68,68,68,68,68,68,68,65,65,65],"card_choices":[{"not_picked":["Capacitor","Beam Cell"],"picked":"Defragment","floor":1.0},{"not_picked":["Compile Driver","Rebound"],"picked":"Ball Lightning","floor":5.0},{"not_picked":["Cold Snap","Sweeping Beam"],"picked":"Genetic Algorithm","floor":7.0},{"not_picked":["Redo","Steam"],"picked":"Glacier","floor":8.0},{"not_picked":["Gash","Barrage"],"picked":"Biased Cognition","floor":12.0},{"not_picked":["Gash","Stack"],"picked":"FTL","floor":13.0},{"not_picked":["Leap","Aggregate"],"picked":"Ball Lightning","floor":14.0},{"not_picked":["Meteor Strike","Rainbow"],"picked":"Creative AI","floor":16.0},{"not_picked":["Hologram","Coolheaded","Fusion"],"picked":"SKIP","floor":18.0},{"not_picked":["Hologram","Coolheaded","Fusion"],"picked":"SKIP","floor":18.0},{"not_picked":["Aggregate","Turbo"],"picked":"Defragment","floor":19.0},{"not_picked":["Aggregate","Coolheaded"],"picked":"Force Field","floor":21.0},{"not_picked":["Darkness","Go for the Eyes+1"],"picked":"Buffer","floor":24.0},{"not_picked":["Go for the Eyes+1","Turbo","Barrage+1"],"picked":"SKIP","floor":27.0},{"not_picked":["Hyperbeam","Creative AI"],"picked":"Thunder Strike","floor":33.0},{"not_picked":["Gash+1","Conserve Battery"],"picked":"Auto Shields+1","floor":35.0},{"not_picked":["Cold Snap","Compile Driver+1","Hologram+1"],"picked":"SKIP","floor":38.0}],"player_experience":393030,"relics_obtained":[{"floor":7.0,"key":"StoneCalendar"},{"floor":8.0,"key":"Odd Mushroom"},{"floor":9.0,"key":"Bottled Tornado"},{"floor":12.0,"key":"Boot"},{"floor":24.0,"key":"The Courier"},{"floor":26.0,"key":"Happy Flower"},{"floor":36.0,"key":"Ice Cream"}],"event_choices":[{"event_name":"Golden Idol","player_choice":"Take Damage","floor":3.0,"damage_taken":0.0},{"event_name":"Match and Keep!","player_choice":"2 cards matched","floor":4.0,"damage_taken":0.0},{"event_name":"Match and Keep!","player_choice":"2 cards matched","floor":4.0,"damage_taken":0.0},{"event_name":"Mushrooms","player_choice":"Fought Mushrooms","floor":8.0,"damage_taken":0.0},{"event_name":"Living Wall","player_choice":"Grow","floor":10.0,"damage_taken":0.0},{"event_name":"Beggar","player_choice":"Gave Gold","floor":20.0,"damage_taken":0.0},{"event_name":"Forgotten Altar","player_choice":"Gave Idol","floor":29.0,"damage_taken":0.0},{"event_name":"Back to Basics","player_choice":"Simplicity","floor":31.0,"damage_taken":0.0},{"event_name":"MindBloom","player_choice":"Fight","floor":36.0,"damage_taken":0.0},{"event_name":"Winding Halls","player_choice":"Max HP","floor":39.0,"damage_taken":0.0}],"is_beta":false,"boss_relics":[{"not_picked":["Tiny House","White Beast Statue"],"picked":"Philosopher\u0027s Stone"},{"not_picked":["Fusion Hammer","Orrery"],"picked":"Inserter"}],"items_purged_floors":[2,11,22,37],"is_endless":false,"potions_floor_spawned":[1,5,8,16,24,33,35,38],"killed_by":"2 Orb Walkers","ascension_level":11}