{"gold_per_floor":[139,162,173,193,41,41,13,13,58,58,58,82,82,156,156,245,245,261,201,88,73,47,47],"floor_reached":23,"playtime":744,"items_purged":["Defend_R"],"score":349,"play_id":"87f4e310-46c6-4466-9e3b-c0e28c3f57a4","local_time":"20190216193747","is_ascension_mode":true,"campfire_choices":[{"data":"True Grit","floor":6.0,"key":"SMITH"},{"data":"Clothesline","floor":10.0,"key":"SMITH"},{"data":"Bash","floor":13.0,"key":"SMITH"},{"data":"Shockwave","floor":15.0,"key":"SMITH"}],"neow_cost":"NONE","seed_source_timestamp":15870021870453,"circlet_count":0,"master_deck":["AscendersBane","Strike_R+1","Strike_R","Strike_R","Strike_R","Strike_R","Defend_R","Defend_R","Bash+1","Ghostly Armor","Shrug It Off","Iron Wave","True Grit+1","Clothesline+1","Shockwave+1","Impervious","Battle Trance","Shrug It Off","True Grit"],"special_seed":0,"relics":["Burning Blood","Tiny Chest","Regal Pillow","Golden Idol","Red Skull","SsserpentHead","Runic Dome","Bronze Scales"],"potions_floor_usage":[23],"damage_taken":[{"damage":7.0,"enemies":"Cultist","floor":1.0,"turns":4.0},{"damage":14.0,"enemies":"Jaw Worm","floor":3.0,"turns":5.0},{"damage":11.0,"enemies":"Small Slimes","floor":4.0,"turns":5.0},{"damage":1.0,"enemies":"Red Slaver","floor":12.0,"turns":3.0},{"damage":3.0,"enemies":"Looter","floor":14.0,"turns":3.0},{"damage":14.0,"enemies":"The Guardian","floor":16.0,"turns":13.0},{"damage":36.0,"enemies":"3 Byrds","floor":18.0,"turns":10.0},{"damage":15.0,"enemies":"2 Thieves","floor":21.0,"turns":4.0},{"damage":25,"enemies":"Slavers","floor":23,"turns":6}],"seed_played":"-7097888857464241839","potions_obtained":[{"floor":3.0,"key":"Dexterity Potion"},{"floor":4.0,"key":"SteroidPotion"},{"floor":18.0,"key":"LiquidBronze"}],"is_trial":false,"path_per_floor":["M","T","M","M","$","R","$","?","T","R","?","M","R","M","R","B",null,"M","?","$","M","$","E"],"character_chosen":"IRONCLAD","items_purchased":["Iron Wave","True Grit","Clothesline","Bronze Scales","True Grit"],"campfire_rested":0,"item_purchase_floors":[5,5,7,20,22],"current_hp_per_floor":[67,67,59,54,54,54,54,28,28,28,28,33,33,36,36,28,63,33,33,33,24,24,0],"gold":47,"neow_bonus":"RANDOM_COMMON_RELIC","is_prod":false,"is_daily":false,"chose_seed":false,"campfire_upgraded":4,"win_rate":0,"timestamp":1550374667,"path_taken":["M","?","M","M","$","R","$","?","T","R","?","M","R","?","R","BOSS","M","?","?","M","$","E"],"build_version":"2019-01-23","purchased_purges":1,"victory":false,"max_hp_per_floor":[75,75,75,75,75,75,75,75,75,75,75,75,75,75,75,75,75,75,75,75,75,75,75],"card_choices":[{"not_picked":["Twin Strike","Rage"],"picked":"Ghostly Armor","floor":1.0},{"not_picked":["Entrench","Bloodletting"],"picked":"Shrug It Off","floor":3.0},{"not_picked":["Clash","Flex","Rupture"],"picked":"SKIP","floor":4.0},{"not_picked":["Wild Strike","Hemokinesis","Dual Wield"],"picked":"SKIP","floor":12.0},{"not_picked":["Shrug It Off","Fire Breathing"],"picked":"Shockwave","floor":14.0},{"not_picked":["Fiend Fire","Limit Break"],"picked":"Impervious","floor":16.0},{"not_picked":["Flex","Feel No Pain"],"picked":"Battle Trance","floor":18.0},{"not_picked":["Pommel Strike","True Grit"],"picked":"Shrug It Off","floor":21.0}],"player_experience":1221446,"relics_obtained":[{"floor":2.0,"key":"Regal Pillow"},{"floor":9.0,"key":"Red Skull"}],"event_choices":[{"damage_healed":0.0,"max_hp_gain":0.0,"max_hp_loss":0.0,"gold_gain":0.0,"event_name":"Golden Idol","player_choice":"Take Damage","floor":8.0,"gold_loss":0.0,"damage_taken":26.0,"relics_obtained":["Golden Idol"]},{"damage_healed":0.0,"max_hp_gain":0.0,"max_hp_loss":0.0,"gold_gain":0.0,"event_name":"FaceTrader","player_choice":"Trade","floor":11.0,"gold_loss":0.0,"damage_taken":0.0,"relics_obtained":["SsserpentHead"]},{"cards_removed":["Defend_R"],"damage_healed":0.0,"max_hp_gain":0.0,"max_hp_loss":0.0,"gold_gain":0.0,"event_name":"Designer","player_choice":"Upgrade and Remove","floor":19.0,"gold_loss":110.0,"damage_taken":0.0,"cards_upgraded":["Strike_R"]}],"is_beta":false,"boss_relics":[{"not_picked":["White Beast Statue","Tiny House"],"picked":"Runic Dome"}],"items_purged_floors":[5],"is_endless":false,"potions_floor_spawned":[3,4,14,18],"killed_by":"Slavers","ascension_level":19}