{"gold_per_floor":[119,119,139,155,172,172,198,83,83,83,38,55,73,98,98,193,243,262,88,88,102,118,118,118,118,118,118,118],"floor_reached":28,"playtime":1725,"items_purged":["Strike_R","Strike_R"],"score":418,"play_id":"0ec10771-fbcc-4ba9-a8d0-037ee989b599","local_time":"20181208033328","is_ascension_mode":true,"campfire_choices":[{"data":"Pommel Strike","floor":6,"key":"SMITH"},{"floor":10,"key":"REST"},{"floor":15,"key":"REST"},{"floor":23,"key":"REST"},{"floor":27,"key":"REST"}],"neow_cost":"NONE","seed_source_timestamp":0,"circlet_count":0,"master_deck":["Strike_R","Strike_R","Strike_R","Defend_R","Defend_R","Defend_R","Defend_R","Bash","Regret","Whirlwind","Pommel Strike+1","Clothesline","Juggernaut","Metallicize+1","Armaments","Shrug It Off","Barricade","Shrug It Off","Metallicize","Cleave"],"special_seed":0,"relics":["Burning Blood","Shuriken","Gambling Chip","StoneCalendar","Bag of Marbles","Tiny House","PreservedInsect"],"potions_floor_usage":[7,14,16,25,28],"damage_taken":[{"damage":0,"enemies":"2 Louse","floor":1,"turns":3},{"damage":23,"enemies":"Jaw Worm","floor":3,"turns":5},{"damage":8,"enemies":"Small Slimes","floor":4,"turns":3},{"damage":18,"enemies":"Blue Slaver","floor":5,"turns":5},{"damage":36,"enemies":"Lagavulin","floor":7,"turns":5},{"damage":34,"enemies":"Exordium Thugs","floor":12,"turns":5},{"damage":7,"enemies":"Red Slaver","floor":13,"turns":4},{"damage":16,"enemies":"3 Sentries","floor":14,"turns":7},{"damage":23,"enemies":"Hexaghost","floor":16,"turns":9},{"damage":52,"enemies":"Spheric Guardian","floor":18,"turns":8},{"damage":22,"enemies":"Chosen","floor":21,"turns":7},{"damage":47,"enemies":"Snake Plant","floor":22,"turns":6},{"damage":5,"enemies":"Gremlin Leader","floor":25,"turns":2},{"damage":30,"enemies":"Centurion and Healer","floor":28,"turns":6}],"seed_played":"5371909753086418489","potions_obtained":[{"floor":3,"key":"LiquidBronze"},{"floor":4,"key":"AttackPotion"},{"floor":5,"key":"SmokeBomb"},{"floor":13,"key":"BloodPotion"},{"floor":17,"key":"Fire Potion"},{"floor":21,"key":"Swift Potion"}],"is_trial":false,"path_per_floor":["M","?","M","M","M","R","E","$","T","R","$","M","M","E","R","B",null,"M","$","?","M","M","R","?","E","T","R","M"],"character_chosen":"IRONCLAD","items_purchased":["Metallicize","Armaments","Metallicize"],"campfire_rested":4,"item_purchase_floors":[8,11,19],"current_hp_per_floor":[80,80,63,61,49,49,19,19,19,43,43,15,14,12,36,19,85,39,39,67,51,10,35,35,36,36,61,31],"gold":118,"neow_bonus":"THREE_CARDS","is_prod":false,"is_daily":false,"chose_seed":false,"campfire_upgraded":1,"win_rate":0,"timestamp":1544236408,"path_taken":["M","?","M","M","M","R","E","$","T","R","$","M","M","E","R","BOSS","M","$","?","M","M","R","?","E","T","R","M"],"build_version":"2018-12-06","purchased_purges":2,"victory":false,"max_hp_per_floor":[80,80,80,80,80,80,80,80,80,80,80,80,80,80,80,80,85,85,85,85,85,85,85,85,85,85,85,85],"card_choices":[{"not_picked":["Flex","Sword Boomerang","Sever Soul"],"picked":"SKIP","floor":1},{"not_picked":["Clash","Sentinel"],"picked":"Whirlwind","floor":3},{"not_picked":["Whirlwind","Feel No Pain"],"picked":"Pommel Strike","floor":4},{"not_picked":["Rage","Flex"],"picked":"Clothesline","floor":5},{"not_picked":["Clothesline","Sword Boomerang"],"picked":"Juggernaut","floor":7},{"not_picked":["Bloodletting","Battle Trance"],"picked":"Shrug It Off","floor":12},{"not_picked":["Whirlwind","Iron Wave","Bloodletting"],"picked":"SKIP","floor":13},{"not_picked":["Corruption","Disarm","Havoc"],"picked":"SKIP","floor":14},{"not_picked":["Feed","Exhume"],"picked":"Barricade","floor":16},{"not_picked":["Armaments","Pummel"],"picked":"Shrug It Off","floor":17},{"not_picked":["Perfected Strike","Pummel","Heavy Blade"],"picked":"SKIP","floor":18},{"not_picked":["Sword Boomerang+1","Wild Strike"],"picked":"Cleave","floor":21},{"not_picked":["Berserk","Dropkick+1","Twin Strike+1"],"picked":"SKIP","floor":22}],"player_experience":152685,"relics_obtained":[{"floor":7,"key":"Gambling Chip"},{"floor":9,"key":"StoneCalendar"},{"floor":14,"key":"Bag of Marbles"},{"floor":26,"key":"PreservedInsect"}],"event_choices":[{"damage_healed":0,"gold_gain":0,"player_choice":"Box","damage_taken":0,"relics_obtained":["Shuriken"],"max_hp_gain":0,"max_hp_loss":0,"event_name":"Big Fish","floor":2,"gold_loss":0,"cards_obtained":["Regret"]},{"damage_healed":28,"gold_gain":0,"player_choice":"Heal","damage_taken":0,"max_hp_gain":0,"max_hp_loss":0,"event_name":"The Library","floor":20,"gold_loss":0},{"damage_healed":0,"gold_gain":0,"player_choice":"Ignored","damage_taken":0,"max_hp_gain":0,"max_hp_loss":0,"event_name":"Cursed Tome","floor":24,"gold_loss":0}],"is_beta":false,"boss_relics":[{"not_picked":["Eternal Feather","Orrery"],"picked":"Tiny House"}],"items_purged_floors":[8,19],"is_endless":false,"potions_floor_spawned":[3,4,5,13,21],"killed_by":"Centurion and Healer","ascension_level":4}