{"gold_per_floor":[109,184,184,199,213,213,233,19,42,42,77,77,77,112,112,189,189,202,217,492,506,431,431,346,374,374,374,388,399,80,91,91,163,163,174,174,28,28,43,43,43,55,55,55,73,90,90,108,108,108],"floor_reached":51,"playtime":4091,"items_purged":["Regret","Strike_G"],"score":1091,"play_id":"46affdbc-a128-4d78-adeb-af8c0981479b","local_time":"20180812164058","is_ascension_mode":true,"campfire_choices":[{"data":"Venomology","floor":6.0,"key":"SMITH"},{"data":"Apotheosis","floor":10.0,"key":"SMITH"},{"data":"Burst","floor":12.0,"key":"SMITH"},{"data":"Neutralize","floor":15.0,"key":"SMITH"},{"floor":23,"key":"REST"},{"data":"Envenom","floor":27,"key":"SMITH"},{"floor":32,"key":"REST"},{"data":"Writhe","floor":40,"key":"PURGE"},{"data":"Strike_G","floor":44,"key":"PURGE"},{"data":"Strike_G","floor":47,"key":"PURGE"},{"data":"Strike_G+1","floor":49,"key":"PURGE"}],"neow_cost":"NONE","seed_source_timestamp":0,"circlet_count":0,"master_deck":["Defend_G","Defend_G","Defend_G+1","Defend_G","Defend_G+1","Survivor","Neutralize+1","AscendersBane","Poisoned Stab","Poisoned Stab+1","Venomology+1","Apotheosis+1","Bouncing Flask","Burst+1","Deadly Poison","Envenom+1","Poisoned Stab","Deflect","Prepared","Flash of Steel","Poisoned Stab","Sucker Punch","Cloak And Dagger"],"special_seed":0,"relics":["Ring of the Snake","War Paint","Happy Flower","Whetstone","Ninja Scroll","Busted Crown","Meat on the Bone","Strawberry","Gremlin Horn","Coffee Dripper","Snake Skull","Peace Pipe","Vajra"],"potions_floor_usage":[21,25,25,28,29,29,33,33,33,39,45,45,46,48,48,50,50],"damage_taken":[{"damage":0.0,"enemies":"Small Slimes","floor":1.0,"turns":5.0},{"damage":0.0,"enemies":"2 Louse","floor":4.0,"turns":3.0},{"damage":2.0,"enemies":"Jaw Worm","floor":5.0,"turns":4.0},{"damage":0.0,"enemies":"3 Louse","floor":7.0,"turns":2.0},{"damage":13.0,"enemies":"Gremlin Nob","floor":11.0,"turns":4.0},{"damage":19.0,"enemies":"Lagavulin","floor":14.0,"turns":5.0},{"damage":5.0,"enemies":"Hexaghost","floor":16.0,"turns":6.0},{"damage":0.0,"enemies":"Spheric Guardian","floor":18.0,"turns":3.0},{"damage":5.0,"enemies":"2 Thieves","floor":19.0,"turns":4.0},{"damage":18,"enemies":"Cultist and Chosen","floor":21,"turns":5},{"damage":10,"enemies":"Book of Stabbing","floor":25,"turns":4},{"damage":30,"enemies":"Centurion and Healer","floor":28,"turns":6},{"damage":1,"enemies":"Snecko","floor":29,"turns":3},{"damage":20,"enemies":"Snake Plant","floor":31,"turns":3},{"damage":12,"enemies":"Automaton","floor":33,"turns":8},{"damage":12,"enemies":"Orb Walker","floor":35,"turns":4},{"damage":6,"floor":38,"turns":7},{"damage":12,"enemies":"3 Shapes","floor":39,"turns":4},{"damage":16,"enemies":"Spire Growth","floor":42,"turns":4},{"damage":0,"enemies":"4 Shapes","floor":45,"turns":2},{"damage":4,"enemies":"Flame Bruiser 2 Orb","floor":46,"turns":4},{"damage":2,"enemies":"Sphere and 2 Shapes","floor":48,"turns":4},{"damage":43,"enemies":"Awakened One","floor":50,"turns":13}],"seed_played":"3455424757306192360","potions_obtained":[{"floor":5.0,"key":"Fire Potion"},{"floor":14.0,"key":"AttackPotion"},{"floor":19.0,"key":"Poison Potion"},{"floor":28,"key":"EssenceOfSteel"},{"floor":46,"key":"SpeedPotion"}],"is_trial":false,"path_per_floor":["M","?","?","M","M","R","M","$","T","R","E","R","?","E","R","B",null,"M","M","?","M","$","R","?","E","T","R","M","M","$","M","R","B",null,"M","?","$","?","M","R","?","M","T","R","M","M","R","M","R","B"],"character_chosen":"THE_SILENT","items_purchased":["Apotheosis","Bouncing Flask","GhostInAJar","Flash of Steel","Poisoned Stab","Snake Skull"],"campfire_rested":2,"item_purchase_floors":[8,8,30,30,30,37],"current_hp_per_floor":[59,48,48,48,46,46,46,46,46,46,33,33,66,47,47,42,60,60,55,55,37,37,56,56,53,53,53,35,46,46,38,59,47,67,55,73,73,67,55,55,55,39,39,39,39,47,47,45,45,14],"gold":108,"neow_bonus":"RANDOM_COMMON_RELIC","is_prod":false,"is_daily":false,"chose_seed":false,"campfire_upgraded":5,"win_rate":0,"timestamp":1534117258,"path_taken":["M","?","?","M","?","R","M","$","T","R","E","R","?","E","R","BOSS","M","M","?","M","$","R","?","E","T","R","M","M","$","M","R","BOSS","M","?","$","?","M","R","?","M","T","R","M","?","R","?","R","BOSS"],"build_version":"2018-08-09","purchased_purges":2,"victory":true,"max_hp_per_floor":[66,66,66,66,66,66,66,66,66,66,66,66,66,66,66,66,66,66,66,66,66,66,66,66,73,73,73,73,73,73,73,73,73,73,73,73,73,73,73,73,73,73,73,73,73,73,73,73,73,73],"card_choices":[{"not_picked":["Slice","PiercingWail"],"picked":"Poisoned Stab","floor":1.0},{"not_picked":["Outmaneuver","Flying Knee","Acrobatics"],"picked":"SKIP","floor":4.0},{"not_picked":["Cloak And Dagger","Deflect"],"picked":"Venomology","floor":5.0},{"not_picked":["Flying Knee","Finisher","Acrobatics"],"picked":"SKIP","floor":7.0},{"not_picked":["Dagger Spray","Cloak And Dagger"],"picked":"Burst","floor":11.0},{"not_picked":["Blade Dance","Underhanded Strike"],"picked":"Deadly Poison","floor":14.0},{"not_picked":["Wraith Form v2","Glass Knife"],"picked":"Envenom","floor":16.0},{"not_picked":["Acrobatics+1"],"picked":"SKIP","floor":18.0},{"not_picked":[],"picked":"Poisoned Stab","floor":19.0},{"not_picked":["Dagger Throw"],"picked":"SKIP","floor":21},{"not_picked":[],"picked":"Deflect","floor":25},{"not_picked":[],"picked":"Prepared","floor":28},{"not_picked":["Outmaneuver"],"picked":"SKIP","floor":29},{"not_picked":["Terror"],"picked":"SKIP","floor":31},{"not_picked":[],"picked":"Sucker Punch","floor":35},{"not_picked":["Dagger Spray"],"picked":"SKIP","floor":39},{"not_picked":[],"picked":"Cloak And Dagger","floor":42},{"not_picked":["All Out Attack"],"picked":"SKIP","floor":45},{"not_picked":["Flying Knee"],"picked":"SKIP","floor":46},{"not_picked":["Reflex+1"],"picked":"SKIP","floor":48}],"player_experience":746850,"relics_obtained":[{"floor":9.0,"key":"Happy Flower"},{"floor":11.0,"key":"Whetstone"},{"floor":14.0,"key":"Ninja Scroll"},{"floor":25,"key":"Strawberry"},{"floor":26,"key":"Gremlin Horn"},{"floor":38,"key":"Peace Pipe"},{"floor":43,"key":"Vajra"}],"event_choices":[{"event_name":"World of Goop","player_choice":"Gather Gold","floor":2.0,"damage_taken":0.0},{"event_name":"Living Wall","player_choice":"Change","floor":3.0,"damage_taken":0.0},{"event_name":"Wheel of Change","player_choice":"Full Heal","floor":13.0,"damage_taken":0.0},{"event_name":"Golden Shrine","player_choice":"Desecrate","floor":20.0,"damage_taken":0.0},{"event_name":"Addict","player_choice":"Obtained Relic","floor":24,"damage_taken":0},{"event_name":"Winding Halls","player_choice":"Writhe","floor":36,"damage_taken":0},{"event_name":"MindBloom","player_choice":"Fight","floor":38,"damage_taken":0},{"event_name":"SensoryStone","player_choice":"Memory 1","floor":41,"damage_taken":0}],"is_beta":false,"boss_relics":[{"not_picked":["White Beast Statue","WristBlade"],"picked":"Busted Crown"},{"not_picked":["Sozu","Lizard Tail"],"picked":"Coffee Dripper"}],"items_purged_floors":[22,30],"is_endless":false,"potions_floor_spawned":[5,14,19,21,28,46],"ascension_level":14}