{"gold_per_floor":[115,115,37,49,49,49,5,37,64,93,93,107,107,127,127,202,202,220,19,33,33,33,33,47,47,94,19,19,33,61,61,61,138,138,153,66,166,166,30,30,61,61,85,117,132,151,151,163,163,163],"floor_reached":51,"playtime":3295,"items_purged":["Strike_G","Strike_G"],"score":1413,"play_id":"6d6a4b22-56ba-4c34-ba57-e5749d9638ad","local_time":"20190303102854","is_ascension_mode":true,"campfire_choices":[{"data":"Sucker Punch","floor":6.0,"key":"SMITH"},{"floor":11.0,"key":"REST"},{"data":"Deadly Poison","floor":13.0,"key":"SMITH"},{"data":"Neutralize","floor":15.0,"key":"SMITH"},{"data":"Catalyst","floor":23.0,"key":"SMITH"},{"data":"Footwork","floor":25.0,"key":"SMITH"},{"data":"Leg Sweep","floor":28.0,"key":"SMITH"},{"floor":32.0,"key":"REST"},{"data":"Catalyst","floor":40.0,"key":"SMITH"},{"data":"Footwork","floor":42.0,"key":"SMITH"},{"floor":49,"key":"REST"}],"neow_cost":"NONE","seed_source_timestamp":85483843493011,"circlet_count":0,"master_deck":["AscendersBane","Defend_G","Defend_G","Defend_G","Defend_G","Strike_G+1","Survivor","Neutralize+1","Deadly Poison+1","Dagger Spray","Sucker Punch+1","Footwork+1","PiercingWail","Leg Sweep+1","Deflect","Dagger Spray+1","Adrenaline","Noxious Fumes+1","Backflip+1","Quick Slash+1","Footwork+1","PiercingWail","Panacea","Dodge and Roll","Catalyst+1","Well Laid Plans","Adrenaline","Dodge and Roll","Catalyst+1","PiercingWail","Madness","Madness","Footwork+1","Backflip","Crippling Poison"],"special_seed":0,"relics":["Ring of the Snake","FaceOfCleric","Vajra","PreservedInsect","Whetstone","Frozen Egg 2","Nloth\u0027s Gift","Sozu","Unceasing Top","Lantern","Art of War","Ice Cream"],"potions_floor_usage":[50,50],"damage_taken":[{"damage":10.0,"enemies":"Jaw Worm","floor":1.0,"turns":9.0},{"damage":0.0,"enemies":"Cultist","floor":4.0,"turns":4.0},{"damage":6.0,"enemies":"Gremlin Nob","floor":8.0,"turns":3.0},{"damage":38.0,"enemies":"Lagavulin","floor":10.0,"turns":10.0},{"damage":1.0,"enemies":"2 Louse","floor":12.0,"turns":2.0},{"damage":4.0,"enemies":"Gremlin Gang","floor":14.0,"turns":6.0},{"damage":24.0,"enemies":"Slime Boss","floor":16.0,"turns":10.0},{"damage":11.0,"enemies":"2 Thieves","floor":18.0,"turns":4.0},{"damage":7.0,"enemies":"Spheric Guardian","floor":20.0,"turns":5.0},{"damage":4.0,"enemies":"3 Cultists","floor":24.0,"turns":5.0},{"damage":0.0,"enemies":"Centurion and Healer","floor":29.0,"turns":8.0},{"damage":25.0,"enemies":"Gremlin Leader","floor":30.0,"turns":7.0},{"damage":11.0,"enemies":"Champ","floor":33.0,"turns":14.0},{"damage":2.0,"enemies":"Orb Walker","floor":35.0,"turns":5.0},{"damage":0.0,"enemies":"Mind Bloom Boss Battle","floor":37.0,"turns":8.0},{"damage":6.0,"enemies":"Nemesis","floor":41.0,"turns":5.0},{"damage":31.0,"enemies":"Giant Head","floor":44.0,"turns":8.0},{"damage":0.0,"enemies":"3 Shapes","floor":45.0,"turns":5.0},{"damage":3.0,"enemies":"Writhing Mass","floor":46.0,"turns":6.0},{"damage":4,"enemies":"Spire Growth","floor":48,"turns":7},{"damage":17,"enemies":"Awakened One","floor":50,"turns":15}],"seed_played":"6119118745554524111","potions_obtained":[{"floor":1.0,"key":"Swift Potion"},{"floor":2.0,"key":"Strength Potion"},{"floor":10.0,"key":"Ancient Potion"},{"floor":14.0,"key":"PowerPotion"},{"floor":20.0,"key":"SteroidPotion"},{"floor":29.0,"key":"FearPotion"},{"floor":33.0,"key":"Fire Potion"}],"is_trial":false,"path_per_floor":["M","?","$","M","?","R","$","E","T","E","R","M","R","M","R","B",null,"M","$","M","?","?","R","M","R","T","$","R","M","E","?","R","B",null,"M","$","?","?","$","R","E","R","T","E","M","M","?","M","R","B",null],"character_chosen":"THE_SILENT","items_purchased":["Dagger Spray","Sucker Punch","Footwork","PiercingWail","Panacea","Poison Potion","Catalyst","Footwork+1"],"campfire_rested":3,"item_purchase_floors":[3,3,7,19,19,19,36,39],"current_hp_per_floor":[55,55,55,55,55,55,55,50,50,13,35,35,35,32,32,9,60,50,50,44,44,44,44,41,41,41,41,41,42,18,18,42,32,70,69,69,70,55,55,55,50,50,50,20,21,19,19,16,43,27],"gold":163,"neow_bonus":"TEN_PERCENT_HP_BONUS","is_prod":false,"is_daily":false,"chose_seed":false,"campfire_upgraded":8,"win_rate":0,"timestamp":1551605334,"path_taken":["M","?","?","M","?","R","$","E","T","E","R","M","R","M","R","BOSS","M","$","?","?","?","R","M","R","T","$","R","M","E","?","R","BOSS","M","?","?","?","$","R","E","R","T","E","M","M","?","M","R","BOSS"],"build_version":"2019-01-23","purchased_purges":2,"victory":true,"max_hp_per_floor":[72,72,72,72,72,72,72,73,73,74,74,75,75,76,76,77,77,78,78,79,79,79,79,80,80,80,80,80,81,82,82,82,83,83,84,84,85,85,85,85,86,86,86,87,88,89,89,90,90,91],"card_choices":[{"not_picked":["Catalyst","Acrobatics"],"picked":"Deadly Poison","floor":1.0},{"not_picked":["Backflip","Cloak And Dagger"],"picked":"Backstab","floor":4.0},{"not_picked":["After Image","Deadly Poison"],"picked":"PiercingWail","floor":8.0},{"not_picked":["Reflex","Doppelganger"],"picked":"Leg Sweep","floor":10.0},{"not_picked":["Setup","Underhanded Strike"],"picked":"Deflect","floor":12.0},{"not_picked":["Dagger Throw","Endless Agony"],"picked":"Dagger Spray","floor":14.0},{"not_picked":["A Thousand Cuts","Tools of the Trade"],"picked":"Adrenaline","floor":16.0},{"not_picked":["Slice","Acrobatics"],"picked":"Footwork","floor":18.0},{"not_picked":["Outmaneuver","Skewer"],"picked":"Dodge and Roll","floor":20.0},{"not_picked":["PiercingWail","Riddle With Holes"],"picked":"Well Laid Plans","floor":24.0},{"not_picked":["Leg Sweep","Prepared","Distraction"],"picked":"SKIP","floor":29.0},{"not_picked":["Skewer","Acrobatics","Slice"],"picked":"SKIP","floor":30.0},{"not_picked":["Venomology","Doppelganger"],"picked":"Adrenaline","floor":33.0},{"not_picked":["Backflip","Cloak And Dagger"],"picked":"Dodge and Roll","floor":35.0},{"not_picked":["Cloak And Dagger","Slice"],"picked":"PiercingWail","floor":37.0},{"not_picked":["Underhanded Strike+1","Outmaneuver+1","Envenom+1"],"picked":"SKIP","floor":41.0},{"not_picked":["Quick Slash","Dash","Bullet Time"],"picked":"SKIP","floor":44.0},{"not_picked":["Flying Knee","Eviscerate"],"picked":"Backflip","floor":45.0},{"not_picked":["PiercingWail","Deflect","Choke+1"],"picked":"SKIP","floor":46.0},{"not_picked":["Terror","Cloak And Dagger+1"],"picked":"Crippling Poison","floor":48}],"player_experience":436879,"relics_obtained":[{"floor":8.0,"key":"Vajra"},{"floor":10.0,"key":"PreservedInsect"},{"floor":26.0,"key":"Whetstone"},{"floor":30.0,"key":"Frozen Egg 2"},{"floor":37.0,"key":"Unceasing Top"},{"floor":41.0,"key":"Lantern"},{"floor":43.0,"key":"Art of War"},{"floor":44.0,"key":"Ice Cream"}],"event_choices":[{"damage_healed":0.0,"max_hp_gain":0.0,"max_hp_loss":0.0,"gold_gain":0.0,"event_name":"Lab","player_choice":"Got Potions","floor":2.0,"gold_loss":0.0,"damage_taken":0.0},{"damage_healed":0.0,"max_hp_gain":0.0,"max_hp_loss":0.0,"gold_gain":0.0,"event_name":"FaceTrader","player_choice":"Trade","floor":5.0,"gold_loss":0.0,"damage_taken":0.0,"relics_obtained":["FaceOfCleric"]},{"damage_healed":0.0,"max_hp_gain":0.0,"max_hp_loss":0.0,"gold_gain":0.0,"event_name":"The Library","player_choice":"Read","floor":21.0,"gold_loss":0.0,"damage_taken":0.0,"cards_obtained":["Catalyst"]},{"damage_healed":0.0,"max_hp_gain":0.0,"max_hp_loss":0.0,"gold_gain":0.0,"event_name":"Cursed Tome","player_choice":"Ignored","floor":22.0,"gold_loss":0.0,"damage_taken":0.0},{"damage_healed":0.0,"max_hp_gain":0.0,"max_hp_loss":0.0,"gold_gain":0.0,"event_name":"N\u0027loth","player_choice":"Traded Relic","floor":31.0,"relics_lost":["Astrolabe"],"gold_loss":0.0,"damage_taken":0.0,"relics_obtained":["Nloth\u0027s Gift"]},{"damage_healed":0.0,"max_hp_gain":0.0,"max_hp_loss":0.0,"gold_gain":0.0,"event_name":"MindBloom","player_choice":"Fight","floor":37.0,"gold_loss":0.0,"damage_taken":0.0},{"damage_healed":0.0,"max_hp_gain":0.0,"max_hp_loss":0.0,"gold_gain":0.0,"event_name":"Winding Halls","player_choice":"Embrace Madness","floor":38.0,"gold_loss":0.0,"damage_taken":15.0,"cards_obtained":["Madness","Madness"]},{"cards_removed":["Backstab"],"damage_healed":0.0,"max_hp_gain":0.0,"max_hp_loss":0.0,"gold_gain":0.0,"event_name":"Falling","player_choice":"Removed Attack","floor":47.0,"gold_loss":0.0,"damage_taken":0.0}],"is_beta":false,"boss_relics":[{"not_picked":["Ring of the Serpent","Empty Cage"],"picked":"Astrolabe"},{"not_picked":["Lizard Tail","Fusion Hammer"],"picked":"Sozu"}],"items_purged_floors":[27,39],"is_endless":false,"potions_floor_spawned":[1,10,14,20,29,33,35,46],"ascension_level":18}