{"gold_per_floor":[109,109,119,130,144,144,161,161,161,176,72,84,84,103,103,180,180,192,208,208,233,251,251,3,33,33,59,59,77,477,209,209,280,280,294,342,342,142,162,162,162,192,192,192,227,227,260,0,0,0],"floor_reached":51,"playtime":3152,"items_purged":["Defend_G","Strike_G","Strike_G","Well Laid Plans"],"score":1405,"play_id":"31244b37-2115-4464-a387-9110b38c8c82","local_time":"20190210013110","is_ascension_mode":true,"campfire_choices":[{"data":"Neutralize","floor":6.0,"key":"SMITH"},{"data":"Distraction","floor":8.0,"key":"SMITH"},{"data":"1","floor":13,"key":"LIFT"},{"data":"2","floor":15,"key":"LIFT"},{"data":"3","floor":23,"key":"LIFT"},{"floor":28,"key":"REST"},{"data":"Dagger Spray","floor":32,"key":"SMITH"},{"floor":41,"key":"REST"},{"data":"Tools of the Trade","floor":44,"key":"SMITH"},{"floor":46,"key":"REST"},{"data":"Dagger Spray","floor":49,"key":"SMITH"}],"neow_cost":"NONE","seed_source_timestamp":32625085453054,"circlet_count":0,"master_deck":["AscendersBane","Defend_G","Defend_G","Defend_G","Defend_G+1","Strike_G","Strike_G","Survivor","Neutralize+1","Dash","Dash","Backflip","Distraction+1","Cloak And Dagger","Skewer","Dagger Spray+1","Crippling Poison+1","Cloak And Dagger+1","Dagger Spray+1","Blade Dance+1","Blade Dance","Tools of the Trade+1","Predator","Escape Plan+1","Accuracy+1","Infinite Blades","Dodge and Roll+1","Leg Sweep+1","Underhanded Strike","Dodge and Roll"],"special_seed":0,"relics":["Ring of the Snake","Vajra","Girya","Sozu","Enchiridion","PreservedInsect","Sling","Ice Cream","Gambling Chip","Prayer Wheel","Old Coin","Pear","Ancient Tea Set","Runic Dome","WingedGreaves","Meat on the Bone","Pantograph","War Paint","Boot","Peace Pipe"],"potions_floor_usage":[16,16,33],"damage_taken":[{"damage":1.0,"enemies":"Small Slimes","floor":1.0,"turns":3.0},{"damage":1.0,"enemies":"Cultist","floor":3.0,"turns":3.0},{"damage":2.0,"enemies":"Jaw Worm","floor":4.0,"turns":4.0},{"damage":0.0,"enemies":"Lots of Slimes","floor":5.0,"turns":2.0},{"damage":0.0,"enemies":"Gremlin Gang","floor":7.0,"turns":5.0},{"damage":0.0,"enemies":"Blue Slaver","floor":10.0,"turns":3.0},{"damage":2,"enemies":"3 Louse","floor":12,"turns":4},{"damage":5,"enemies":"Lots of Slimes","floor":14,"turns":4},{"damage":19,"enemies":"The Guardian","floor":16,"turns":10},{"damage":8,"enemies":"2 Thieves","floor":18,"turns":4},{"damage":0,"enemies":"Spheric Guardian","floor":19,"turns":3},{"damage":2,"enemies":"Snake Plant","floor":22,"turns":4},{"damage":3,"enemies":"Gremlin Leader","floor":25,"turns":4},{"damage":7,"enemies":"Book of Stabbing","floor":27,"turns":3},{"damage":0,"enemies":"3 Cultists","floor":29,"turns":3},{"damage":8,"enemies":"Colosseum Slavers","floor":30,"turns":3},{"damage":0,"enemies":"Colosseum Nobs","floor":30,"turns":2},{"damage":31,"enemies":"Collector","floor":33,"turns":10},{"damage":3,"enemies":"3 Darklings","floor":35,"turns":2},{"damage":20,"enemies":"2 Orb Walkers","floor":36,"turns":4},{"damage":0,"enemies":"Orb Walker","floor":39,"turns":2},{"damage":21,"enemies":"Giant Head","floor":42,"turns":5},{"damage":7,"enemies":"Nemesis","floor":45,"turns":3},{"damage":15,"enemies":"Reptomancer","floor":47,"turns":4},{"damage":55,"enemies":"Awakened One","floor":50,"turns":15}],"seed_played":"6009464861719857566","potions_obtained":[{"floor":1.0,"key":"Swift Potion"},{"floor":2.0,"key":"AttackPotion"},{"floor":2.0,"key":"Explosive Potion"},{"floor":5.0,"key":"GamblersBrew"},{"floor":12,"key":"Strength Potion"},{"floor":14,"key":"Strength Potion"},{"floor":16,"key":"GhostInAJar"}],"is_trial":false,"path_per_floor":["M","?","M","M","M","R","M","R","T","M","$","M","R","M","R","B",null,"M","M","?","T","M","R","$","E","T","E","R","M","?","$","R","B",null,"M","?","?","$","M","T","R","E","T","R","E","R","E","$","R","B",null],"character_chosen":"THE_SILENT","items_purchased":["Cloak And Dagger","Sling","Dagger Spray","Ancient Tea Set","Infinite Blades","Underhanded Strike","Dodge and Roll"],"campfire_rested":3,"item_purchase_floors":[11,24,24,31,38,48,48],"current_hp_per_floor":[58,58,57,55,55,55,55,55,55,55,55,53,53,48,48,29,57,49,49,28,28,26,26,26,23,23,16,35,35,37,37,37,6,59,56,36,36,36,36,36,58,49,49,49,42,64,49,49,49,31],"gold":0,"neow_bonus":"RANDOM_COMMON_RELIC","is_prod":false,"is_daily":false,"chose_seed":false,"campfire_upgraded":5,"win_rate":0,"timestamp":1549791070,"path_taken":["M","?","M","M","M","R","M","R","T","?","?","M","R","M","R","BOSS","M","M","?","?","?","R","$","E","T","E","R","?","?","$","R","BOSS","M","?","?","$","?","?","R","E","T","R","E","R","E","$","R","BOSS"],"build_version":"2019-01-23","purchased_purges":4,"victory":true,"max_hp_per_floor":[66,66,66,66,66,66,66,66,66,66,66,66,66,66,66,66,66,66,66,66,66,66,66,66,66,66,66,66,66,76,76,76,76,76,76,76,76,76,76,76,76,76,76,76,76,76,76,76,76,76],"card_choices":[{"not_picked":["Backflip","Accuracy"],"picked":"Dash","floor":1.0},{"not_picked":["Dagger Throw","Well Laid Plans"],"picked":"Dash","floor":3.0},{"not_picked":["Slice","Acrobatics"],"picked":"Backflip","floor":4.0},{"not_picked":["Outmaneuver","Poisoned Stab","Quick Slash"],"picked":"SKIP","floor":5.0},{"not_picked":["Finisher","Catalyst"],"picked":"Distraction","floor":7.0},{"not_picked":["Skewer","Dagger Throw","Bane"],"picked":"SKIP","floor":10.0},{"not_picked":["Quick Slash","Expertise"],"picked":"Well Laid Plans","floor":12},{"not_picked":["Calculated Gamble","Heel Hook"],"picked":"Skewer","floor":14},{"not_picked":["Deflect","Cloak And Dagger"],"picked":"Dagger Spray","floor":18},{"not_picked":["Deflect","Sucker Punch"],"picked":"Crippling Poison+1","floor":19},{"not_picked":["Quick Slash","Dodge and Roll+1"],"picked":"Cloak And Dagger+1","floor":22},{"not_picked":["Deadly Poison","PiercingWail","Acrobatics"],"picked":"SKIP","floor":25},{"not_picked":["PiercingWail","All Out Attack","Poisoned Stab"],"picked":"SKIP","floor":27},{"not_picked":["Burst","Heel Hook"],"picked":"Blade Dance","floor":29},{"not_picked":["Acrobatics","Bouncing Flask","Slice"],"picked":"SKIP","floor":29},{"not_picked":["Outmaneuver","Sucker Punch"],"picked":"Blade Dance","floor":30},{"not_picked":["Unload","Burst"],"picked":"Tools of the Trade","floor":33},{"not_picked":["Blade Dance","Prepared+1"],"picked":"Predator","floor":35},{"not_picked":["Blade Dance","Backflip+1"],"picked":"Escape Plan+1","floor":35},{"not_picked":["Concentrate","PiercingWail"],"picked":"Accuracy+1","floor":36},{"not_picked":["PiercingWail","Caltrops","Poisoned Stab"],"picked":"SKIP","floor":39},{"not_picked":["Deadly Poison","Finisher","Dagger Throw"],"picked":"SKIP","floor":39},{"not_picked":["All Out Attack+1","Cloak And Dagger"],"picked":"Dodge and Roll+1","floor":42},{"not_picked":["Flechettes","Poisoned Stab"],"picked":"Leg Sweep+1","floor":45},{"not_picked":["Skewer","Dagger Throw","Quick Slash"],"picked":"SKIP","floor":47}],"player_experience":1211986,"relics_obtained":[{"floor":9.0,"key":"Girya"},{"floor":20,"key":"Enchiridion"},{"floor":21,"key":"PreservedInsect"},{"floor":25,"key":"Ice Cream"},{"floor":26,"key":"Gambling Chip"},{"floor":27,"key":"Prayer Wheel"},{"floor":30,"key":"Old Coin"},{"floor":30,"key":"Pear"},{"floor":36,"key":"WingedGreaves"},{"floor":40,"key":"Meat on the Bone"},{"floor":42,"key":"Pantograph"},{"floor":43,"key":"War Paint"},{"floor":45,"key":"Boot"},{"floor":47,"key":"Peace Pipe"}],"event_choices":[{"damage_healed":0.0,"max_hp_gain":0.0,"max_hp_loss":0.0,"gold_gain":0.0,"event_name":"Lab","player_choice":"Got Potions","floor":2.0,"gold_loss":0.0,"damage_taken":0.0},{"damage_healed":0,"gold_gain":0,"player_choice":"Obtained Book","damage_taken":21,"max_hp_gain":0,"max_hp_loss":0,"event_name":"Cursed Tome","floor":20,"gold_loss":0},{"damage_healed":0,"gold_gain":0,"player_choice":"Fight","damage_taken":0,"max_hp_gain":0,"max_hp_loss":0,"event_name":"Colosseum","floor":30,"gold_loss":0},{"damage_healed":0,"gold_gain":0,"player_choice":"Fought Nobs","damage_taken":0,"max_hp_gain":0,"max_hp_loss":0,"event_name":"Colosseum","floor":30,"gold_loss":0},{"damage_healed":0,"gold_gain":0,"player_choice":"Fight","damage_taken":0,"max_hp_gain":0,"max_hp_loss":0,"event_name":"Mysterious Sphere","floor":36,"gold_loss":0},{"cards_removed":["Strike_G"],"damage_healed":0,"gold_gain":0,"player_choice":"Purged","damage_taken":0,"max_hp_gain":0,"max_hp_loss":0,"event_name":"Purifier","floor":37,"gold_loss":0}],"is_beta":false,"boss_relics":[{"not_picked":["Orrery","Empty Cage"],"picked":"Sozu"},{"not_picked":["Eternal Feather","Velvet Choker"],"picked":"Runic Dome"}],"items_purged_floors":[11,31,38,48],"is_endless":false,"potions_floor_spawned":[1,5,12,14,16,19,27,29,33,36,42,45,47],"ascension_level":18}