{"gold_per_floor":[118,138,148,167,167,188,188,188,188,211,229,229,267,280,280,280],"floor_reached":16,"playtime":2092,"items_purged":[],"score":196,"play_id":"3ad19bb9-c2bd-40bb-a18e-8f78ec9843a8","local_time":"20190112003529","is_ascension_mode":true,"campfire_choices":[{"data":"Zap","floor":8.0,"key":"SMITH"},{"floor":12.0,"key":"REST"},{"data":"Dualcast","floor":15,"key":"SMITH"}],"neow_cost":"NONE","seed_source_timestamp":0,"circlet_count":0,"master_deck":["AscendersBane","Strike_B","Strike_B","Strike_B","Strike_B","Defend_B","Defend_B","Defend_B","Defend_B","Zap+1","Dualcast+1","Ball Lightning","Cold Snap","Coolheaded","Go for the Eyes","Glacier","Regret","Buffer","Conserve Battery","Cold Snap"],"special_seed":0,"relics":["Cracked Core","Golden Idol","Bag of Marbles","Blue Candle","Peace Pipe"],"potions_floor_usage":[16],"damage_taken":[{"damage":4.0,"enemies":"Jaw Worm","floor":1.0,"turns":4.0},{"damage":12.0,"enemies":"Small Slimes","floor":2.0,"turns":4.0},{"damage":0.0,"enemies":"2 Louse","floor":3.0,"turns":1.0},{"damage":0.0,"enemies":"Gremlin Gang","floor":4.0,"turns":1.0},{"damage":8.0,"enemies":"3 Louse","floor":6.0,"turns":3.0},{"damage":2.0,"enemies":"Exordium Wildlife","floor":10.0,"turns":5.0},{"damage":6.0,"enemies":"Looter","floor":11.0,"turns":2.0},{"damage":10.0,"enemies":"3 Sentries","floor":13.0,"turns":11.0},{"damage":8,"enemies":"Blue Slaver","floor":14,"turns":3},{"damage":33,"enemies":"Slime Boss","floor":16,"turns":10}],"seed_played":"3629256351911501017","potions_obtained":[{"floor":3.0,"key":"PowerPotion"},{"floor":4.0,"key":"EssenceOfSteel"},{"floor":10.0,"key":"GamblersBrew"},{"floor":11.0,"key":"Swift Potion"}],"is_trial":false,"path_per_floor":["M","M","M","M","?","M","?","R","T","M","M","R","E","M","R","B"],"character_chosen":"DEFECT","items_purchased":[],"campfire_rested":1,"item_purchase_floors":[],"current_hp_per_floor":[67,55,55,55,28,20,20,20,20,18,12,35,25,17,17,0],"gold":280,"neow_bonus":"TEN_PERCENT_HP_BONUS","is_prod":false,"is_daily":false,"chose_seed":false,"campfire_upgraded":2,"win_rate":0,"timestamp":1547282129,"path_taken":["M","M","M","M","?","M","?","R","T","M","M","R","E","M","R","BOSS"],"build_version":"2019-01-10","purchased_purges":0,"victory":false,"max_hp_per_floor":[78,78,78,78,78,78,78,78,78,78,78,78,78,78,78,78],"card_choices":[{"not_picked":["Chaos","Darkness"],"picked":"Ball Lightning","floor":1.0},{"not_picked":["Storm","Sweeping Beam"],"picked":"Cold Snap","floor":2.0},{"not_picked":["Gash","Aggregate"],"picked":"Coolheaded","floor":3.0},{"not_picked":["Beam Cell","Coolheaded"],"picked":"Go for the Eyes","floor":4.0},{"not_picked":["Go for the Eyes","Sweeping Beam"],"picked":"Glacier","floor":6.0},{"not_picked":["Rebound","Beam Cell"],"picked":"Buffer","floor":10.0},{"not_picked":["Rebound","Doom and Gloom"],"picked":"Conserve Battery","floor":11.0},{"not_picked":["Gash","Leap"],"picked":"Cold Snap","floor":13.0},{"not_picked":["Barrage","Redo","Steam"],"picked":"SKIP","floor":14}],"player_experience":1120257,"relics_obtained":[{"floor":9.0,"key":"Blue Candle"},{"floor":13.0,"key":"Peace Pipe"}],"event_choices":[{"damage_healed":0.0,"max_hp_gain":0.0,"max_hp_loss":0.0,"gold_gain":0.0,"event_name":"Golden Idol","player_choice":"Take Damage","floor":5.0,"gold_loss":0.0,"damage_taken":27.0,"relics_obtained":["Golden Idol"]},{"damage_healed":0.0,"max_hp_gain":0.0,"max_hp_loss":0.0,"gold_gain":0.0,"event_name":"Big Fish","player_choice":"Box","floor":7.0,"gold_loss":0.0,"damage_taken":0.0,"relics_obtained":["Bag of Marbles"],"cards_obtained":["Regret"]}],"is_beta":false,"boss_relics":[],"items_purged_floors":[],"is_endless":false,"potions_floor_spawned":[3,4,10,11],"killed_by":"Slime Boss","ascension_level":17}