{"gold_per_floor":[119,39,39,39,39,39,39,68,117,117,82,95,95,127,127,127,127,138,138,151,151],"floor_reached":21,"playtime":640,"items_purged":[],"score":366,"play_id":"084331ea-541e-41dc-9786-a062450d861e","local_time":"20190918164916","is_ascension_mode":true,"campfire_choices":[{"data":"Noxious Fumes","floor":6.0,"key":"SMITH"},{"floor":10.0,"key":"REST"},{"floor":15.0,"key":"REST"}],"neow_cost":"NONE","seed_source_timestamp":262164177300,"circlet_count":0,"master_deck":["AscendersBane","Strike_G","Strike_G","Strike_G","Strike_G","Defend_G","Defend_G","Defend_G","Defend_G","Survivor","Neutralize+1","Poisoned Stab","Noxious Fumes+1","Dash","Backflip+1","Adrenaline+1","Deadly Poison+1","Calculated Gamble+1"],"special_seed":0,"relics":["Ring of the Snake","Toxic Egg 2","Calipers","Blood Vial","Omamori","Empty Cage"],"potions_floor_usage":[],"damage_taken":[{"damage":2.0,"enemies":"Jaw Worm","floor":1.0,"turns":6.0},{"damage":42.0,"enemies":"Lagavulin","floor":8.0,"turns":6.0},{"damage":0.0,"enemies":"Small Slimes","floor":12.0,"turns":4.0},{"damage":25.0,"enemies":"3 Sentries","floor":14.0,"turns":7.0},{"damage":36.0,"enemies":"The Guardian","floor":16.0,"turns":12.0},{"damage":42,"enemies":"3 Byrds","floor":18,"turns":7},{"damage":10,"enemies":"Spheric Guardian","floor":20,"turns":5},{"damage":12,"enemies":"Snake Plant","floor":21,"turns":2}],"seed_played":"-6407055627901118151","potions_obtained":[{"floor":8.0,"key":"Dexterity Potion"}],"is_trial":false,"path_per_floor":["M","$","?","$","?","R","?","E","T","R","?","M","?","E","R","B",null,"M","?","M","M"],"character_chosen":"THE_SILENT","items_purchased":["Noxious Fumes"],"campfire_rested":2,"item_purchase_floors":[2],"current_hp_per_floor":[57,57,52,52,52,52,52,10,10,29,45,47,52,29,50,16,57,17,17,9,0],"gold":151,"neow_bonus":"UPGRADE_CARD","is_prod":false,"is_daily":false,"chose_seed":false,"campfire_upgraded":1,"win_rate":0,"timestamp":1568843356,"path_taken":["M","$","?","$","?","R","?","E","T","R","?","?","?","E","R","BOSS","M","?","M","M"],"build_version":"2019-09-18","purchased_purges":0,"victory":false,"max_hp_per_floor":[66,66,66,66,66,66,66,66,66,66,66,66,71,71,71,71,71,71,71,71,71],"card_choices":[{"not_picked":["Dodge and Roll","Acrobatics"],"picked":"Poisoned Stab","floor":1.0},{"not_picked":["Dagger Throw","Infinite Blades"],"picked":"Dash","floor":8.0},{"not_picked":["Setup+1","Slice","Bane"],"picked":"SKIP","floor":12.0},{"not_picked":["Finisher","Flechettes"],"picked":"Backflip+1","floor":14.0},{"not_picked":["Malaise+1","Grand Finale"],"picked":"Adrenaline+1","floor":16.0},{"not_picked":["Reflex+1","Blade Dance+1"],"picked":"Deadly Poison+1","floor":18},{"not_picked":["Bane","Dagger Spray"],"picked":"Calculated Gamble+1","floor":20}],"player_experience":1391675,"relics_obtained":[{"floor":8.0,"key":"Calipers"},{"floor":9.0,"key":"Blood Vial"},{"floor":14.0,"key":"Omamori"}],"event_choices":[{"damage_healed":0.0,"max_hp_gain":0.0,"max_hp_loss":0.0,"gold_gain":0.0,"event_name":"Scrap Ooze","player_choice":"Success","floor":3.0,"gold_loss":0.0,"damage_taken":5.0,"relics_obtained":["Toxic Egg 2"]},{"damage_healed":0.0,"max_hp_gain":0.0,"max_hp_loss":0.0,"gold_gain":0.0,"event_name":"Liars Game","player_choice":"Ignored","floor":5.0,"gold_loss":0.0,"damage_taken":0.0},{"damage_healed":0.0,"max_hp_gain":0.0,"max_hp_loss":0.0,"gold_gain":0.0,"event_name":"Golden Wing","player_choice":"Ignored","floor":7.0,"gold_loss":0.0,"damage_taken":0.0},{"damage_healed":16.0,"max_hp_gain":0.0,"max_hp_loss":0.0,"gold_gain":0.0,"event_name":"The Cleric","player_choice":"Healed","floor":11.0,"gold_loss":35.0,"damage_taken":0.0},{"damage_healed":0.0,"max_hp_gain":5.0,"max_hp_loss":0.0,"gold_gain":0.0,"event_name":"Big Fish","player_choice":"Donut","floor":13.0,"gold_loss":0.0,"damage_taken":0.0},{"damage_healed":0,"gold_gain":0,"player_choice":"Ignored","damage_taken":0,"max_hp_gain":0,"max_hp_loss":0,"event_name":"Beggar","floor":19,"gold_loss":0}],"is_beta":true,"boss_relics":[{"not_picked":["Runic Pyramid","Velvet Choker"],"picked":"Empty Cage"}],"items_purged_floors":[],"is_endless":false,"potions_floor_spawned":[8],"killed_by":"Snake Plant","ascension_level":20}