{"gold_per_floor":[112,112,126,0,0,39,39,83,83,83,103,103,103,3,3,134,134,147,166,166,166,166,200,217,217],"floor_reached":25,"playtime":1422,"items_purged":["Defend_R","Strike_R"],"score":286,"play_id":"861acbc7-d512-4b8d-9de8-dc2b280eccae","local_time":"20191010122307","is_ascension_mode":true,"campfire_choices":[{"data":"Limit Break","floor":12,"key":"SMITH"},{"floor":15,"key":"REST"}],"neow_cost":"NONE","seed_source_timestamp":2367425871516900,"circlet_count":0,"master_deck":["Strike_R","Strike_R","Strike_R","Strike_R","Defend_R","Bash","Disarm","Headbutt","Bloodletting","Thunderclap","Offering","Pommel Strike","Spot Weakness","Limit Break+1","Double Tap"],"relics":["Burning Blood","Bloody Idol","Torii","Centennial Puzzle","Boot","Shovel","Coffee Dripper","MutagenicStrength","Peace Pipe"],"potions_floor_usage":[6,8,20,25],"damage_taken":[{"damage":9,"enemies":"2 Louse","floor":1,"turns":2},{"damage":12,"enemies":"Jaw Worm","floor":3,"turns":2},{"damage":11,"enemies":"Gremlin Nob","floor":6,"turns":3},{"damage":31,"enemies":"3 Sentries","floor":8,"turns":5},{"damage":6,"enemies":"Small Slimes","floor":11,"turns":1},{"damage":21,"enemies":"Hexaghost","floor":16,"turns":7},{"damage":17,"enemies":"Shell Parasite","floor":18,"turns":2},{"damage":12,"enemies":"Spheric Guardian","floor":19,"turns":3},{"damage":0,"enemies":"3 Cultists","floor":20,"turns":1},{"damage":15,"enemies":"Slavers","floor":23,"turns":2},{"damage":21,"enemies":"Chosen and Byrds","floor":24,"turns":2},{"damage":38,"enemies":"Gremlin Leader","floor":25,"turns":3}],"seed_played":"-2972605432884294731","potions_obtained":[{"floor":3,"key":"SneckoOil"},{"floor":6,"key":"PowerPotion"},{"floor":11,"key":"EssenceOfSteel"},{"floor":19,"key":"SmokeBomb"}],"is_trial":false,"path_per_floor":["M","?","M","$","?","E","?","E","T","?","M","R","?","$","R","B",null,"M","M","M","?","?","E","M","E"],"character_chosen":"IRONCLAD","items_purchased":["Thunderclap"],"campfire_rested":1,"item_purchase_floors":[4],"current_hp_per_floor":[77,70,64,64,64,59,47,22,22,22,22,22,22,22,44,29,63,52,46,52,52,52,48,38,0],"gold":217,"neow_bonus":"TRANSFORM_CARD","is_prod":false,"is_daily":false,"chose_seed":false,"campfire_upgraded":1,"win_rate":0,"timestamp":1570681387,"path_taken":["M","?","M","$","?","E","?","E","T","?","?","R","?","$","R","BOSS","M","M","M","?","?","E","M","E"],"build_version":"2019-07-17","purchased_purges":2,"victory":false,"max_hp_per_floor":[80,80,80,80,74,74,74,74,74,74,74,74,74,74,74,74,74,74,74,74,74,74,74,74,74],"card_choices":[{"not_picked":["Anger","Clothesline"],"picked":"Headbutt","floor":1},{"not_picked":["Power Through","Sword Boomerang"],"picked":"Bloodletting","floor":3},{"not_picked":["Headbutt","Sever Soul"],"picked":"Offering","floor":6},{"not_picked":["Feel No Pain","Shrug It Off"],"picked":"Pommel Strike","floor":8},{"not_picked":["Disarm","Warcry","Thunderclap"],"picked":"SKIP","floor":11},{"not_picked":["Juggernaut","Immolate"],"picked":"Double Tap","floor":16},{"not_picked":["Body Slam+1","Pommel Strike","Sentinel+1"],"picked":"SKIP","floor":18},{"not_picked":["Blood for Blood","True Grit+1","Feel No Pain"],"picked":"SKIP","floor":19},{"not_picked":["Clothesline+1","Wild Strike","Warcry+1"],"picked":"SKIP","floor":23},{"not_picked":["Armaments","True Grit","Havoc+1"],"picked":"SKIP","floor":24}],"player_experience":157921,"relics_obtained":[{"floor":6,"key":"Torii"},{"floor":8,"key":"Boot"},{"floor":9,"key":"Shovel"},{"floor":23,"key":"Peace Pipe"}],"event_choices":[{"cards_removed":["Defend_R"],"damage_healed":0,"gold_gain":0,"player_choice":"Card Removal","damage_taken":7,"max_hp_gain":0,"max_hp_loss":0,"event_name":"Golden Wing","floor":2,"gold_loss":0},{"damage_healed":0,"gold_gain":0,"player_choice":"Lose Max HP","damage_taken":0,"relics_obtained":["Golden Idol"],"max_hp_gain":0,"max_hp_loss":6,"event_name":"Golden Idol","floor":5,"gold_loss":0},{"damage_healed":0,"gold_gain":0,"player_choice":"Success","damage_taken":12,"relics_obtained":["Centennial Puzzle"],"max_hp_gain":0,"max_hp_loss":0,"event_name":"Scrap Ooze","floor":7,"gold_loss":0},{"damage_healed":0,"gold_gain":0,"player_choice":"2 cards matched","damage_taken":0,"max_hp_gain":0,"max_hp_loss":0,"event_name":"Match and Keep!","floor":10,"gold_loss":0,"cards_obtained":["Spot Weakness","Limit Break"]},{"damage_healed":0,"gold_gain":0,"player_choice":"Ignored","damage_taken":0,"max_hp_gain":0,"max_hp_loss":0,"event_name":"Liars Game","floor":13,"gold_loss":0},{"damage_healed":0,"gold_gain":0,"player_choice":"Inject Mutagens","damage_taken":0,"relics_obtained":["MutagenicStrength"],"max_hp_gain":0,"max_hp_loss":0,"event_name":"Drug Dealer","floor":21,"gold_loss":0},{"damage_healed":0,"gold_gain":0,"player_choice":"Gave Idol","damage_taken":0,"relics_obtained":["Bloody Idol"],"max_hp_gain":0,"max_hp_loss":0,"event_name":"Forgotten Altar","floor":22,"relics_lost":["Golden Idol"],"gold_loss":0}],"is_beta":false,"boss_relics":[{"not_picked":["Philosopher\u0027s Stone","Calling Bell"],"picked":"Coffee Dripper"}],"items_purged_floors":[4,14],"is_endless":false,"potions_floor_spawned":[3,6,11,19],"killed_by":"Gremlin Leader","ascension_level":5}