{"gold_per_floor":[110,110,130,130,146,171,171,204,204,105,132,147,215,235,235,330,330,342,354,279,279,378,412,412,442,466,478,511,511,542,217,217,319,319,338,351,370,207,254,279,298,332,332,332,360,377,377,109,109,109],"floor_reached":51,"playtime":2867,"items_purged":["Defend_R","Strike_R","Bash","Strike_R"],"score":1072,"play_id":"0c64dbf1-65e8-4fcf-98c9-207dfceda6a2","local_time":"20191010110223","is_ascension_mode":true,"campfire_choices":[{"data":"Sword Boomerang","floor":7,"key":"SMITH"},{"data":"Juggernaut","floor":15,"key":"SMITH"},{"data":"Pommel Strike","floor":29,"key":"SMITH"},{"data":"Juggernaut","floor":32,"key":"SMITH"},{"data":"Body Slam","floor":44,"key":"SMITH"},{"floor":47,"key":"REST"},{"data":"Strike_R","floor":49,"key":"SMITH"}],"neow_cost":"TEN_PERCENT_HP_LOSS","seed_source_timestamp":2361125413685100,"circlet_count":0,"master_deck":["Strike_R+1","Strike_R","Sword Boomerang+1","Rage+1","Juggernaut+1","Flex+1","Rage+1","Juggernaut+1","Double Tap+1","Pommel Strike+1","Headbutt+1","Battle Trance+1","Body Slam+1","Limit Break+1","Violence+1"],"relics":["Burning Blood","Toxic Egg 2","Singing Bowl","Letter Opener","Pear","Mummified Hand","The Courier","Sozu","Ornamental Fan","Nilry\u0027s Codex","Thread and Needle","Omamori","PreservedInsect","StoneCalendar","Calipers","Runic Pyramid","Incense Burner","Orichalcum","Ginger","Lantern","Gremlin Horn"],"potions_floor_usage":[16],"damage_taken":[{"damage":1,"enemies":"Cultist","floor":1,"turns":3},{"damage":0,"enemies":"Small Slimes","floor":3,"turns":3},{"damage":12,"enemies":"Jaw Worm","floor":5,"turns":2},{"damage":16,"enemies":"Gremlin Nob","floor":6,"turns":4},{"damage":30,"enemies":"3 Sentries","floor":8,"turns":6},{"damage":10,"enemies":"Gremlin Nob","floor":11,"turns":3},{"damage":11,"enemies":"Looter","floor":12,"turns":2},{"damage":3,"enemies":"Blue Slaver","floor":14,"turns":2},{"damage":31,"enemies":"The Guardian","floor":16,"turns":5},{"damage":6,"enemies":"3 Byrds","floor":18,"turns":4},{"damage":0,"enemies":"Spheric Guardian","floor":19,"turns":2},{"damage":34,"enemies":"Slavers","floor":23,"turns":3},{"damage":14,"enemies":"Book of Stabbing","floor":25,"turns":3},{"damage":0,"enemies":"Snake Plant","floor":27,"turns":2},{"damage":33,"enemies":"Slavers","floor":28,"turns":4},{"damage":0,"enemies":"Book of Stabbing","floor":30,"turns":2},{"damage":20,"enemies":"Collector","floor":33,"turns":5},{"damage":0,"enemies":"3 Darklings","floor":35,"turns":4},{"damage":0,"enemies":"Orb Walker","floor":36,"turns":2},{"damage":8,"enemies":"Writhing Mass","floor":37,"turns":3},{"damage":37,"enemies":"2 Orb Walkers","floor":39,"turns":3},{"damage":5,"enemies":"Reptomancer","floor":40,"turns":3},{"damage":8,"enemies":"Spire Growth","floor":41,"turns":3},{"damage":14,"enemies":"Nemesis","floor":42,"turns":3},{"damage":0,"enemies":"Reptomancer","floor":45,"turns":2},{"damage":4,"enemies":"4 Shapes","floor":46,"turns":2},{"damage":6,"enemies":"Time Eater","floor":50,"turns":5}],"seed_played":"-5254562231806093260","potions_obtained":[{"floor":8,"key":"BloodPotion"},{"floor":11,"key":"FearPotion"},{"floor":12,"key":"FairyPotion"}],"is_trial":false,"path_per_floor":["M","T","M","?","M","E","R","E","T","$","E","M","T","M","R","B",null,"M","M","?","?","?","E","?","E","T","M","E","R","E","$","R","B",null,"M","M","M","$","?","E","M","E","T","R","E","M","R","$","R","B",null],"character_chosen":"IRONCLAD","items_purchased":["Flex+1","Calipers","Battle Trance+1","Violence+1"],"campfire_rested":1,"item_purchase_floors":[10,31,38,48],"current_hp_per_floor":[72,72,72,65,59,49,49,27,37,37,33,30,30,33,33,29,86,88,90,90,90,90,64,48,42,42,50,25,25,31,31,31,19,100,102,104,104,104,73,76,76,70,70,70,78,80,114,114,114,114],"gold":109,"neow_bonus":"REMOVE_TWO","is_prod":false,"is_daily":false,"chose_seed":false,"campfire_upgraded":6,"win_rate":0,"timestamp":1570676543,"path_taken":["M","?","M","?","M","E","R","E","T","$","E","M","?","M","R","BOSS","M","M","?","?","?","E","?","E","T","?","E","R","E","$","R","BOSS","M","M","M","$","?","E","M","E","T","R","E","M","R","$","R","BOSS"],"build_version":"2019-07-17","purchased_purges":4,"victory":true,"max_hp_per_floor":[72,72,72,72,72,72,72,74,84,84,84,86,86,86,86,86,86,88,90,90,90,90,92,92,94,94,96,98,98,98,98,98,100,100,102,104,106,106,106,108,110,112,112,112,114,114,114,114,114,114],"card_choices":[{"not_picked":["Perfected Strike","Havoc"],"picked":"Sword Boomerang","floor":1},{"not_picked":["Anger","Wild Strike","Body Slam"],"picked":"SKIP","floor":3},{"not_picked":["Clash","Anger"],"picked":"Rage+1","floor":5},{"not_picked":["Reckless Charge","Berserk"],"picked":"Juggernaut","floor":6},{"not_picked":["Armaments+1","Reckless Charge","Dropkick"],"picked":"Singing Bowl","floor":8},{"not_picked":["Bloodletting+1","Infernal Blade+1"],"picked":"Rage+1","floor":11},{"not_picked":["Warcry+1","Clothesline","Cleave"],"picked":"Singing Bowl","floor":12},{"not_picked":["Twin Strike","Sentinel+1"],"picked":"Juggernaut","floor":14},{"not_picked":["Limit Break+1","Exhume+1"],"picked":"Double Tap+1","floor":16},{"not_picked":["Feel No Pain","Rupture","Anger+1"],"picked":"Singing Bowl","floor":18},{"not_picked":["Twin Strike","Pommel Strike","Headbutt"],"picked":"Singing Bowl","floor":19},{"not_picked":["Clothesline","Iron Wave","Reaper"],"picked":"Singing Bowl","floor":23},{"not_picked":["Evolve+1","Wild Strike+1","True Grit+1"],"picked":"Singing Bowl","floor":25},{"not_picked":["Havoc+1","Warcry+1","Heavy Blade+1"],"picked":"Singing Bowl","floor":27},{"not_picked":["Body Slam","Perfected Strike","Feel No Pain"],"picked":"Singing Bowl","floor":28},{"not_picked":["Flex+1","Armaments+1"],"picked":"Headbutt+1","floor":30},{"not_picked":["Immolate","Exhume+1","Reaper"],"picked":"Singing Bowl","floor":33},{"not_picked":["Shrug It Off+1","Ghostly Armor+1","Armaments+1"],"picked":"Singing Bowl","floor":35},{"not_picked":["Warcry+1","Burning Pact+1","Armaments+1"],"picked":"Singing Bowl","floor":36},{"not_picked":["Ghostly Armor+1","Whirlwind","Sever Soul+1"],"picked":"Singing Bowl","floor":37},{"not_picked":["Berserk","Headbutt"],"picked":"Body Slam","floor":39},{"not_picked":["Headbutt+1","Twin Strike+1","Cleave+1"],"picked":"Singing Bowl","floor":40},{"not_picked":["Perfected Strike","Infernal Blade+1","Wild Strike+1"],"picked":"Singing Bowl","floor":41},{"not_picked":["Armaments+1","Power Through+1","Perfected Strike"],"picked":"Singing Bowl","floor":42},{"not_picked":["Evolve","Seeing Red+1","Disarm+1"],"picked":"Singing Bowl","floor":45},{"not_picked":["Armaments+1","Spot Weakness+1"],"picked":"Limit Break+1","floor":46}],"player_experience":152691,"relics_obtained":[{"floor":2,"key":"Toxic Egg 2"},{"floor":6,"key":"Singing Bowl"},{"floor":8,"key":"Letter Opener"},{"floor":9,"key":"Pear"},{"floor":11,"key":"Mummified Hand"},{"floor":13,"key":"The Courier"},{"floor":23,"key":"Ornamental Fan"},{"floor":24,"key":"Nilry\u0027s Codex"},{"floor":25,"key":"Thread and Needle"},{"floor":26,"key":"Omamori"},{"floor":28,"key":"PreservedInsect"},{"floor":30,"key":"StoneCalendar"},{"floor":39,"key":"Incense Burner"},{"floor":40,"key":"Orichalcum"},{"floor":42,"key":"Ginger"},{"floor":43,"key":"Lantern"},{"floor":45,"key":"Gremlin Horn"}],"event_choices":[{"cards_removed":["Defend_R"],"damage_healed":0,"gold_gain":0,"player_choice":"Card Removal","damage_taken":7,"max_hp_gain":0,"max_hp_loss":0,"event_name":"Golden Wing","floor":4,"gold_loss":0},{"cards_removed":["Strike_R"],"damage_healed":0,"gold_gain":0,"player_choice":"Gave Gold","damage_taken":0,"max_hp_gain":0,"max_hp_loss":0,"event_name":"Beggar","floor":20,"gold_loss":75},{"damage_healed":0,"gold_gain":0,"player_choice":"Read","damage_taken":0,"max_hp_gain":0,"max_hp_loss":0,"event_name":"The Library","floor":21,"gold_loss":0,"cards_obtained":["Pommel Strike"]},{"damage_healed":0,"gold_gain":99,"player_choice":"Stole From Cult","damage_taken":0,"max_hp_gain":0,"max_hp_loss":0,"event_name":"Nest","floor":22,"gold_loss":0},{"damage_healed":0,"gold_gain":0,"player_choice":"Obtained Book","damage_taken":16,"max_hp_gain":0,"max_hp_loss":0,"event_name":"Cursed Tome","floor":24,"gold_loss":0},{"damage_healed":0,"gold_gain":0,"player_choice":"Fight","damage_taken":0,"max_hp_gain":0,"max_hp_loss":0,"event_name":"Mysterious Sphere","floor":39,"gold_loss":0}],"is_beta":false,"boss_relics":[{"not_picked":["Tiny House","Snecko Eye"],"picked":"Sozu"},{"not_picked":["Busted Crown","Black Star"],"picked":"Runic Pyramid"}],"items_purged_floors":[10,31,38,48],"is_endless":false,"potions_floor_spawned":[8,11,12,14,19,23,30,33,35,39,40,46],"ascension_level":4}