{"gold_per_floor":[109,284,359,94,106,132,148,183,183,199,199,214,226,126,126,126],"floor_reached":16,"playtime":830,"items_purged":["Doubt","Defend_G"],"score":118,"play_id":"cbeb0c91-4083-4300-8609-00ffe5649478","local_time":"20191005170942","is_ascension_mode":true,"campfire_choices":[{"data":"Bane","floor":11,"key":"SMITH"},{"floor":15,"key":"REST"}],"neow_cost":"NONE","seed_source_timestamp":1953211784592500,"circlet_count":0,"master_deck":["Strike_G","Strike_G","Strike_G","Strike_G","Strike_G","Defend_G","Defend_G","Defend_G","Defend_G","Survivor","Neutralize","Bane+1","Corpse Explosion","Deadly Poison","Bane"],"relics":["Ring of the Snake","Blood Vial","Calipers","Ninja Scroll"],"potions_floor_usage":[8,16],"damage_taken":[{"damage":6,"enemies":"Jaw Worm","floor":1,"turns":5},{"damage":0,"enemies":"Small Slimes","floor":5,"turns":3},{"damage":36,"enemies":"Lagavulin","floor":6,"turns":5},{"damage":0,"enemies":"Cultist","floor":7,"turns":2},{"damage":10,"enemies":"Gremlin Nob","floor":8,"turns":3},{"damage":0,"enemies":"2 Fungi Beasts","floor":10,"turns":1},{"damage":1,"enemies":"Blue Slaver","floor":12,"turns":2},{"damage":5,"enemies":"Large Slime","floor":13,"turns":5},{"damage":43,"enemies":"Hexaghost","floor":16,"turns":9}],"seed_played":"5446198762514935972","potions_obtained":[{"floor":7,"key":"SkillPotion"},{"floor":12,"key":"GamblersBrew"}],"is_trial":false,"path_per_floor":["M","?","?","$","M","E","M","E","T","M","R","M","M","$","R","B"],"character_chosen":"THE_SILENT","items_purchased":["Corpse Explosion","Deadly Poison"],"campfire_rested":1,"item_purchase_floors":[4,4],"current_hp_per_floor":[71,71,60,60,60,24,26,18,18,20,20,21,18,18,41,0],"gold":126,"neow_bonus":"TEN_PERCENT_HP_BONUS","is_prod":false,"is_daily":false,"chose_seed":false,"campfire_upgraded":1,"win_rate":0,"timestamp":1570266582,"path_taken":["M","?","?","$","M","E","M","E","T","M","R","M","M","?","R","BOSS"],"build_version":"2019-07-17","purchased_purges":2,"victory":false,"max_hp_per_floor":[77,77,77,77,77,77,77,77,77,77,77,77,77,77,77,77],"card_choices":[{"not_picked":["Underhanded Strike","Dodge and Roll"],"picked":"Bane","floor":1},{"not_picked":["Dash","Caltrops"],"picked":"Bane","floor":5},{"not_picked":["Outmaneuver","Blade Dance","Well Laid Plans"],"picked":"SKIP","floor":6},{"not_picked":["Acrobatics","Footwork","Dagger Spray"],"picked":"SKIP","floor":7},{"not_picked":["Dagger Throw","Cloak And Dagger","Acrobatics"],"picked":"SKIP","floor":8},{"not_picked":["Deflect","Prepared","Leg Sweep"],"picked":"SKIP","floor":10},{"not_picked":["Dodge and Roll","Distraction","PiercingWail"],"picked":"SKIP","floor":12},{"not_picked":["Tactician","Terror","Deflect"],"picked":"SKIP","floor":13}],"player_experience":89971,"relics_obtained":[{"floor":6,"key":"Blood Vial"},{"floor":8,"key":"Calipers"},{"floor":9,"key":"Ninja Scroll"}],"event_choices":[{"damage_healed":0,"gold_gain":175,"player_choice":"AGREE","damage_taken":0,"max_hp_gain":0,"max_hp_loss":0,"event_name":"Liars Game","floor":2,"gold_loss":0,"cards_obtained":["Doubt"]},{"damage_healed":0,"gold_gain":75,"player_choice":"Gather Gold","damage_taken":11,"max_hp_gain":0,"max_hp_loss":0,"event_name":"World of Goop","floor":3,"gold_loss":0}],"is_beta":false,"boss_relics":[],"items_purged_floors":[4,14],"is_endless":false,"potions_floor_spawned":[7,12],"killed_by":"Hexaghost","ascension_level":1}