{"gold_per_floor":[138,5,5,44,44,142,142,243,243,243,305,370,471,507,507,507],"floor_reached":16,"playtime":266,"items_purged":[],"score":170,"play_id":"8ac37893-99b7-4135-9756-3b2fc9b0f211","local_time":"20190919015531","daily_mods":["DeadlyEvents","Binary","Cursed Run","Elite Swarm","Lethality","Midas","Night Terrors","Terminal","Uncertain Future","Binary"],"is_ascension_mode":false,"campfire_choices":[{"floor":7.0,"key":"REST"},{"floor":10.0,"key":"REST"},{"floor":15,"key":"REST"}],"neow_cost":"","seed_source_timestamp":558404755300,"circlet_count":0,"master_deck":["Strike_R","Strike_R","Strike_R","Strike_R","Strike_R","Defend_R","Defend_R","Defend_R","Defend_R","Bash","Shrug It Off","Trip","Injury"],"special_seed":0,"relics":["Cursed Key","Darkstone Periapt","Du-Vu Doll","Busted Crown","Golden Idol","Meat on the Bone","Red Skull","Peace Pipe"],"potions_floor_usage":[13,16,16],"damage_taken":[{"damage":0.0,"enemies":"Jaw Worm","floor":1.0,"turns":2.0},{"damage":0.0,"enemies":"Small Slimes","floor":4.0,"turns":2.0},{"damage":1.0,"enemies":"Lagavulin","floor":6.0,"turns":6.0},{"damage":0.0,"enemies":"3 Sentries","floor":8.0,"turns":6.0},{"damage":0.0,"enemies":"2 Louse","floor":11.0,"turns":2.0},{"damage":0.0,"enemies":"Exordium Thugs","floor":12.0,"turns":3.0},{"damage":0,"enemies":"Lagavulin","floor":13,"turns":3},{"damage":0,"enemies":"3 Louse","floor":14,"turns":3},{"damage":3,"enemies":"Hexaghost","floor":16,"turns":2}],"seed_played":"-6148466230125560723","potions_obtained":[{"floor":4.0,"key":"Regen Potion"},{"floor":6.0,"key":"Strength Potion"},{"floor":8.0,"key":"GamblersBrew"},{"floor":13,"key":"Strength Potion"}],"is_trial":true,"path_per_floor":["M","$","?","M","?","E","R","E","T","R","M","M","E","M","R","B"],"character_chosen":"IRONCLAD","items_purchased":["Shrug It Off","Trip"],"campfire_rested":3,"item_purchase_floors":[2,2],"current_hp_per_floor":[1,1,1,1,6,5,1,1,1,1,1,1,1,1,1,0],"gold":507,"neow_bonus":"","is_prod":false,"is_daily":false,"chose_seed":false,"campfire_upgraded":0,"win_rate":0,"timestamp":1568876131,"path_taken":["M","$","?","M","?","E","R","E","T","R","?","M","E","M","R","BOSS"],"build_version":"2019-09-18","purchased_purges":0,"victory":false,"max_hp_per_floor":[1,1,1,1,6,5,1,1,1,1,1,1,1,1,1,1],"card_choices":[],"player_experience":1401638,"relics_obtained":[{"floor":6.0,"key":"Meat on the Bone"},{"floor":8.0,"key":"Red Skull"},{"floor":13,"key":"Peace Pipe"}],"event_choices":[{"damage_healed":0.0,"max_hp_gain":0.0,"max_hp_loss":0.0,"gold_gain":0.0,"event_name":"Golden Wing","player_choice":"Ignored","floor":3.0,"gold_loss":0.0,"damage_taken":0.0},{"damage_healed":0.0,"max_hp_gain":0.0,"max_hp_loss":0.0,"gold_gain":0.0,"event_name":"Golden Idol","player_choice":"Take Wound","floor":5.0,"gold_loss":0.0,"damage_taken":0.0,"relics_obtained":["Golden Idol"],"cards_obtained":["Injury"]}],"is_beta":true,"boss_relics":[],"items_purged_floors":[],"is_endless":false,"potions_floor_spawned":[4,6,8,13,14],"killed_by":"Hexaghost","ascension_level":0}