{"gold_per_floor":[110,121,136,61,61,89,116,116,116,116,129,149,174,188,188,288,288,299,313,313,332,432,467,467,481,481,500,514,514,534,139,139,139],"floor_reached":33,"playtime":2384,"items_purged":["Defend_G","Prepared+1"],"score":281,"play_id":"2e0ed1b6-22d2-45c8-bf25-92935aa49e81","local_time":"20190927204440","is_ascension_mode":false,"campfire_choices":[{"data":"Poisoned Stab","floor":15,"key":"SMITH"},{"floor":24,"key":"REST"},{"data":"Well Laid Plans","floor":29,"key":"SMITH"},{"floor":32,"key":"REST"}],"neow_cost":"NONE","seed_source_timestamp":1273355778684500,"circlet_count":0,"master_deck":["Strike_G","Strike_G","Strike_G","Strike_G","Defend_G","Defend_G","Defend_G+1","Survivor+1","Neutralize+1","Backstab","Poisoned Stab+1","All Out Attack","Flying Knee","Flying Knee","Bane","Tools of the Trade","Well Laid Plans+1","All Out Attack+1","Unload","Bane"],"relics":["Ring of the Snake","Pear","Gremlin Horn","Odd Mushroom","Paper Crane","Nunchaku","The Specimen","Black Star","Centennial Puzzle","Regal Pillow","Bottled Tornado","War Paint","Snake Skull"],"potions_floor_usage":[16,16,19,23,30,33],"damage_taken":[{"damage":0,"enemies":"Small Slimes","floor":1,"turns":3},{"damage":0,"enemies":"Jaw Worm","floor":2,"turns":3},{"damage":0,"enemies":"2 Louse","floor":3,"turns":2},{"damage":14,"enemies":"3 Sentries","floor":6,"turns":6},{"damage":0,"enemies":"The Mushroom Lair","floor":7,"turns":2},{"damage":1,"enemies":"Looter","floor":11,"turns":2},{"damage":0,"enemies":"Lots of Slimes","floor":12,"turns":1},{"damage":5,"enemies":"Lagavulin","floor":13,"turns":6},{"damage":2,"enemies":"Exordium Wildlife","floor":14,"turns":2},{"damage":9,"enemies":"Hexaghost","floor":16,"turns":7},{"damage":5,"enemies":"3 Byrds","floor":18,"turns":4},{"damage":21,"enemies":"2 Thieves","floor":19,"turns":4},{"damage":12,"enemies":"Snake Plant","floor":21,"turns":6},{"damage":30,"enemies":"Slavers","floor":23,"turns":4},{"damage":7,"enemies":"Chosen and Byrds","floor":25,"turns":5},{"damage":1,"enemies":"3 Cultists","floor":27,"turns":3},{"damage":25,"enemies":"Sentry and Sphere","floor":28,"turns":4},{"damage":23,"enemies":"Snake Plant","floor":30,"turns":3},{"damage":50,"enemies":"Collector","floor":33,"turns":6}],"seed_played":"7130897074246764508","potions_obtained":[{"floor":1,"key":"Strength Potion"},{"floor":7,"key":"FairyPotion"},{"floor":11,"key":"Strength Potion"},{"floor":18,"key":"EssenceOfSteel"},{"floor":21,"key":"LiquidBronze"},{"floor":27,"key":"FearPotion"},{"floor":30,"key":"Fire Potion"}],"is_trial":false,"path_per_floor":["M","M","M","$","?","E","?","?","T","T","M","M","E","M","R","B",null,"M","M","?","M","?","E","R","M","T","M","M","R","M","$","R","B"],"character_chosen":"THE_SILENT","items_purchased":["War Paint","Snake Skull"],"campfire_rested":2,"item_purchase_floors":[31,31],"current_hp_per_floor":[70,70,70,70,77,63,63,56,56,56,55,55,50,48,48,39,80,75,54,54,42,42,12,51,44,44,43,18,18,4,4,43,0],"gold":139,"neow_bonus":"UPGRADE_CARD","is_prod":false,"is_daily":false,"chose_seed":false,"campfire_upgraded":2,"win_rate":0.0,"timestamp":1569588280,"path_taken":["M","M","M","$","?","E","?","?","T","?","?","M","E","M","R","BOSS","M","M","?","?","?","E","R","M","T","M","?","R","M","$","R","BOSS"],"build_version":"2019-07-17","purchased_purges":2,"victory":false,"max_hp_per_floor":[70,70,70,70,80,80,80,80,80,80,80,80,80,80,80,80,80,80,80,80,80,80,80,80,80,80,80,80,80,80,80,80,80],"card_choices":[{"not_picked":["All Out Attack","Poisoned Stab"],"picked":"Backstab","floor":1},{"not_picked":["Outmaneuver","Dagger Throw"],"picked":"Poisoned Stab","floor":2},{"not_picked":["Deadly Poison","Glass Knife"],"picked":"All Out Attack","floor":3},{"not_picked":["Phantasmal Killer","Eviscerate","Footwork"],"picked":"SKIP","floor":6},{"not_picked":["Acrobatics","Deadly Poison"],"picked":"Flying Knee","floor":7},{"not_picked":["Backflip","Bane"],"picked":"Flying Knee","floor":11},{"not_picked":["PiercingWail","Dodge and Roll","Noxious Fumes"],"picked":"SKIP","floor":12},{"not_picked":["Dagger Throw","Deflect"],"picked":"Bane","floor":13},{"not_picked":["Backflip","Dash","Choke"],"picked":"SKIP","floor":14},{"not_picked":["After Image","Adrenaline"],"picked":"Tools of the Trade","floor":16},{"not_picked":["Quick Slash","Flying Knee","Blade Dance"],"picked":"SKIP","floor":18},{"not_picked":["Outmaneuver+1","Flying Knee"],"picked":"Well Laid Plans","floor":19},{"not_picked":["Bouncing Flask","Deadly Poison"],"picked":"All Out Attack+1","floor":21},{"not_picked":["Deflect+1","Sucker Punch+1"],"picked":"Unload","floor":23},{"not_picked":["Blade Dance+1","Dagger Throw+1"],"picked":"Bane","floor":25},{"not_picked":["Blade Dance+1","Slice"],"picked":"Prepared+1","floor":27},{"not_picked":["Riddle With Holes","Heel Hook","PiercingWail"],"picked":"SKIP","floor":28},{"not_picked":["Quick Slash","Dash","Acrobatics+1"],"picked":"SKIP","floor":30}],"player_experience":34602,"relics_obtained":[{"floor":6,"key":"Gremlin Horn"},{"floor":7,"key":"Odd Mushroom"},{"floor":9,"key":"Paper Crane"},{"floor":10,"key":"Nunchaku"},{"floor":13,"key":"The Specimen"},{"floor":23,"key":"Centennial Puzzle"},{"floor":23,"key":"Regal Pillow"},{"floor":26,"key":"Bottled Tornado"}],"event_choices":[{"damage_healed":0,"gold_gain":0,"player_choice":"Success","damage_taken":3,"relics_obtained":["Pear"],"max_hp_gain":0,"max_hp_loss":0,"event_name":"Scrap Ooze","floor":5,"gold_loss":0},{"damage_healed":0,"gold_gain":0,"player_choice":"Fought Mushrooms","damage_taken":0,"max_hp_gain":0,"max_hp_loss":0,"event_name":"Mushrooms","floor":7,"gold_loss":0},{"cards_removed":["Defend_G"],"damage_healed":0,"gold_gain":0,"player_choice":"Card Removal","damage_taken":7,"max_hp_gain":0,"max_hp_loss":0,"event_name":"Golden Wing","floor":8,"gold_loss":0},{"cards_removed":["Strike_G"],"damage_healed":0,"gold_gain":0,"player_choice":"Purged","damage_taken":0,"max_hp_gain":0,"max_hp_loss":0,"event_name":"Purifier","floor":20,"gold_loss":0},{"damage_healed":0,"gold_gain":100,"player_choice":"Pray","damage_taken":0,"max_hp_gain":0,"max_hp_loss":0,"event_name":"Golden Shrine","floor":22,"gold_loss":0}],"is_beta":false,"boss_relics":[{"not_picked":["Coffee Dripper","Astrolabe"],"picked":"Black Star"}],"items_purged_floors":[4,31],"is_endless":false,"potions_floor_spawned":[1,7,11,13,18,21,27,30],"killed_by":"Collector","ascension_level":0}