{"gold_per_floor":[116,291,52,102,102,152,187,232,232,297,297,339,339,377,377,499,499,540,579,579,619,619,619],"floor_reached":23,"playtime":1746,"items_purged":["Doubt"],"score":213,"play_id":"f18edba5-8747-4ab1-8149-06bcacc47998","local_time":"20191005204249","is_ascension_mode":true,"campfire_choices":[{"floor":11,"key":"REST"},{"floor":15,"key":"REST"}],"neow_cost":"PERCENT_DAMAGE","seed_source_timestamp":1965082108890100,"circlet_count":0,"master_deck":["Strike_G","Strike_G","Strike_G","Strike_G+1","Defend_G","Defend_G","Defend_G","Survivor","Neutralize","Flying Knee","HandOfGreed+1","Well Laid Plans","Bouncing Flask","Catalyst","Malaise","Deflect+1","Burst+1","Catalyst+1"],"relics":["Ring of the Snake","Paper Crane","Happy Flower","Whetstone","Toxic Egg 2","Busted Crown"],"potions_floor_usage":[8,8,16,23,23],"damage_taken":[{"damage":2,"enemies":"Small Slimes","floor":1,"turns":3},{"damage":0,"enemies":"2 Louse","floor":4,"turns":3},{"damage":13,"enemies":"Gremlin Nob","floor":6,"turns":4},{"damage":3,"enemies":"Jaw Worm","floor":7,"turns":3},{"damage":16,"enemies":"3 Sentries","floor":8,"turns":6},{"damage":1,"enemies":"Gremlin Gang","floor":10,"turns":5},{"damage":11,"enemies":"Exordium Thugs","floor":12,"turns":5},{"damage":0,"enemies":"Blue Slaver","floor":14,"turns":4},{"damage":16,"enemies":"The Guardian","floor":16,"turns":8},{"damage":2,"enemies":"Spheric Guardian","floor":18,"turns":8},{"damage":2,"enemies":"Shell Parasite","floor":19,"turns":8},{"damage":19,"enemies":"Sentry and Sphere","floor":21,"turns":5},{"damage":47,"enemies":"Slavers","floor":23,"turns":3}],"seed_played":"3759142534313990989","potions_obtained":[{"floor":4,"key":"GamblersBrew"},{"floor":6,"key":"AttackPotion"},{"floor":10,"key":"Ancient Potion"},{"floor":12,"key":"Energy Potion"},{"floor":18,"key":"Energy Potion"}],"is_trial":false,"path_per_floor":["M","?","$","M","?","E","M","E","T","M","R","M","?","M","R","B",null,"M","M","?","M","?","E"],"character_chosen":"THE_SILENT","items_purchased":["HandOfGreed"],"campfire_rested":2,"item_purchase_floors":[3],"current_hp_per_floor":[47,47,47,47,40,27,24,8,8,7,28,17,17,17,38,22,70,68,66,66,47,47,0],"gold":619,"neow_bonus":"REMOVE_TWO","is_prod":false,"is_daily":false,"chose_seed":false,"campfire_upgraded":0,"win_rate":0,"timestamp":1570279369,"path_taken":["M","?","$","M","?","E","M","E","T","M","R","M","?","M","R","BOSS","M","M","?","M","?","E"],"build_version":"2019-07-17","purchased_purges":1,"victory":false,"max_hp_per_floor":[70,70,70,70,70,70,70,70,70,70,70,70,70,70,70,70,70,70,70,70,70,70,70],"card_choices":[{"not_picked":["Slice","Terror"],"picked":"Flying Knee","floor":1},{"not_picked":["PiercingWail","Noxious Fumes"],"picked":"Well Laid Plans","floor":4},{"not_picked":["Prepared","Endless Agony"],"picked":"Bouncing Flask","floor":6},{"not_picked":["Eviscerate","Acrobatics"],"picked":"Catalyst","floor":7},{"not_picked":["All Out Attack","Bane"],"picked":"Malaise","floor":8},{"not_picked":["Bane","Predator","Flechettes"],"picked":"SKIP","floor":10},{"not_picked":["Eviscerate","Dash"],"picked":"Deflect+1","floor":12},{"not_picked":["Corpse Explosion+1","Tools of the Trade"],"picked":"Burst+1","floor":16},{"not_picked":["Underhanded Strike"],"picked":"SKIP","floor":18},{"not_picked":["All Out Attack"],"picked":"SKIP","floor":19},{"not_picked":[],"picked":"Catalyst+1","floor":21}],"player_experience":98132,"relics_obtained":[{"floor":6,"key":"Happy Flower"},{"floor":8,"key":"Whetstone"},{"floor":9,"key":"Toxic Egg 2"}],"event_choices":[{"damage_healed":0,"gold_gain":175,"player_choice":"AGREE","damage_taken":0,"max_hp_gain":0,"max_hp_loss":0,"event_name":"Liars Game","floor":2,"gold_loss":0,"cards_obtained":["Doubt"]},{"damage_healed":0,"gold_gain":0,"player_choice":"Success","damage_taken":7,"relics_obtained":["Paper Crane"],"max_hp_gain":0,"max_hp_loss":0,"event_name":"Scrap Ooze","floor":5,"gold_loss":0},{"cards_removed":["Strike_G"],"damage_healed":0,"gold_gain":0,"player_choice":"Forget","damage_taken":0,"max_hp_gain":0,"max_hp_loss":0,"event_name":"Living Wall","floor":13,"gold_loss":0},{"damage_healed":0,"gold_gain":0,"player_choice":"Ignored","damage_taken":0,"max_hp_gain":0,"max_hp_loss":0,"event_name":"The Mausoleum","floor":20,"gold_loss":0},{"damage_healed":0,"gold_gain":0,"player_choice":"Ignored","damage_taken":0,"max_hp_gain":0,"max_hp_loss":0,"event_name":"Vampires","floor":22,"gold_loss":0}],"is_beta":false,"boss_relics":[{"not_picked":["Astrolabe","Lizard Tail"],"picked":"Busted Crown"}],"items_purged_floors":[3],"is_endless":false,"potions_floor_spawned":[4,6,10,12,18],"killed_by":"Slavers","ascension_level":1}