{"gold_per_floor":[109,128,303,321,94,94,114,145,145,177,177,187,87,87,87,87],"floor_reached":16,"playtime":1170,"items_purged":["Doubt","Defend_G"],"score":116,"play_id":"3c04b244-a31c-45b7-b676-ea9247c43470","local_time":"20191005194224","is_ascension_mode":true,"campfire_choices":[{"data":"Blade Dance","floor":6,"key":"SMITH"},{"floor":15,"key":"REST"}],"neow_cost":"NONE","seed_source_timestamp":1962033085680400,"circlet_count":0,"master_deck":["Strike_G","Strike_G","Strike_G","Strike_G","Strike_G","Defend_G","Defend_G","Survivor","Neutralize","Blade Dance+1","Finisher","Outmaneuver","Venomology","Escape Plan","Cloak And Dagger"],"relics":["Ring of the Snake","Bag of Marbles","Sundial","Ornamental Fan","Dodecahedron"],"potions_floor_usage":[8,10,10,16,16],"damage_taken":[{"damage":4,"enemies":"Cultist","floor":1,"turns":4},{"damage":0,"enemies":"Small Slimes","floor":2,"turns":4},{"damage":2,"enemies":"2 Louse","floor":4,"turns":3},{"damage":6,"enemies":"Exordium Wildlife","floor":7,"turns":4},{"damage":34,"enemies":"3 Sentries","floor":8,"turns":8},{"damage":8,"enemies":"Lagavulin","floor":10,"turns":6},{"damage":0,"enemies":"Large Slime","floor":12,"turns":1},{"damage":41,"enemies":"The Guardian","floor":16,"turns":10}],"seed_played":"-7838375726024464077","potions_obtained":[{"floor":2,"key":"Energy Potion"},{"floor":12,"key":"SteroidPotion"}],"is_trial":false,"path_per_floor":["M","M","?","M","$","R","M","E","T","E","?","M","$","?","R","B"],"character_chosen":"THE_SILENT","items_purchased":["Bag of Marbles"],"campfire_rested":1,"item_purchase_floors":[5],"current_hp_per_floor":[66,66,66,64,64,64,58,24,24,16,16,16,16,16,37,0],"gold":87,"neow_bonus":"REMOVE_CARD","is_prod":false,"is_daily":false,"chose_seed":false,"campfire_upgraded":1,"win_rate":0,"timestamp":1570275744,"path_taken":["M","?","?","M","$","R","M","E","T","E","?","M","?","?","R","BOSS"],"build_version":"2019-07-17","purchased_purges":2,"victory":false,"max_hp_per_floor":[70,70,70,70,70,70,70,70,70,70,70,70,70,70,70,70],"card_choices":[{"not_picked":["Backflip","Skewer"],"picked":"Blade Dance","floor":1},{"not_picked":["Prepared","Dagger Spray"],"picked":"Finisher","floor":2},{"not_picked":["Bane","Sucker Punch"],"picked":"Outmaneuver","floor":4},{"not_picked":["Poisoned Stab","PiercingWail"],"picked":"Venomology","floor":7},{"not_picked":["Deflect","Dagger Spray","Poisoned Stab"],"picked":"SKIP","floor":8},{"not_picked":["Dagger Spray","Backstab"],"picked":"Escape Plan","floor":10},{"not_picked":["Bane","Leg Sweep","Noxious Fumes"],"picked":"SKIP","floor":12}],"player_experience":95161,"relics_obtained":[{"floor":8,"key":"Sundial"},{"floor":9,"key":"Ornamental Fan"},{"floor":10,"key":"Dodecahedron"}],"event_choices":[{"damage_healed":0,"gold_gain":175,"player_choice":"AGREE","damage_taken":0,"max_hp_gain":0,"max_hp_loss":0,"event_name":"Liars Game","floor":3,"gold_loss":0,"cards_obtained":["Doubt"]},{"cards_removed":["Defend_G"],"damage_healed":0,"gold_gain":0,"player_choice":"Forget","damage_taken":0,"max_hp_gain":0,"max_hp_loss":0,"event_name":"Living Wall","floor":11,"gold_loss":0},{"damage_healed":0,"gold_gain":0,"player_choice":"1 cards matched","damage_taken":0,"max_hp_gain":0,"max_hp_loss":0,"event_name":"Match and Keep!","floor":14,"gold_loss":0,"cards_obtained":["Cloak And Dagger"]},{"damage_healed":0,"gold_gain":0,"player_choice":"1 cards matched","damage_taken":0,"max_hp_gain":0,"max_hp_loss":0,"event_name":"Match and Keep!","floor":14,"gold_loss":0,"cards_obtained":["Cloak And Dagger"]}],"is_beta":false,"boss_relics":[],"items_purged_floors":[5,13],"is_endless":false,"potions_floor_spawned":[2,12],"killed_by":"The Guardian","ascension_level":1}