{"gold_per_floor":[115,40,52,67,84,84,94,124,150,164,164,64,64,96,96,96],"floor_reached":16,"playtime":1332,"items_purged":["Defend_G","Defend_G"],"score":118,"play_id":"b9d53cd6-208f-4e00-875e-00e5e681364a","local_time":"20191005192245","is_ascension_mode":true,"campfire_choices":[{"data":"Forethought","floor":6,"key":"SMITH"},{"data":"Choke","floor":11,"key":"SMITH"},{"floor":13,"key":"REST"},{"data":"Acrobatics","floor":15,"key":"SMITH"}],"neow_cost":"NONE","seed_source_timestamp":1960691789248600,"circlet_count":0,"master_deck":["Strike_G","Strike_G","Strike_G","Strike_G","Strike_G","Defend_G","Defend_G","Defend_G","Survivor","Neutralize","Forethought+1","Deadly Poison","Dagger Throw","Acrobatics+1","Underhanded Strike","Phantasmal Killer","Choke+1"],"relics":["Ring of the Snake","Strawberry","Ancient Tea Set","Dream Catcher"],"potions_floor_usage":[7,8,14,16],"damage_taken":[{"damage":2,"enemies":"Cultist","floor":1,"turns":5},{"damage":7,"enemies":"2 Louse","floor":3,"turns":2},{"damage":5,"enemies":"Jaw Worm","floor":4,"turns":3},{"damage":6,"enemies":"Looter","floor":5,"turns":4},{"damage":3,"enemies":"3 Louse","floor":7,"turns":2},{"damage":14,"enemies":"Lagavulin","floor":8,"turns":8},{"damage":5,"enemies":"2 Fungi Beasts","floor":10,"turns":3},{"damage":5,"enemies":"3 Sentries","floor":14,"turns":8},{"damage":40,"enemies":"Hexaghost","floor":16,"turns":9}],"seed_played":"5495623886604863558","potions_obtained":[{"floor":1,"key":"Explosive Potion"},{"floor":3,"key":"Block Potion"},{"floor":5,"key":"PowerPotion"},{"floor":10,"key":"SkillPotion"}],"is_trial":false,"path_per_floor":["M","$","M","M","M","R","M","E","T","M","R","$","R","E","R","B"],"character_chosen":"THE_SILENT","items_purchased":[],"campfire_rested":1,"item_purchase_floors":[],"current_hp_per_floor":[68,68,61,56,50,50,47,40,40,35,35,35,58,53,53,13],"gold":96,"neow_bonus":"RANDOM_COLORLESS","is_prod":false,"is_daily":false,"chose_seed":false,"campfire_upgraded":3,"win_rate":0,"timestamp":1570274565,"path_taken":["M","$","M","M","M","R","M","E","T","M","R","$","R","E","R","BOSS"],"build_version":"2019-07-17","purchased_purges":2,"victory":false,"max_hp_per_floor":[70,70,70,70,70,70,70,77,77,77,77,77,77,77,77,77],"card_choices":[{"not_picked":["Deflect","Endless Agony"],"picked":"Deadly Poison","floor":1},{"not_picked":["Crippling Poison","Backflip"],"picked":"Dagger Throw","floor":3},{"not_picked":["Deadly Poison","Dash"],"picked":"Acrobatics","floor":4},{"not_picked":["Quick Slash","Distraction","Finisher"],"picked":"SKIP","floor":5},{"not_picked":["Quick Slash","Distraction","Finisher"],"picked":"SKIP","floor":5},{"not_picked":["Eviscerate","Accuracy"],"picked":"Underhanded Strike","floor":7},{"not_picked":["Acrobatics","Blade Dance"],"picked":"Phantasmal Killer","floor":8},{"not_picked":["Backflip","Leg Sweep"],"picked":"Choke","floor":10},{"not_picked":["Eviscerate","Deflect","All Out Attack"],"picked":"SKIP","floor":14}],"player_experience":93829,"relics_obtained":[{"floor":8,"key":"Strawberry"},{"floor":9,"key":"Ancient Tea Set"},{"floor":14,"key":"Dream Catcher"}],"event_choices":[],"is_beta":false,"boss_relics":[],"items_purged_floors":[2,12],"is_endless":false,"potions_floor_spawned":[1,3,5,10],"killed_by":"Hexaghost","ascension_level":1}