{"gold_per_floor":[109,34,51,63,63,63,63,63,89,123,142,142,160,183,183,307,307,331,331,351,251,275,275,306,306,306,327,351,369,405,424,424,555,555,574,699,86,86,86,86,106,145,171,171,186,202,220,220,220,220],"floor_reached":51,"playtime":4307,"items_purged":["Defend_G","Defend_G","Strike_G"],"score":698,"play_id":"16b4a1f9-f758-445d-b5d4-872f5f206c51","local_time":"20190928072314","is_ascension_mode":false,"campfire_choices":[{"data":"Neutralize","floor":6,"key":"SMITH"},{"data":"Dagger Spray","floor":8,"key":"SMITH"},{"data":"Tactician","floor":15,"key":"SMITH"},{"data":"Dagger Throw","floor":23,"key":"SMITH"},{"data":"Adrenaline","floor":25,"key":"SMITH"},{"data":"Survivor","floor":32,"key":"SMITH"},{"data":"Unload","floor":40,"key":"SMITH"},{"data":"Slice","floor":49,"key":"SMITH"}],"neow_cost":"NONE","seed_source_timestamp":1309731273014700,"circlet_count":0,"master_deck":["Strike_G+1","Strike_G","Strike_G","Strike_G","Defend_G","Defend_G","Defend_G","Survivor+1","Neutralize+1","Dagger Throw+1","Dagger Spray+1","Tactician+1","Adrenaline+1","Heel Hook","Masterful Stab+1","Unload+1","Underhanded Strike+1","Unload","Madness","Madness","Slice+1","Escape Plan","Flechettes+1","Predator+1","Dark Shackles"],"relics":["Ring of the Snake","Kunai","PreservedInsect","Sundial","Golden Idol","Runic Pyramid","MutagenicStrength","Blood Vial","Shuriken","Anchor","Coffee Dripper","StoneCalendar","Whetstone","Ornamental Fan","Bag of Marbles","Ancient Tea Set"],"potions_floor_usage":[5,16,27,29,30,31,33,36,36,42,50,50],"damage_taken":[{"damage":7,"enemies":"Cultist","floor":1,"turns":4},{"damage":0,"enemies":"Small Slimes","floor":3,"turns":2},{"damage":0,"enemies":"2 Louse","floor":4,"turns":2},{"damage":0,"enemies":"Exordium Wildlife","floor":5,"turns":1},{"damage":4,"enemies":"3 Sentries","floor":10,"turns":4},{"damage":0,"enemies":"2 Fungi Beasts","floor":11,"turns":2},{"damage":2,"enemies":"Blue Slaver","floor":13,"turns":4},{"damage":5,"enemies":"3 Louse","floor":14,"turns":2},{"damage":30,"enemies":"The Guardian","floor":16,"turns":14},{"damage":3,"enemies":"Shell Parasite","floor":18,"turns":4},{"damage":13,"enemies":"2 Thieves","floor":20,"turns":3},{"damage":11,"enemies":"Chosen and Byrds","floor":22,"turns":3},{"damage":3,"enemies":"Slavers","floor":24,"turns":4},{"damage":1,"enemies":"Snecko","floor":27,"turns":3},{"damage":7,"enemies":"Shelled Parasite and Fungi","floor":28,"turns":3},{"damage":0,"enemies":"Centurion and Healer","floor":29,"turns":2},{"damage":0,"enemies":"Book of Stabbing","floor":30,"turns":3},{"damage":8,"enemies":"Snake Plant","floor":31,"turns":3},{"damage":36,"enemies":"Champ","floor":33,"turns":8},{"damage":30,"enemies":"3 Shapes","floor":35,"turns":4},{"damage":17,"enemies":"Mind Bloom Boss Battle","floor":36,"turns":5},{"damage":0,"enemies":"Orb Walker","floor":41,"turns":2},{"damage":13,"enemies":"Nemesis","floor":42,"turns":5},{"damage":4,"enemies":"Jaw Worm Horde","floor":45,"turns":3},{"damage":0,"enemies":"Transient","floor":46,"turns":5},{"damage":10,"enemies":"Maw","floor":47,"turns":6},{"damage":43,"enemies":"Donu and Deca","floor":50,"turns":9}],"seed_played":"-6985666930563764220","potions_obtained":[{"floor":3,"key":"SmokeBomb"},{"floor":10,"key":"GamblersBrew"},{"floor":14,"key":"GamblersBrew"},{"floor":16,"key":"FearPotion"},{"floor":22,"key":"SkillPotion"},{"floor":28,"key":"EssenceOfSteel"},{"floor":29,"key":"Fire Potion"},{"floor":31,"key":"SteroidPotion"},{"floor":33,"key":"FearPotion"},{"floor":35,"key":"Poison Potion"},{"floor":41,"key":"GhostInAJar"},{"floor":42,"key":"Regen Potion"}],"is_trial":false,"path_per_floor":["M","$","M","M","M","R","T","R","T","E","M","?","M","M","R","B",null,"M","?","M","$","M","R","E","R","T","M","M","M","E","M","R","B",null,"M","?","$","?","?","R","M","E","T","?","M","M","M","?","R","B",null],"character_chosen":"THE_SILENT","items_purchased":["Whetstone","Ornamental Fan","Unload"],"campfire_rested":0,"item_purchase_floors":[37,37,37],"current_hp_per_floor":[70,70,70,70,70,70,70,70,70,66,66,47,45,40,40,10,77,74,74,61,61,50,50,47,47,47,48,43,45,47,41,41,7,77,47,32,32,32,22,22,24,13,13,67,63,65,57,57,57,31],"gold":220,"neow_bonus":"TEN_PERCENT_HP_BONUS","is_prod":false,"is_daily":false,"chose_seed":false,"campfire_upgraded":8,"win_rate":0.0,"timestamp":1569626594,"path_taken":["M","$","M","M","M","R","?","R","T","E","M","?","M","M","R","BOSS","M","?","M","$","M","R","E","R","T","M","M","M","E","M","R","BOSS","M","?","$","?","?","R","M","E","T","?","M","M","?","?","R","BOSS"],"build_version":"2019-07-17","purchased_purges":3,"victory":true,"max_hp_per_floor":[77,77,77,77,77,77,77,77,77,77,77,77,77,77,77,77,77,77,77,77,77,77,77,77,77,77,77,77,77,77,77,77,77,77,77,77,77,77,77,77,77,77,77,67,67,67,67,67,67,67],"card_choices":[{"not_picked":["Flying Knee","Prepared"],"picked":"Dagger Throw","floor":1},{"not_picked":["Sucker Punch","Deadly Poison"],"picked":"Dagger Spray","floor":3},{"not_picked":["Dagger Spray","Riddle With Holes","PiercingWail"],"picked":"SKIP","floor":4},{"not_picked":["Acrobatics","Backflip"],"picked":"Tactician","floor":10},{"not_picked":["Sucker Punch","Backstab","Heel Hook"],"picked":"SKIP","floor":11},{"not_picked":["Choke","Prepared"],"picked":"Predator","floor":13},{"not_picked":["Quick Slash","Glass Knife","Deflect"],"picked":"SKIP","floor":14},{"not_picked":["Corpse Explosion","Tools of the Trade"],"picked":"Adrenaline","floor":16},{"not_picked":["Leg Sweep","Deflect","Quick Slash"],"picked":"SKIP","floor":18},{"not_picked":["Riddle With Holes","Blade Dance+1"],"picked":"Heel Hook","floor":20},{"not_picked":["Slice","Crippling Poison","Deflect"],"picked":"SKIP","floor":22},{"not_picked":["Riddle With Holes","Footwork","Skewer+1"],"picked":"SKIP","floor":24},{"not_picked":["Deadly Poison","Backflip+1","Deflect"],"picked":"SKIP","floor":27},{"not_picked":["PiercingWail","Reflex","Sucker Punch"],"picked":"SKIP","floor":28},{"not_picked":["Poisoned Stab","Flying Knee+1","PiercingWail"],"picked":"SKIP","floor":29},{"not_picked":["Quick Slash","Well Laid Plans+1"],"picked":"Masterful Stab","floor":30},{"not_picked":["Flying Knee","Deflect","PiercingWail+1"],"picked":"SKIP","floor":31},{"not_picked":["Phantasmal Killer","Tools of the Trade"],"picked":"Unload","floor":33},{"not_picked":["Bane","PiercingWail+1"],"picked":"Underhanded Strike+1","floor":35},{"not_picked":["Blade Dance+1","Deadly Poison","Acrobatics"],"picked":"SKIP","floor":41},{"not_picked":["Phantasmal Killer","Infinite Blades"],"picked":"Slice","floor":42},{"not_picked":["Backflip+1","Sucker Punch"],"picked":"Escape Plan","floor":45},{"not_picked":["PiercingWail+1","Underhanded Strike+1"],"picked":"Flechettes+1","floor":46},{"not_picked":["Quick Slash","Deflect+1"],"picked":"Predator+1","floor":47},{"not_picked":["Enlightenment","Discovery"],"picked":"Dark Shackles","floor":48}],"player_experience":40665,"relics_obtained":[{"floor":7,"key":"Kunai"},{"floor":9,"key":"PreservedInsect"},{"floor":10,"key":"Sundial"},{"floor":24,"key":"Blood Vial"},{"floor":26,"key":"Shuriken"},{"floor":30,"key":"Anchor"},{"floor":36,"key":"StoneCalendar"},{"floor":42,"key":"Bag of Marbles"},{"floor":43,"key":"Ancient Tea Set"}],"event_choices":[{"damage_healed":0,"gold_gain":0,"player_choice":"Take Damage","damage_taken":19,"relics_obtained":["Golden Idol"],"max_hp_gain":0,"max_hp_loss":0,"event_name":"Golden Idol","floor":12,"gold_loss":0},{"damage_healed":0,"gold_gain":0,"player_choice":"Inject Mutagens","damage_taken":0,"relics_obtained":["MutagenicStrength"],"max_hp_gain":0,"max_hp_loss":0,"event_name":"Drug Dealer","floor":19,"gold_loss":0},{"damage_healed":0,"gold_gain":0,"player_choice":"Fight","damage_taken":0,"max_hp_gain":0,"max_hp_loss":0,"event_name":"MindBloom","floor":36,"gold_loss":0},{"cards_removed":["Predator"],"damage_healed":0,"gold_gain":0,"player_choice":"Removed Attack","damage_taken":0,"max_hp_gain":0,"max_hp_loss":0,"event_name":"Falling","floor":38,"gold_loss":0},{"damage_healed":0,"gold_gain":0,"player_choice":"Embrace Madness","damage_taken":10,"max_hp_gain":0,"max_hp_loss":0,"event_name":"Winding Halls","floor":39,"gold_loss":0,"cards_obtained":["Madness","Madness"]},{"damage_healed":67,"gold_gain":0,"player_choice":"Heal","damage_taken":0,"max_hp_gain":0,"max_hp_loss":10,"event_name":"The Moai Head","floor":44,"gold_loss":0},{"damage_healed":0,"gold_gain":0,"player_choice":"Memory 1","damage_taken":0,"max_hp_gain":0,"max_hp_loss":0,"event_name":"SensoryStone","floor":48,"gold_loss":0}],"is_beta":false,"boss_relics":[{"not_picked":["HoveringKite","Philosopher\u0027s Stone"],"picked":"Runic Pyramid"},{"not_picked":["Velvet Choker","Eternal Feather"],"picked":"Coffee Dripper"}],"items_purged_floors":[2,21,37],"is_endless":false,"potions_floor_spawned":[3,10,14,16,22,28,29,31,33,35,41,42],"ascension_level":0}