{"gold_per_floor":[156,195,195,94,94,201,201,263,263,361,426,426,540,628,628,947,947,986,986,551,584,649,649,753,805,805,805,890,890,890],"floor_reached":30,"playtime":483,"items_purged":["Normality"],"score":471,"play_id":"e806d15e-07bf-4c70-973d-2e844b87e229","local_time":"20190919220335","daily_mods":["DeadlyEvents","Binary","Cursed Run","Elite Swarm","Lethality","Midas","Night Terrors","Terminal","Uncertain Future","Binary"],"is_ascension_mode":false,"campfire_choices":[{"floor":7.0,"key":"REST"},{"floor":12.0,"key":"REST"},{"floor":15.0,"key":"REST"},{"floor":23.0,"key":"REST"},{"floor":29,"key":"REST"}],"neow_cost":"","seed_source_timestamp":0,"circlet_count":0,"master_deck":["Strike_R","Strike_R","Strike_R","Strike_R","Strike_R","Defend_R","Defend_R","Defend_R","Defend_R","Bash","Uppercut","Sword Boomerang","Injury","CurseOfTheBell","Perfected Strike","True Grit"],"special_seed":0,"relics":["Cursed Key","Darkstone Periapt","Du-Vu Doll","Busted Crown","Golden Idol","Mango","Oddly Smooth Stone","Self Forming Clay","Champion Belt","Calling Bell","Potion Belt","Ornamental Fan","Ginger","Ancient Tea Set","Blue Candle","Regal Pillow"],"potions_floor_usage":[28,28,28,30,30],"damage_taken":[{"damage":0.0,"enemies":"Jaw Worm","floor":1.0,"turns":2.0},{"damage":0.0,"enemies":"2 Louse","floor":2.0,"turns":2.0},{"damage":2.0,"enemies":"3 Sentries","floor":6.0,"turns":4.0},{"damage":0.0,"enemies":"Cultist","floor":8.0,"turns":2.0},{"damage":5.0,"enemies":"Lagavulin","floor":10.0,"turns":3.0},{"damage":0.0,"enemies":"Looter","floor":11.0,"turns":1.0},{"damage":0.0,"enemies":"Gremlin Nob","floor":13.0,"turns":2.0},{"damage":0.0,"enemies":"Lagavulin","floor":14.0,"turns":3.0},{"damage":0.0,"enemies":"Slime Boss","floor":16.0,"turns":4.0},{"damage":0.0,"enemies":"Chosen","floor":18.0,"turns":2.0},{"damage":0.0,"enemies":"Shell Parasite","floor":21.0,"turns":2.0},{"damage":0.0,"enemies":"Snecko","floor":22.0,"turns":3.0},{"damage":0.0,"enemies":"Gremlin Leader","floor":24.0,"turns":5.0},{"damage":0.0,"enemies":"Centurion and Healer","floor":25.0,"turns":4.0},{"damage":0,"enemies":"Book of Stabbing","floor":28,"turns":2},{"damage":2,"enemies":"Slavers","floor":30,"turns":1}],"seed_played":"350351511109715137","potions_obtained":[{"floor":8.0,"key":"Energy Potion"},{"floor":10.0,"key":"SneckoOil"},{"floor":13.0,"key":"PowerPotion"},{"floor":14.0,"key":"Explosive Potion"},{"floor":16.0,"key":"Weak Potion"},{"floor":24.0,"key":"Strength Potion"}],"is_trial":true,"path_per_floor":["M","M","?","$","?","E","R","M","T","E","M","R","E","E","R","B",null,"M","?","$","M","M","R","E","M","T","?","E","R","E"],"character_chosen":"IRONCLAD","items_purchased":["Uppercut","Sword Boomerang","EssenceOfSteel","Weak Potion","Ancient Tea Set","Perfected Strike","True Grit"],"campfire_rested":5,"item_purchase_floors":[4,4,20,20,20,20,20],"current_hp_per_floor":[1,1,1,1,6,18,13,12,11,6,6,3,2,1,1,6,11,10,9,8,7,6,1,1,1,1,1,1,1,0],"gold":890,"neow_bonus":"","is_prod":false,"is_daily":false,"chose_seed":false,"campfire_upgraded":0,"win_rate":0,"timestamp":1568948615,"path_taken":["M","M","?","$","?","E","R","M","T","E","M","R","?","E","R","BOSS","M","?","$","M","M","R","E","M","T","?","?","R","E"],"build_version":"2019-09-18","purchased_purges":1,"victory":false,"max_hp_per_floor":[1,1,1,1,6,19,13,12,11,10,9,3,2,1,1,6,11,10,9,8,7,6,1,1,1,1,1,1,1,1],"card_choices":[],"player_experience":1410473,"relics_obtained":[{"floor":6.0,"key":"Mango"},{"floor":10.0,"key":"Oddly Smooth Stone"},{"floor":13.0,"key":"Self Forming Clay"},{"floor":14.0,"key":"Champion Belt"},{"floor":17.0,"key":"Potion Belt"},{"floor":17.0,"key":"Ornamental Fan"},{"floor":17.0,"key":"Ginger"},{"floor":24.0,"key":"Blue Candle"},{"floor":28,"key":"Regal Pillow"}],"event_choices":[{"damage_healed":0.0,"max_hp_gain":0.0,"max_hp_loss":0.0,"gold_gain":0.0,"event_name":"Scrap Ooze","player_choice":"Fled","floor":3.0,"gold_loss":0.0,"damage_taken":0.0},{"damage_healed":0.0,"max_hp_gain":0.0,"max_hp_loss":0.0,"gold_gain":0.0,"event_name":"Golden Idol","player_choice":"Take Wound","floor":5.0,"gold_loss":0.0,"damage_taken":0.0,"relics_obtained":["Golden Idol"],"cards_obtained":["Injury"]},{"damage_healed":0.0,"max_hp_gain":0.0,"max_hp_loss":0.0,"gold_gain":0.0,"event_name":"Vampires","player_choice":"Ignored","floor":19.0,"gold_loss":0.0,"damage_taken":0.0},{"damage_healed":0.0,"max_hp_gain":0.0,"max_hp_loss":0.0,"gold_gain":0.0,"event_name":"Lab","player_choice":"Got Potions","floor":27.0,"gold_loss":0.0,"damage_taken":0.0}],"is_beta":true,"boss_relics":[{"not_picked":["Sozu","Astrolabe"],"picked":"Calling Bell"}],"items_purged_floors":[20],"is_endless":false,"potions_floor_spawned":[8,10,13,14,16,24],"killed_by":"Slavers","ascension_level":0}