{"gold_per_floor":[116,116,131,144,69,103,116,116,116,132,132,132,148,172,172,172],"floor_reached":16,"playtime":678,"items_purged":["Defend_G"],"score":135,"play_id":"d8eea713-b23b-4d00-8c83-f9ce22ae4da2","local_time":"20191002154851","is_ascension_mode":true,"campfire_choices":[{"floor":8,"key":"REST"},{"floor":12,"key":"REST"},{"data":"Flash of Steel","floor":15,"key":"SMITH"}],"neow_cost":"NONE","seed_source_timestamp":1560189279839800,"circlet_count":0,"master_deck":["Strike_G","Strike_G","Strike_G","Strike_G","Strike_G","Defend_G","Defend_G","Defend_G","Defend_G","Survivor","Neutralize","Quick Slash","Flash of Steel+1","Escape Plan"],"relics":["Ring of the Snake","Matryoshka","Golden Idol"],"potions_floor_usage":[6,13],"damage_taken":[{"damage":3,"enemies":"Cultist","floor":1,"turns":5},{"damage":0,"enemies":"2 Louse","floor":3,"turns":3},{"damage":0,"enemies":"Jaw Worm","floor":4,"turns":4},{"damage":44,"enemies":"Lagavulin","floor":6,"turns":8},{"damage":19,"enemies":"Large Slime","floor":7,"turns":8},{"damage":0,"enemies":"Looter","floor":10,"turns":5},{"damage":28,"enemies":"Gremlin Gang","floor":13,"turns":6},{"damage":0,"enemies":"2 Fungi Beasts","floor":14,"turns":4},{"damage":22,"enemies":"Slime Boss","floor":16,"turns":3}],"seed_played":"-9044697584332355698","potions_obtained":[{"floor":4,"key":"SkillPotion"},{"floor":10,"key":"GamblersBrew"},{"floor":13,"key":"Explosive Potion"},{"floor":14,"key":"Ancient Potion"}],"is_trial":false,"path_per_floor":["M","?","M","M","$","E","M","R","T","M","?","R","M","M","R","B"],"character_chosen":"THE_SILENT","items_purchased":[],"campfire_rested":2,"item_purchase_floors":[],"current_hp_per_floor":[67,67,67,67,67,23,4,27,27,27,27,48,20,20,20,0],"gold":172,"neow_bonus":"TEN_PERCENT_HP_BONUS","is_prod":false,"is_daily":false,"chose_seed":false,"campfire_upgraded":1,"win_rate":0,"timestamp":1570024131,"path_taken":["M","?","M","M","?","E","M","R","T","M","?","R","?","M","R","BOSS"],"build_version":"2019-10-01","purchased_purges":1,"victory":false,"max_hp_per_floor":[77,77,77,77,77,77,77,77,77,77,71,71,71,71,71,71],"card_choices":[{"not_picked":["Poisoned Stab","Bane"],"picked":"Quick Slash","floor":1},{"not_picked":["Flying Knee","Riddle With Holes","Cloak And Dagger"],"picked":"SKIP","floor":3},{"not_picked":["Dagger Spray","Bane","Underhanded Strike"],"picked":"SKIP","floor":4},{"not_picked":["Setup","Underhanded Strike","PiercingWail"],"picked":"SKIP","floor":6},{"not_picked":["Blade Dance","Outmaneuver","Poisoned Stab"],"picked":"SKIP","floor":7},{"not_picked":["Quick Slash","Sucker Punch","Terror"],"picked":"SKIP","floor":10},{"not_picked":["All Out Attack","Sucker Punch","Flying Knee"],"picked":"SKIP","floor":13},{"not_picked":["Masterful Stab","Dash"],"picked":"Escape Plan","floor":14}],"player_experience":331269,"relics_obtained":[{"floor":6,"key":"Matryoshka"}],"event_choices":[{"damage_healed":0,"gold_gain":0,"player_choice":"1 cards matched","damage_taken":0,"max_hp_gain":0,"max_hp_loss":0,"event_name":"Match and Keep!","floor":2,"gold_loss":0,"cards_obtained":["Flash of Steel"]},{"damage_healed":0,"gold_gain":0,"player_choice":"1 cards matched","damage_taken":0,"max_hp_gain":0,"max_hp_loss":0,"event_name":"Match and Keep!","floor":2,"gold_loss":0,"cards_obtained":["Flash of Steel"]},{"damage_healed":0,"gold_gain":0,"player_choice":"Lose Max HP","damage_taken":0,"relics_obtained":["Golden Idol"],"max_hp_gain":0,"max_hp_loss":6,"event_name":"Golden Idol","floor":11,"gold_loss":0}],"is_beta":true,"boss_relics":[],"items_purged_floors":[5],"is_endless":false,"potions_floor_spawned":[4,10,13,14],"killed_by":"Slime Boss","ascension_level":6}