{"gold_per_floor":[111,61,75,0,12,341,341,354,354,369,369,369,382,394,394,394],"floor_reached":16,"playtime":714,"items_purged":["Defend_R"],"score":109,"play_id":"a3aba3f9-fbf8-4e8a-8ac1-bb0a7e640f58","local_time":"20191004212315","is_ascension_mode":true,"campfire_choices":[{"data":"Whirlwind","floor":7,"key":"SMITH"},{"floor":15,"key":"RECALL"}],"neow_cost":"PERCENT_DAMAGE","seed_source_timestamp":1882140097438700,"circlet_count":0,"master_deck":["Strike_R","Strike_R","Strike_R","Strike_R","Defend_R","Defend_R","Bash","Whirlwind+1"],"relics":["Burning Blood","Du-Vu Doll","Old Coin"],"potions_floor_usage":[10,16,16],"damage_taken":[{"damage":8,"enemies":"Jaw Worm","floor":1,"turns":4},{"damage":6,"enemies":"2 Louse","floor":3,"turns":3},{"damage":10,"enemies":"Small Slimes","floor":5,"turns":3},{"damage":40,"enemies":"3 Sentries","floor":6,"turns":6},{"damage":12,"enemies":"Gremlin Gang","floor":8,"turns":3},{"damage":8,"enemies":"Red Slaver","floor":10,"turns":2},{"damage":10,"enemies":"2 Fungi Beasts","floor":13,"turns":3},{"damage":19,"enemies":"Blue Slaver","floor":14,"turns":3},{"damage":70,"enemies":"The Guardian","floor":16,"turns":8}],"seed_played":"3686382288693099836","potions_obtained":[{"floor":3,"key":"SkillPotion"},{"floor":5,"key":"Dexterity Potion"},{"floor":10,"key":"Fire Potion"}],"is_trial":false,"path_per_floor":["M","?","M","$","M","E","R","M","T","M","?","?","M","M","R","B"],"character_chosen":"IRONCLAD","items_purchased":[],"campfire_rested":0,"item_purchase_floors":[],"current_hp_per_floor":[54,54,54,54,50,16,16,10,10,8,1,80,76,63,63,0],"gold":394,"neow_bonus":"ONE_RARE_RELIC","is_prod":false,"is_daily":false,"chose_seed":false,"campfire_upgraded":1,"win_rate":0,"timestamp":1570195395,"path_taken":["M","?","M","$","M","E","R","M","T","M","?","?","?","M","R","BOSS"],"build_version":"2019-07-17","purchased_purges":1,"victory":false,"max_hp_per_floor":[80,80,80,80,80,80,80,80,80,80,80,80,80,80,80,80],"card_choices":[{"not_picked":["Sword Boomerang","Ghostly Armor","True Grit"],"picked":"SKIP","floor":1},{"not_picked":["Reckless Charge","Blood for Blood"],"picked":"Fire Breathing","floor":3},{"not_picked":["Combust","Shrug It Off"],"picked":"Whirlwind","floor":5},{"not_picked":["Pummel","Shrug It Off","Rage"],"picked":"SKIP","floor":6},{"not_picked":["Barricade","Power Through","Searing Blow"],"picked":"SKIP","floor":8},{"not_picked":["Hemokinesis","Sword Boomerang","Evolve"],"picked":"SKIP","floor":10},{"not_picked":["Anger","Reckless Charge","Heavy Blade"],"picked":"SKIP","floor":13},{"not_picked":["Entrench","Clash","Rage"],"picked":"SKIP","floor":14}],"player_experience":70587,"relics_obtained":[{"floor":6,"key":"Old Coin"}],"event_choices":[{"cards_removed":["Defend_R"],"damage_healed":0,"gold_gain":0,"player_choice":"Card Removal","damage_taken":0,"max_hp_gain":0,"max_hp_loss":0,"event_name":"The Cleric","floor":2,"gold_loss":50},{"cards_removed":["Strike_R"],"damage_healed":0,"gold_gain":0,"player_choice":"Card Removal","damage_taken":7,"max_hp_gain":0,"max_hp_loss":0,"event_name":"Golden Wing","floor":11,"gold_loss":0},{"cards_removed":["Fire Breathing"],"damage_healed":79,"gold_gain":0,"player_choice":"Offered Uncommon","damage_taken":0,"max_hp_gain":0,"max_hp_loss":0,"event_name":"Bonfire Elementals","floor":12,"gold_loss":0}],"is_beta":false,"boss_relics":[],"items_purged_floors":[4],"is_endless":false,"potions_floor_spawned":[3,5,10],"killed_by":"The Guardian","ascension_level":1}