{"gold_per_floor":[118,118,118,137,157,157,183,193,193,368,368,380,396,408,408,408],"floor_reached":16,"playtime":516,"items_purged":[],"score":109,"play_id":"d2046b10-6445-4908-9b6d-d7a27ee0a507","local_time":"20191002171220","is_ascension_mode":true,"campfire_choices":[{"data":"Bash","floor":6.0,"key":"SMITH"},{"floor":15,"key":"REST"}],"neow_cost":"NONE","seed_source_timestamp":1565331123543100,"circlet_count":0,"master_deck":["Strike_R","Strike_R","Strike_R","Defend_R","Defend_R","Defend_R","Defend_R","Bash+1","Impatience","Body Slam","Doubt"],"special_seed":0,"relics":["Burning Blood","Eternal Feather","Toxic Egg 2"],"potions_floor_usage":[13,13,14,14,16],"damage_taken":[{"damage":17.0,"enemies":"Small Slimes","floor":1.0,"turns":3.0},{"damage":11.0,"enemies":"Jaw Worm","floor":4.0,"turns":2.0},{"damage":5.0,"enemies":"Cultist","floor":5.0,"turns":4.0},{"damage":54.0,"enemies":"Lagavulin","floor":7.0,"turns":7.0},{"damage":7.0,"enemies":"Exordium Wildlife","floor":8.0,"turns":3.0},{"damage":4,"enemies":"3 Louse","floor":12,"turns":5},{"damage":7,"enemies":"Looter","floor":13,"turns":5},{"damage":10,"enemies":"Exordium Thugs","floor":14,"turns":5},{"damage":57,"enemies":"Slime Boss","floor":16,"turns":8}],"seed_played":"-35205906165253684","potions_obtained":[{"floor":7.0,"key":"SpeedPotion"},{"floor":8.0,"key":"SkillPotion"},{"floor":12,"key":"DuplicationPotion"},{"floor":13,"key":"Energy Potion"},{"floor":14,"key":"Energy Potion"}],"is_trial":false,"path_per_floor":["M","?","?","M","M","R","E","M","T","?","?","M","M","M","R","B"],"character_chosen":"IRONCLAD","items_purchased":[],"campfire_rested":1,"item_purchase_floors":[],"current_hp_per_floor":[69,69,69,64,65,65,17,16,16,16,16,18,17,13,43,0],"gold":408,"neow_bonus":"RANDOM_COLORLESS","is_prod":false,"is_daily":false,"chose_seed":false,"campfire_upgraded":1,"win_rate":0,"timestamp":1570029140,"path_taken":["M","?","?","?","M","R","E","M","T","?","?","M","M","M","R","BOSS"],"build_version":"2019-10-01","purchased_purges":0,"victory":false,"max_hp_per_floor":[80,80,80,80,80,80,80,80,80,80,80,80,80,80,80,80],"card_choices":[{"not_picked":["Bandage Up","Mind Blast"],"picked":"Impatience","floor":0.0},{"not_picked":["Disarm","Wild Strike","True Grit"],"picked":"SKIP","floor":1.0},{"not_picked":["Flame Barrier","Fire Breathing","Perfected Strike"],"picked":"SKIP","floor":4.0},{"not_picked":["Evolve","Clash","Entrench"],"picked":"SKIP","floor":5.0},{"not_picked":["Warcry","Pommel Strike","Thunderclap"],"picked":"SKIP","floor":7.0},{"not_picked":["Seeing Red","Reaper"],"picked":"Body Slam","floor":8.0},{"not_picked":["Inflame","Twin Strike","Entrench+1"],"picked":"SKIP","floor":12},{"not_picked":["Perfected Strike","Entrench+1","Cleave"],"picked":"SKIP","floor":13},{"not_picked":["Headbutt","Heavy Blade","Warcry+1"],"picked":"SKIP","floor":14}],"player_experience":335993,"relics_obtained":[{"floor":7.0,"key":"Eternal Feather"},{"floor":9.0,"key":"Toxic Egg 2"}],"event_choices":[{"cards_removed":["Strike_R"],"damage_healed":0.0,"max_hp_gain":0.0,"max_hp_loss":0.0,"gold_gain":0.0,"event_name":"Living Wall","player_choice":"Forget","floor":2.0,"gold_loss":0.0,"damage_taken":0.0},{"cards_removed":["Strike_R"],"damage_healed":0.0,"max_hp_gain":0.0,"max_hp_loss":0.0,"gold_gain":0.0,"event_name":"Wheel of Change","player_choice":"Card Removal","floor":3.0,"gold_loss":0.0,"damage_taken":0.0},{"damage_healed":0.0,"max_hp_gain":0.0,"max_hp_loss":0.0,"gold_gain":175.0,"event_name":"Liars Game","player_choice":"AGREE","floor":10.0,"gold_loss":0.0,"damage_taken":0.0,"cards_obtained":["Doubt"]},{"damage_healed":0,"gold_gain":0,"player_choice":"Fled","damage_taken":0,"max_hp_gain":0,"max_hp_loss":0,"event_name":"Scrap Ooze","floor":11,"gold_loss":0}],"is_beta":true,"boss_relics":[],"items_purged_floors":[],"is_endless":false,"potions_floor_spawned":[7,8,12,13,14],"killed_by":"Slime Boss","ascension_level":1}