{"gold_per_floor":[116,116,127,127,151,151,151,183,183,202,232,247,277,293,293,388,388,406,331,256,275,175,210,210,221,221,248,248,279,289,304,304,409,409,422,1421,1421,1440,1440,1465,835,865,865,865,314,314,325,340,340,340,340,340,115,143,143],"floor_reached":56,"playtime":6493,"items_purged":["Defend_G","Strike_G","Normality","Strike_G+1","Slice"],"score":1383,"play_id":"382e4fec-42a7-403c-8114-70c6d6285237","local_time":"20191005223557","is_ascension_mode":true,"campfire_choices":[{"data":"Predator","floor":6,"key":"SMITH"},{"data":"Survivor","floor":15,"key":"SMITH"},{"data":"Outmaneuver","floor":32,"key":"SMITH"},{"data":"Enlightenment","floor":44,"key":"SMITH"},{"floor":46,"key":"RECALL"},{"floor":49,"key":"REST"},{"data":"After Image","floor":52,"key":"SMITH"}],"neow_cost":"NONE","seed_source_timestamp":1967095798238800,"circlet_count":0,"master_deck":["Survivor+1","Neutralize+1","Venomology","Predator+1","After Image+1","Predator","Envenom+1","PiercingWail+1","Deadly Poison+1","Dash+1","Outmaneuver+1","Slice+1","Deflect+1","Enlightenment+1","Predator+1","Acrobatics","Catalyst+1"],"relics":["Ring of the Snake","Omamori","WarpedTongs","Bag of Preparation","Frozen Egg 2","Singing Bowl","Potion Belt","Astrolabe","Nunchaku","Centennial Puzzle","Sundial","Ancient Tea Set","Molten Egg 2","HoveringKite","Vajra","Snake Skull","Blood Vial","ClockworkSouvenir","Orichalcum","Bottled Flame","Whetstone","Bag of Marbles"],"potions_floor_usage":[3,8,11,12,13,16,18,21,23,23,23,27,29,30,33,33,35,40,42,48,50,54,55,55,55,55,55,55],"damage_taken":[{"damage":0,"enemies":"2 Louse","floor":1,"turns":3},{"damage":6,"enemies":"Jaw Worm","floor":3,"turns":6},{"damage":12,"enemies":"Gremlin Nob","floor":8,"turns":4},{"damage":0,"enemies":"Small Slimes","floor":10,"turns":2},{"damage":6,"enemies":"3 Sentries","floor":11,"turns":9},{"damage":1,"enemies":"Exordium Thugs","floor":12,"turns":5},{"damage":8,"enemies":"Gremlin Nob","floor":13,"turns":4},{"damage":4,"enemies":"2 Fungi Beasts","floor":14,"turns":3},{"damage":27,"enemies":"Hexaghost","floor":16,"turns":10},{"damage":4,"enemies":"3 Byrds","floor":18,"turns":3},{"damage":5,"enemies":"Shell Parasite","floor":21,"turns":5},{"damage":26,"enemies":"Slavers","floor":23,"turns":7},{"damage":3,"enemies":"Centurion and Healer","floor":25,"turns":7},{"damage":0,"enemies":"Book of Stabbing","floor":27,"turns":6},{"damage":0,"enemies":"Gremlin Leader","floor":29,"turns":4},{"damage":0,"enemies":"Snecko","floor":30,"turns":4},{"damage":0,"enemies":"Chosen and Byrds","floor":31,"turns":6},{"damage":9,"enemies":"Collector","floor":33,"turns":7},{"damage":15,"enemies":"Orb Walker","floor":35,"turns":5},{"damage":14,"enemies":"3 Darklings","floor":38,"turns":4},{"damage":14,"enemies":"Reptomancer","floor":40,"turns":9},{"damage":12,"enemies":"Giant Head","floor":42,"turns":7},{"damage":1,"enemies":"Jaw Worm Horde","floor":47,"turns":3},{"damage":0,"enemies":"Spire Growth","floor":48,"turns":4},{"damage":32,"enemies":"Donu and Deca","floor":50,"turns":8},{"damage":14,"enemies":"Shield and Spear","floor":54,"turns":4},{"damage":58,"enemies":"The Heart","floor":55,"turns":8}],"seed_played":"1091546901583876354","potions_obtained":[{"floor":3,"key":"Strength Potion"},{"floor":13,"key":"Swift Potion"},{"floor":29,"key":"Strength Potion"},{"floor":31,"key":"Fire Potion"},{"floor":33,"key":"SteroidPotion"},{"floor":40,"key":"Dexterity Potion"},{"floor":42,"key":"Energy Potion"}],"is_trial":false,"path_per_floor":["M","?","M","?","T","R","?","E","T","M","E","M","E","M","R","B",null,"M","?","$","M","$","E","?","M","T","E","?","E","M","M","R","B",null,"M","?","?","M","?","E","$","E","T","R","$","R","M","M","R","B",null,"R","$","E","B",null],"character_chosen":"THE_SILENT","items_purchased":["Snake Skull","Blood Vial","ClockworkSouvenir","Bottled Flame","Whetstone","Acrobatics"],"campfire_rested":1,"item_purchase_floors":[41,41,41,45,45,53],"current_hp_per_floor":[70,70,64,69,69,69,69,57,57,57,53,54,48,46,46,19,83,81,81,81,78,78,54,54,51,51,51,34,36,36,38,38,31,100,85,85,85,71,71,59,59,51,51,51,51,51,52,56,87,57,106,106,106,92,36],"gold":143,"neow_bonus":"TRANSFORM_CARD","is_prod":false,"is_daily":false,"chose_seed":false,"campfire_upgraded":5,"win_rate":0,"timestamp":1570286157,"path_taken":["M","?","M","?","?","R","?","E","T","M","E","?","E","M","R","BOSS","M","?","$","M","$","E","?","M","T","E","?","E","M","M","R","BOSS","M","?","?","M","?","E","$","E","T","R","$","R","M","M","R","BOSS","R","$","E","BOSS"],"build_version":"2019-07-17","purchased_purges":5,"victory":true,"max_hp_per_floor":[70,70,70,75,75,75,75,75,75,75,77,79,81,83,83,83,83,85,85,85,87,87,89,89,89,89,89,94,96,96,98,98,100,100,100,100,100,100,100,102,102,104,104,104,104,104,104,106,106,106,106,106,106,106,106],"card_choices":[{"not_picked":["Backstab","Blade Dance"],"picked":"Predator","floor":1},{"not_picked":["Acrobatics","PiercingWail"],"picked":"After Image","floor":3},{"not_picked":["Blade Dance","Flying Knee"],"picked":"Predator","floor":8},{"not_picked":["Dagger Spray","Prepared","Sucker Punch"],"picked":"SKIP","floor":10},{"not_picked":["Flying Knee","Poisoned Stab","Expertise"],"picked":"Singing Bowl","floor":11},{"not_picked":["Bane","Dodge and Roll","Backflip"],"picked":"Singing Bowl","floor":12},{"not_picked":["Dodge and Roll","Bane","Caltrops+1"],"picked":"Singing Bowl","floor":13},{"not_picked":["Bane","Bouncing Flask","Catalyst"],"picked":"Singing Bowl","floor":14},{"not_picked":["Unload","Doppelganger"],"picked":"Envenom+1","floor":16},{"not_picked":["Footwork+1","Heel Hook","Dagger Spray"],"picked":"Singing Bowl","floor":18},{"not_picked":["Dodge and Roll+1","Choke","Underhanded Strike"],"picked":"Singing Bowl","floor":21},{"not_picked":["Bane","All Out Attack+1","Leg Sweep+1"],"picked":"Singing Bowl","floor":23},{"not_picked":["Tactician","Blade Dance","Flying Knee"],"picked":"SKIP","floor":25},{"not_picked":["Unload","Expertise"],"picked":"Slice","floor":27},{"not_picked":["Doppelganger","Acrobatics","Choke"],"picked":"Singing Bowl","floor":29},{"not_picked":["Poisoned Stab+1","Acrobatics"],"picked":"Outmaneuver","floor":30},{"not_picked":["Tactician","Poisoned Stab+1","Dodge and Roll"],"picked":"Singing Bowl","floor":31},{"not_picked":["Venomology","Burst","Wraith Form v2+1"],"picked":"Singing Bowl","floor":33},{"not_picked":["Riddle With Holes+1","Reflex"],"picked":"Slice+1","floor":35},{"not_picked":["Expertise","Eviscerate+1"],"picked":"Deflect+1","floor":38},{"not_picked":["Flash of Steel+1","Swift Strike+1"],"picked":"Enlightenment","floor":39},{"not_picked":["Acrobatics","Riddle With Holes+1","Sucker Punch+1"],"picked":"Singing Bowl","floor":40},{"not_picked":["Expertise+1","Calculated Gamble+1","Slice+1"],"picked":"Singing Bowl","floor":42},{"not_picked":["Backflip","Noxious Fumes+1"],"picked":"Predator+1","floor":47},{"not_picked":["PiercingWail","Deflect","Quick Slash+1"],"picked":"Singing Bowl","floor":48},{"not_picked":["Blur","A Thousand Cuts+1"],"picked":"Catalyst+1","floor":54}],"player_experience":99878,"relics_obtained":[{"floor":5,"key":"Omamori"},{"floor":8,"key":"Bag of Preparation"},{"floor":9,"key":"Frozen Egg 2"},{"floor":11,"key":"Singing Bowl"},{"floor":13,"key":"Potion Belt"},{"floor":23,"key":"Nunchaku"},{"floor":26,"key":"Sundial"},{"floor":27,"key":"Ancient Tea Set"},{"floor":29,"key":"Molten Egg 2"},{"floor":40,"key":"Vajra"},{"floor":42,"key":"Orichalcum"},{"floor":54,"key":"Bag of Marbles"}],"event_choices":[{"cards_removed":["Defend_G"],"damage_healed":0,"gold_gain":0,"player_choice":"Forget","damage_taken":0,"max_hp_gain":0,"max_hp_loss":0,"event_name":"Living Wall","floor":2,"gold_loss":0},{"damage_healed":0,"gold_gain":0,"player_choice":"Donut","damage_taken":0,"max_hp_gain":5,"max_hp_loss":0,"event_name":"Big Fish","floor":4,"gold_loss":0},{"damage_healed":0,"gold_gain":0,"player_choice":"Rummage","damage_taken":0,"relics_obtained":["WarpedTongs"],"max_hp_gain":0,"max_hp_loss":0,"event_name":"Accursed Blacksmith","floor":7,"gold_loss":0,"cards_obtained":["Pain"]},{"cards_removed":["Strike_G"],"damage_healed":0,"gold_gain":0,"player_choice":"Gave Gold","damage_taken":0,"max_hp_gain":0,"max_hp_loss":0,"event_name":"Beggar","floor":19,"gold_loss":75},{"damage_healed":0,"gold_gain":0,"player_choice":"Opened","damage_taken":0,"relics_obtained":["Centennial Puzzle"],"max_hp_gain":0,"max_hp_loss":0,"event_name":"The Mausoleum","floor":24,"gold_loss":0},{"damage_healed":0,"gold_gain":0,"player_choice":"Shed Blood","damage_taken":22,"max_hp_gain":5,"max_hp_loss":0,"event_name":"Forgotten Altar","floor":28,"gold_loss":0},{"damage_healed":0,"gold_gain":999,"player_choice":"Gold","damage_taken":0,"max_hp_gain":0,"max_hp_loss":0,"event_name":"MindBloom","floor":36,"gold_loss":0,"cards_obtained":["Normality","Normality"]},{"cards_removed":["Strike_G"],"damage_healed":0,"gold_gain":0,"player_choice":"Removed Attack","damage_taken":0,"max_hp_gain":0,"max_hp_loss":0,"event_name":"Falling","floor":37,"gold_loss":0},{"damage_healed":0,"gold_gain":0,"player_choice":"Memory 1","damage_taken":0,"max_hp_gain":0,"max_hp_loss":0,"event_name":"SensoryStone","floor":39,"gold_loss":0}],"is_beta":false,"boss_relics":[{"not_picked":["White Beast Statue","Cursed Key"],"picked":"Astrolabe"},{"not_picked":["Black Star","Snecko Eye"],"picked":"HoveringKite"}],"items_purged_floors":[20,22,41,45,53],"is_endless":false,"potions_floor_spawned":[3,13,16,18,21,29,31,33,40,42,48],"ascension_level":1}