{"gold_per_floor":[112,37,37,37,57,92,103,134,157,188,204,215,215,250,250,250],"floor_reached":16,"playtime":705,"items_purged":["Defend_R"],"score":186,"play_id":"74004a4e-4cd3-4b7d-a5ac-38082fd7d845","local_time":"20191010043330","is_ascension_mode":true,"campfire_choices":[{"floor":15,"key":"REST"}],"neow_cost":"NONE","seed_source_timestamp":2339967174873900,"circlet_count":0,"master_deck":["Strike_R","Strike_R","Strike_R","Strike_R+1","Defend_R","Defend_R","Defend_R+1","Bash","Wild Strike","Feel No Pain","Wild Strike","Evolve","Battle Trance"],"relics":["Burning Blood","NeowsBlessing","Boot","Regal Pillow","Happy Flower","Dream Catcher"],"potions_floor_usage":[10,14,14],"damage_taken":[{"damage":0,"enemies":"Jaw Worm","floor":1,"turns":1},{"damage":0,"enemies":"Small Slimes","floor":5,"turns":1},{"damage":0,"enemies":"Gremlin Nob","floor":6,"turns":1},{"damage":6,"enemies":"Cultist","floor":7,"turns":3},{"damage":35,"enemies":"Lagavulin","floor":8,"turns":6},{"damage":20,"enemies":"3 Sentries","floor":10,"turns":6},{"damage":10,"enemies":"Red Slaver","floor":11,"turns":3},{"damage":13,"enemies":"Blue Slaver","floor":12,"turns":2},{"damage":8,"enemies":"Lagavulin","floor":14,"turns":5},{"damage":65,"enemies":"Hexaghost","floor":16,"turns":7}],"seed_played":"-6417939586943472813","potions_obtained":[{"floor":6,"key":"SpeedPotion"},{"floor":8,"key":"Explosive Potion"},{"floor":11,"key":"FearPotion"},{"floor":12,"key":"Block Potion"},{"floor":14,"key":"Ancient Potion"}],"is_trial":false,"path_per_floor":["M","$","?","?","M","E","M","E","T","E","M","M","?","E","R","B"],"character_chosen":"IRONCLAD","items_purchased":[],"campfire_rested":1,"item_purchase_floors":[],"current_hp_per_floor":[80,80,64,69,75,81,81,52,52,38,34,27,27,25,65,0],"gold":250,"neow_bonus":"THREE_ENEMY_KILL","is_prod":false,"is_daily":false,"chose_seed":false,"campfire_upgraded":0,"win_rate":0,"timestamp":1570653210,"path_taken":["M","$","?","?","M","E","M","E","T","E","M","M","?","E","R","BOSS"],"build_version":"2019-07-17","purchased_purges":1,"victory":false,"max_hp_per_floor":[80,80,80,85,85,85,85,85,85,85,85,85,85,85,85,85],"card_choices":[{"not_picked":["Thunderclap","Havoc"],"picked":"Wild Strike","floor":1},{"not_picked":["Spot Weakness","Anger"],"picked":"Feel No Pain","floor":5},{"not_picked":["Clash","Corruption"],"picked":"Wild Strike","floor":6},{"not_picked":["Havoc","Power Through","Headbutt"],"picked":"SKIP","floor":7},{"not_picked":["Flame Barrier","Hemokinesis"],"picked":"Evolve","floor":8},{"not_picked":["Twin Strike","Exhume"],"picked":"Battle Trance","floor":10},{"not_picked":["Headbutt","Clash","Rage"],"picked":"SKIP","floor":11},{"not_picked":["Havoc","Rage","Twin Strike"],"picked":"SKIP","floor":12},{"not_picked":["Hemokinesis","Clash","Warcry"],"picked":"SKIP","floor":14}],"player_experience":139878,"relics_obtained":[{"floor":6,"key":"Boot"},{"floor":8,"key":"Regal Pillow"},{"floor":10,"key":"Happy Flower"},{"floor":14,"key":"Dream Catcher"}],"event_choices":[{"damage_healed":0,"gold_gain":0,"player_choice":"Entered Light","damage_taken":16,"max_hp_gain":0,"max_hp_loss":0,"event_name":"Shining Light","floor":3,"gold_loss":0,"cards_upgraded":["Defend_R","Strike_R"]},{"damage_healed":0,"gold_gain":0,"player_choice":"Donut","damage_taken":0,"max_hp_gain":5,"max_hp_loss":0,"event_name":"Big Fish","floor":4,"gold_loss":0},{"cards_removed":["Strike_R"],"damage_healed":0,"gold_gain":0,"player_choice":"Offered Basic","damage_taken":0,"max_hp_gain":0,"max_hp_loss":0,"event_name":"Bonfire Elementals","floor":13,"gold_loss":0}],"is_beta":false,"boss_relics":[],"items_purged_floors":[2],"is_endless":false,"potions_floor_spawned":[6,8,11,12,14],"killed_by":"Hexaghost","ascension_level":4}