{"gold_per_floor":[156,11,11,0,49,49,163,163,163,267,309,309],"floor_reached":12,"playtime":153,"items_purged":[],"score":111,"play_id":"e4461bce-789c-447b-9e5e-2505694b4782","local_time":"20190919013601","daily_mods":["DeadlyEvents","Binary","Cursed Run","Elite Swarm","Lethality","Midas","Night Terrors","Terminal","Uncertain Future","Binary"],"is_ascension_mode":false,"campfire_choices":[{"floor":6.0,"key":"REST"},{"floor":8.0,"key":"REST"}],"neow_cost":"","seed_source_timestamp":558404755300,"circlet_count":0,"master_deck":["Strike_R","Strike_R","Strike_R","Strike_R","Strike_R","Defend_R","Defend_R","Defend_R","Defend_R","Bash","Injury","Writhe"],"special_seed":0,"relics":["Cursed Key","Darkstone Periapt","Du-Vu Doll","Busted Crown","Bag of Marbles","Golden Idol","Prayer Wheel","Shuriken","TungstenRod"],"potions_floor_usage":[12],"damage_taken":[{"damage":0.0,"enemies":"Small Slimes","floor":1.0,"turns":2.0},{"damage":0.0,"enemies":"Jaw Worm","floor":5.0,"turns":2.0},{"damage":0.0,"enemies":"Gremlin Nob","floor":7.0,"turns":2.0},{"damage":2.0,"enemies":"3 Sentries","floor":10.0,"turns":6.0},{"damage":0.0,"enemies":"2 Louse","floor":11.0,"turns":2.0},{"damage":9,"enemies":"Lagavulin","floor":12,"turns":3}],"seed_played":"5896594506517826958","potions_obtained":[{"floor":11.0,"key":"SkillPotion"}],"is_trial":true,"path_per_floor":["M","$","?","?","M","R","E","R","T","E","M","E"],"character_chosen":"IRONCLAD","items_purchased":["Bag of Marbles"],"campfire_rested":2,"item_purchase_floors":[2],"current_hp_per_floor":[1,1,6,5,4,1,1,1,6,4,4,0],"gold":309,"neow_bonus":"","is_prod":false,"is_daily":false,"chose_seed":false,"campfire_upgraded":0,"win_rate":0,"timestamp":1568874961,"path_taken":["M","$","?","?","M","R","E","R","T","E","M","E"],"build_version":"2019-09-18","purchased_purges":0,"victory":false,"max_hp_per_floor":[1,1,6,5,4,1,1,1,6,5,4,4],"card_choices":[],"player_experience":1400909,"relics_obtained":[{"floor":7.0,"key":"Prayer Wheel"},{"floor":9.0,"key":"Shuriken"},{"floor":10.0,"key":"TungstenRod"}],"event_choices":[{"damage_healed":0.0,"max_hp_gain":0.0,"max_hp_loss":0.0,"gold_gain":0.0,"event_name":"Golden Idol","player_choice":"Take Wound","floor":3.0,"gold_loss":0.0,"damage_taken":0.0,"relics_obtained":["Golden Idol"],"cards_obtained":["Injury"]},{"damage_healed":0.0,"max_hp_gain":0.0,"max_hp_loss":0.0,"gold_gain":0.0,"event_name":"World of Goop","player_choice":"Left Gold","floor":4.0,"gold_loss":11.0,"damage_taken":0.0}],"is_beta":true,"boss_relics":[],"items_purged_floors":[],"is_endless":false,"potions_floor_spawned":[11],"killed_by":"Lagavulin","ascension_level":0}