{"gold_per_floor":[115,115,115,115,290,304,324,335,360,40,40,71,71,90,90,90],"floor_reached":16,"playtime":2164,"items_purged":[],"score":100,"play_id":"8342ec98-c7b3-4423-9836-259a07feab6c","local_time":"20190915074455","is_ascension_mode":false,"campfire_choices":[{"data":"Sword Boomerang","floor":11,"key":"SMITH"},{"data":"Cleave","floor":15,"key":"SMITH"}],"neow_cost":"","seed_source_timestamp":189993605577700,"circlet_count":0,"master_deck":["Strike_R","Strike_R","Strike_R","Strike_R","Strike_R","Defend_R","Defend_R","Defend_R","Defend_R","Bash","Sword Boomerang+1","Doubt","Flame Barrier","Rage","Warcry","Mayhem","Cleave+1","Intimidate"],"relics":["Burning Blood","Happy Flower","Pantograph","Bag of Preparation","Boot","Oddly Smooth Stone"],"potions_floor_usage":[12,16],"damage_taken":[{"damage":0,"enemies":"Small Slimes","floor":1,"turns":4},{"damage":12,"enemies":"Jaw Worm","floor":6,"turns":4},{"damage":7,"enemies":"2 Louse","floor":7,"turns":3},{"damage":27,"enemies":"Exordium Thugs","floor":8,"turns":6},{"damage":32,"enemies":"3 Sentries","floor":12,"turns":10},{"damage":6,"enemies":"Blue Slaver","floor":14,"turns":4},{"damage":57,"enemies":"The Guardian","floor":16,"turns":10}],"seed_played":"5001123326631205395","potions_obtained":[{"floor":6,"key":"Regen Potion"},{"floor":7,"key":"Explosive Potion"},{"floor":8,"key":"AttackPotion"}],"is_trial":false,"path_per_floor":["M","?","?","?","?","M","M","M","T","$","R","E","$","M","R","B"],"character_chosen":"IRONCLAD","items_purchased":["Mayhem","Boot"],"campfire_rested":0,"item_purchase_floors":[10,10],"current_hp_per_floor":[80,77,77,70,70,64,63,42,42,42,42,31,31,31,31,0],"gold":90,"neow_bonus":"","is_prod":false,"is_daily":false,"chose_seed":false,"campfire_upgraded":2,"win_rate":0.0,"timestamp":1568504695,"path_taken":["M","?","?","?","?","M","M","M","T","$","R","E","?","M","R","BOSS"],"build_version":"2019-07-17","purchased_purges":0,"victory":false,"max_hp_per_floor":[80,80,80,80,80,80,80,80,80,80,80,80,80,80,80,80],"card_choices":[{"not_picked":["Warcry","Bloodletting"],"picked":"Sword Boomerang","floor":1},{"not_picked":["True Grit","Pommel Strike"],"picked":"Flame Barrier","floor":6},{"not_picked":["Intimidate","Headbutt"],"picked":"Rage","floor":7},{"not_picked":["Perfected Strike","Armaments"],"picked":"Warcry","floor":8},{"not_picked":["Bloodletting","Armaments"],"picked":"Cleave","floor":12},{"not_picked":["Shrug It Off","Thunderclap"],"picked":"Intimidate","floor":14}],"player_experience":0,"relics_obtained":[{"floor":9,"key":"Bag of Preparation"},{"floor":12,"key":"Oddly Smooth Stone"}],"event_choices":[{"damage_healed":0,"gold_gain":0,"player_choice":"Success","damage_taken":3,"relics_obtained":["Happy Flower"],"max_hp_gain":0,"max_hp_loss":0,"event_name":"Scrap Ooze","floor":2,"gold_loss":0},{"damage_healed":0,"gold_gain":0,"player_choice":"Box","damage_taken":0,"relics_obtained":["Pantograph"],"max_hp_gain":0,"max_hp_loss":0,"event_name":"Big Fish","floor":3,"gold_loss":0,"cards_obtained":["Regret"]},{"cards_removed":["Regret"],"damage_healed":0,"gold_gain":0,"player_choice":"Card Removal","damage_taken":7,"max_hp_gain":0,"max_hp_loss":0,"event_name":"Golden Wing","floor":4,"gold_loss":0},{"damage_healed":0,"gold_gain":175,"player_choice":"AGREE","damage_taken":0,"max_hp_gain":0,"max_hp_loss":0,"event_name":"Liars Game","floor":5,"gold_loss":0,"cards_obtained":["Doubt"]}],"is_beta":false,"boss_relics":[],"items_purged_floors":[],"is_endless":false,"potions_floor_spawned":[6,7,8],"killed_by":"The Guardian","ascension_level":0}