{"gold_per_floor":[111,129,129,144,190,201,216,242,242,50,74,85,85,109,109,109],"floor_reached":16,"playtime":916,"items_purged":["Regret"],"score":122,"play_id":"410ddd24-8706-43f3-b0a9-505348a0c513","local_time":"20191010053107","is_ascension_mode":true,"campfire_choices":[{"data":"Wild Strike","floor":13,"key":"SMITH"},{"floor":15,"key":"REST"}],"neow_cost":"NONE","seed_source_timestamp":2343213448670300,"circlet_count":0,"master_deck":["Strike_R","Strike_R","Strike_R","Strike_R","Strike_R","Defend_R","Defend_R","Defend_R","Defend_R","Bash","Second Wind","Clash","Battle Trance","Juggernaut","Wild Strike+1","Double Tap"],"relics":["Burning Blood","NeowsBlessing","Bag of Preparation","Art of War","Vajra","Bottled Lightning","Odd Mushroom","PreservedInsect"],"potions_floor_usage":[11,11,16],"damage_taken":[{"damage":0,"enemies":"Cultist","floor":1,"turns":1},{"damage":0,"enemies":"Jaw Worm","floor":2,"turns":1},{"damage":0,"enemies":"Small Slimes","floor":4,"turns":1},{"damage":21,"enemies":"Looter","floor":6,"turns":3},{"damage":13,"enemies":"Lots of Slimes","floor":7,"turns":5},{"damage":50,"enemies":"3 Sentries","floor":8,"turns":9},{"damage":1,"enemies":"The Mushroom Lair","floor":11,"turns":4},{"damage":12,"enemies":"Exordium Thugs","floor":12,"turns":4},{"damage":33,"enemies":"The Guardian","floor":16,"turns":7}],"seed_played":"-5311652717807162143","potions_obtained":[{"floor":4,"key":"SpeedPotion"},{"floor":6,"key":"Weak Potion"},{"floor":8,"key":"SteroidPotion"},{"floor":11,"key":"SkillPotion"}],"is_trial":false,"path_per_floor":["M","M","?","M","T","M","M","E","T","$","?","M","R","T","R","B"],"character_chosen":"IRONCLAD","items_purchased":["Wild Strike","Double Tap"],"campfire_rested":1,"item_purchase_floors":[10,10],"current_hp_per_floor":[80,80,80,80,80,65,58,14,14,14,19,13,13,13,37,4],"gold":109,"neow_bonus":"THREE_ENEMY_KILL","is_prod":false,"is_daily":false,"chose_seed":false,"campfire_upgraded":1,"win_rate":0,"timestamp":1570656667,"path_taken":["M","?","?","M","?","M","M","E","T","$","?","M","R","?","R","BOSS"],"build_version":"2019-07-17","purchased_purges":1,"victory":false,"max_hp_per_floor":[80,80,80,80,80,80,80,80,80,80,80,80,80,80,80,80],"card_choices":[{"not_picked":["Warcry","Intimidate"],"picked":"Second Wind","floor":1},{"not_picked":["Body Slam","Intimidate"],"picked":"Clash","floor":2},{"not_picked":["Body Slam","Armaments","Sword Boomerang"],"picked":"SKIP","floor":4},{"not_picked":["Bloodletting","Thunderclap"],"picked":"Battle Trance","floor":6},{"not_picked":["Perfected Strike","Thunderclap"],"picked":"Juggernaut","floor":7},{"not_picked":["Warcry","Thunderclap","Twin Strike"],"picked":"SKIP","floor":8},{"not_picked":["Corruption","True Grit","Pommel Strike"],"picked":"SKIP","floor":12}],"player_experience":142764,"relics_obtained":[{"floor":5,"key":"Art of War"},{"floor":8,"key":"Vajra"},{"floor":9,"key":"Bottled Lightning"},{"floor":11,"key":"Odd Mushroom"},{"floor":14,"key":"PreservedInsect"}],"event_choices":[{"damage_healed":0,"gold_gain":0,"player_choice":"Box","damage_taken":0,"relics_obtained":["Bag of Preparation"],"max_hp_gain":0,"max_hp_loss":0,"event_name":"Big Fish","floor":3,"gold_loss":0,"cards_obtained":["Regret"]},{"damage_healed":0,"gold_gain":0,"player_choice":"Fought Mushrooms","damage_taken":0,"max_hp_gain":0,"max_hp_loss":0,"event_name":"Mushrooms","floor":11,"gold_loss":0}],"is_beta":false,"boss_relics":[],"items_purged_floors":[10],"is_endless":false,"potions_floor_spawned":[4,6,8,11],"killed_by":"The Guardian","ascension_level":4}