{"gold_per_floor":[129,129,129,168,220,334,36,134,134,241,241,342,342,388,388,388],"floor_reached":16,"playtime":250,"items_purged":[],"score":203,"play_id":"82658cd3-c217-4316-a683-07592bbb29a1","local_time":"20190919033558","daily_mods":["DeadlyEvents","Binary","Cursed Run","Elite Swarm","Lethality","Midas","Night Terrors","Terminal","Uncertain Future","Binary"],"is_ascension_mode":false,"campfire_choices":[{"floor":11,"key":"REST"},{"floor":13,"key":"REST"},{"floor":15,"key":"REST"}],"neow_cost":"","seed_source_timestamp":0,"circlet_count":0,"master_deck":["Strike_R","Strike_R","Strike_R","Strike_R","Defend_R","Defend_R","Defend_R","Defend_R","Bash","Perfected Strike","Injury","Infernal Blade","Dropkick"],"special_seed":0,"relics":["Cursed Key","Darkstone Periapt","Du-Vu Doll","Busted Crown","Golden Idol","MawBank","PreservedInsect","Sundial","White Beast Statue","Red Skull"],"potions_floor_usage":[10,14,16],"damage_taken":[{"damage":0.0,"enemies":"Jaw Worm","floor":1.0,"turns":2.0},{"damage":3.0,"enemies":"Small Slimes","floor":4.0,"turns":2.0},{"damage":0.0,"enemies":"Cultist","floor":5.0,"turns":1.0},{"damage":2.0,"enemies":"3 Sentries","floor":6.0,"turns":6.0},{"damage":0.0,"enemies":"Lagavulin","floor":8.0,"turns":3.0},{"damage":0,"enemies":"3 Sentries","floor":10,"turns":3},{"damage":0,"enemies":"Lagavulin","floor":12,"turns":3},{"damage":0,"enemies":"Red Slaver","floor":14,"turns":2},{"damage":1,"enemies":"Hexaghost","floor":16,"turns":2}],"seed_played":"-8285127969608290286","potions_obtained":[{"floor":1.0,"key":"SpeedPotion"},{"floor":5.0,"key":"SkillPotion"},{"floor":8.0,"key":"SkillPotion"},{"floor":12,"key":"Fire Potion"},{"floor":14,"key":"PowerPotion"}],"is_trial":true,"path_per_floor":["M","?","?","M","M","E","$","E","T","E","R","E","R","M","R","B"],"character_chosen":"IRONCLAD","items_purchased":["PreservedInsect","Infernal Blade","Dropkick","SkillPotion"],"campfire_rested":3,"item_purchase_floors":[7,7,7,7],"current_hp_per_floor":[1,1,6,3,3,1,1,1,1,1,1,1,1,1,1,0],"gold":388,"neow_bonus":"","is_prod":false,"is_daily":false,"chose_seed":false,"campfire_upgraded":0,"win_rate":0,"timestamp":1568882158,"path_taken":["M","?","?","M","M","E","$","E","T","E","R","?","R","M","R","BOSS"],"build_version":"2019-09-18","purchased_purges":0,"victory":false,"max_hp_per_floor":[1,1,6,5,4,3,2,1,1,1,1,1,1,1,1,1],"card_choices":[],"player_experience":1404312,"relics_obtained":[{"floor":6.0,"key":"MawBank"},{"floor":8.0,"key":"Sundial"},{"floor":10,"key":"White Beast Statue"},{"floor":12,"key":"Red Skull"}],"event_choices":[{"damage_healed":0.0,"max_hp_gain":0.0,"max_hp_loss":0.0,"gold_gain":0.0,"cards_transformed":["Strike_R"],"event_name":"Living Wall","player_choice":"Change","floor":2.0,"gold_loss":0.0,"damage_taken":0.0,"cards_obtained":["Perfected Strike"]},{"damage_healed":0.0,"max_hp_gain":0.0,"max_hp_loss":0.0,"gold_gain":0.0,"event_name":"Golden Idol","player_choice":"Take Wound","floor":3.0,"gold_loss":0.0,"damage_taken":0.0,"relics_obtained":["Golden Idol"],"cards_obtained":["Injury"]}],"is_beta":true,"boss_relics":[],"items_purged_floors":[],"is_endless":false,"potions_floor_spawned":[1,5,8,12,14],"killed_by":"Hexaghost","ascension_level":0}