{"gold_per_floor":[110,110,35,45,55,86,86,86,111,129,164,164,180,180],"floor_reached":14,"playtime":661,"items_purged":["Regret"],"score":120,"play_id":"82f6e3bb-d1db-4775-9114-444fc25969a3","local_time":"20191010064711","is_ascension_mode":true,"campfire_choices":[{"data":"Wild Strike","floor":7,"key":"SMITH"}],"neow_cost":"NONE","seed_source_timestamp":2348032270712600,"circlet_count":0,"master_deck":["Strike_R","Strike_R","Strike_R","Strike_R","Strike_R","Defend_R+1","Defend_R","Defend_R+1","Defend_R","Bash","Sever Soul","Wild Strike+1","Wild Strike+1","Wild Strike+1"],"relics":["Burning Blood","War Paint","Lantern","Vajra","Molten Egg 2","Happy Flower"],"potions_floor_usage":[11,11],"damage_taken":[{"damage":0,"enemies":"Small Slimes","floor":1,"turns":3},{"damage":4,"enemies":"Jaw Worm","floor":4,"turns":3},{"damage":0,"enemies":"2 Louse","floor":5,"turns":2},{"damage":44,"enemies":"Lagavulin","floor":6,"turns":6},{"damage":15,"enemies":"Gremlin Gang","floor":10,"turns":3},{"damage":10,"enemies":"3 Sentries","floor":11,"turns":4},{"damage":18,"enemies":"Exordium Thugs","floor":13,"turns":4},{"damage":0,"enemies":"Lagavulin","floor":14,"turns":3}],"seed_played":"6049377764840772993","potions_obtained":[{"floor":1,"key":"Explosive Potion"},{"floor":5,"key":"GamblersBrew"},{"floor":10,"key":"LiquidBronze"}],"is_trial":false,"path_per_floor":["M","?","$","M","M","E","R","?","T","M","E","?","M","E"],"character_chosen":"IRONCLAD","items_purchased":[],"campfire_rested":0,"item_purchase_floors":[],"current_hp_per_floor":[88,88,88,88,88,50,50,50,50,41,37,30,18,18],"gold":180,"neow_bonus":"TEN_PERCENT_HP_BONUS","is_prod":false,"is_daily":false,"chose_seed":false,"campfire_upgraded":1,"win_rate":0,"timestamp":1570661231,"path_taken":["M","?","$","M","M","E","R","?","T","M","E","?","M","E"],"build_version":"2019-07-17","purchased_purges":1,"victory":false,"max_hp_per_floor":[88,88,88,88,88,88,88,88,88,88,88,88,88,88],"card_choices":[{"not_picked":["Body Slam","Rage"],"picked":"Sever Soul","floor":1},{"not_picked":["Armaments","Clothesline"],"picked":"Wild Strike","floor":4},{"not_picked":["Warcry","Pommel Strike","Shrug It Off"],"picked":"SKIP","floor":5},{"not_picked":["Blood for Blood","Whirlwind","True Grit"],"picked":"SKIP","floor":6},{"not_picked":["Heavy Blade","Uppercut","Feel No Pain"],"picked":"SKIP","floor":10},{"not_picked":["Pummel","Thunderclap"],"picked":"Wild Strike","floor":11},{"not_picked":["Flex","Flame Barrier"],"picked":"Wild Strike+1","floor":13}],"player_experience":146938,"relics_obtained":[{"floor":6,"key":"Lantern"},{"floor":9,"key":"Vajra"},{"floor":11,"key":"Molten Egg 2"}],"event_choices":[{"damage_healed":0,"gold_gain":0,"player_choice":"Box","damage_taken":0,"relics_obtained":["War Paint"],"max_hp_gain":0,"max_hp_loss":0,"event_name":"Big Fish","floor":2,"gold_loss":0,"cards_obtained":["Regret"]},{"damage_healed":0,"gold_gain":0,"player_choice":"Ignored","damage_taken":0,"max_hp_gain":0,"max_hp_loss":0,"event_name":"Liars Game","floor":8,"gold_loss":0},{"damage_healed":0,"gold_gain":0,"player_choice":"Success","damage_taken":7,"relics_obtained":["Happy Flower"],"max_hp_gain":0,"max_hp_loss":0,"event_name":"Scrap Ooze","floor":12,"gold_loss":0}],"is_beta":false,"boss_relics":[],"items_purged_floors":[3],"is_endless":false,"potions_floor_spawned":[1,5,10],"killed_by":"Lagavulin","ascension_level":4}