{"gold_per_floor":[113,113,130,54,73,73,73,129,152,152,180,197,197,212,212,289,289,305,329,347,347,347,347,376,376,426,426,443,443],"floor_reached":29,"playtime":662,"items_purged":[],"score":502,"play_id":"21e7b61d-349c-4648-88bd-15ed058113c0","local_time":"20190831211737","is_ascension_mode":true,"campfire_choices":[{"data":"Sunder","floor":6.0,"key":"SMITH"},{"data":"Zap","floor":15.0,"key":"SMITH"},{"floor":23.0,"key":"REST"},{"data":"Beam Cell","floor":25.0,"key":"SMITH"},{"data":"Hologram","floor":27.0,"key":"SMITH"}],"neow_cost":"NONE","seed_source_timestamp":0,"circlet_count":0,"master_deck":["AscendersBane","Strike_B","Defend_B","Defend_B","Defend_B","Zap+1","Dualcast+1","Self Repair","Conserve Battery","Sunder+1","BootSequence+1","Core Surge","Beam Cell+1","Ball Lightning","Echo Form","Hologram+1","Cold Snap","Machine Learning","Heatsinks"],"special_seed":0,"relics":["Cracked Core","NeowsBlessing","Orichalcum","Tiny Chest","Question Card","Darkstone Periapt","Empty Cage","War Paint","Bronze Scales","Strawberry"],"potions_floor_usage":[28],"damage_taken":[{"damage":0.0,"enemies":"Cultist","floor":1.0,"turns":1.0},{"damage":0.0,"enemies":"Small Slimes","floor":3.0,"turns":2.0},{"damage":0.0,"enemies":"2 Louse","floor":5.0,"turns":1.0},{"damage":25.0,"enemies":"3 Sentries","floor":8.0,"turns":8.0},{"damage":14.0,"enemies":"Lagavulin","floor":11.0,"turns":7.0},{"damage":6.0,"enemies":"Red Slaver","floor":12.0,"turns":4.0},{"damage":1.0,"enemies":"Exordium Thugs","floor":14.0,"turns":4.0},{"damage":31.0,"enemies":"Hexaghost","floor":16.0,"turns":9.0},{"damage":33.0,"enemies":"Shell Parasite","floor":18.0,"turns":8.0},{"damage":18.0,"enemies":"2 Thieves","floor":20.0,"turns":4.0},{"damage":16.0,"enemies":"Gremlin Leader","floor":24.0,"turns":6.0},{"damage":23,"enemies":"Cultist and Chosen","floor":28,"turns":6},{"damage":12,"enemies":"Centurion and Healer","floor":29,"turns":2}],"seed_played":"9101249673976187295","potions_obtained":[{"floor":3.0,"key":"FairyPotion"},{"floor":5.0,"key":"Dexterity Potion"},{"floor":12.0,"key":"Poison Potion"},{"floor":16.0,"key":"GamblersBrew"},{"floor":24.0,"key":"SpeedPotion"}],"is_trial":false,"path_per_floor":["M","?","M","$","M","R","?","E","T","?","E","M","T","M","R","B",null,"M","T","M","?","?","R","E","R","T","R","M","M"],"character_chosen":"DEFECT","items_purchased":["Sunder"],"campfire_rested":1,"item_purchase_floors":[4],"current_hp_per_floor":[64,64,71,71,71,71,60,42,42,35,28,29,29,35,35,11,56,37,37,26,26,6,28,19,19,26,26,10,0],"gold":443,"neow_bonus":"THREE_ENEMY_KILL","is_prod":false,"is_daily":false,"chose_seed":false,"campfire_upgraded":4,"win_rate":0,"timestamp":1567257457,"path_taken":["M","?","?","?","M","R","?","E","T","?","E","M","?","M","R","BOSS","M","?","?","?","?","R","E","R","T","R","M","M"],"build_version":"2019-07-17","purchased_purges":0,"victory":false,"max_hp_per_floor":[71,71,71,71,71,71,71,71,71,71,71,71,71,71,71,71,71,71,71,71,71,76,76,76,76,83,83,83,83],"card_choices":[{"not_picked":["Turbo","Steam"],"picked":"Self Repair","floor":1.0},{"not_picked":["Beam Cell","Hologram"],"picked":"Conserve Battery","floor":3.0},{"not_picked":["Doom and Gloom","Steam"],"picked":"BootSequence","floor":5.0},{"not_picked":["Sweeping Beam","Barrage","Streamline"],"picked":"SKIP","floor":8.0},{"not_picked":["Cold Snap","Go for the Eyes"],"picked":"Core Surge","floor":11.0},{"not_picked":["Stack","Streamline","Leap"],"picked":"Beam Cell","floor":12.0},{"not_picked":["Rebound","Auto Shields","Fusion"],"picked":"Ball Lightning","floor":14.0},{"not_picked":["Amplify","Multi-Cast","Buffer"],"picked":"Echo Form","floor":16.0},{"not_picked":["Capacitor","Sweeping Beam","Ball Lightning"],"picked":"Hologram","floor":18.0},{"not_picked":["Lockon","Steam","Barrage"],"picked":"Cold Snap","floor":20.0},{"not_picked":["Conserve Battery","Capacitor","Leap"],"picked":"Machine Learning","floor":24.0},{"not_picked":["Compile Driver","White Noise","Leap"],"picked":"Heatsinks","floor":28}],"player_experience":2258583,"relics_obtained":[{"floor":8.0,"key":"Tiny Chest"},{"floor":11.0,"key":"Question Card"},{"floor":13.0,"key":"Darkstone Periapt"},{"floor":19.0,"key":"War Paint"},{"floor":24.0,"key":"Bronze Scales"},{"floor":26.0,"key":"Strawberry"}],"event_choices":[{"cards_removed":["Strike_B"],"damage_healed":0.0,"max_hp_gain":0.0,"max_hp_loss":0.0,"gold_gain":0.0,"event_name":"Purifier","player_choice":"Purged","floor":2.0,"gold_loss":0.0,"damage_taken":0.0},{"damage_healed":0.0,"max_hp_gain":0.0,"max_hp_loss":0.0,"gold_gain":0.0,"event_name":"Scrap Ooze","player_choice":"Success","floor":7.0,"gold_loss":0.0,"damage_taken":11.0,"relics_obtained":["Orichalcum"]},{"cards_removed":["Defend_B"],"damage_healed":0.0,"max_hp_gain":0.0,"max_hp_loss":0.0,"gold_gain":0.0,"event_name":"Golden Wing","player_choice":"Card Removal","floor":10.0,"gold_loss":0.0,"damage_taken":7.0},{"damage_healed":0.0,"max_hp_gain":0.0,"max_hp_loss":0.0,"gold_gain":0.0,"event_name":"Vampires","player_choice":"Ignored","floor":21.0,"gold_loss":0.0,"damage_taken":0.0},{"damage_healed":0.0,"max_hp_gain":5.0,"max_hp_loss":0.0,"gold_gain":0.0,"event_name":"Forgotten Altar","player_choice":"Shed Blood","floor":22.0,"gold_loss":0.0,"damage_taken":25.0}],"is_beta":false,"boss_relics":[{"not_picked":["Snecko Eye","Philosopher\u0027s Stone"],"picked":"Empty Cage"}],"items_purged_floors":[],"is_endless":false,"potions_floor_spawned":[3,5,12,16,24],"killed_by":"Centurion and Healer","ascension_level":20}