{"gold_per_floor":[113,38,38,38,56,56,97,97,97,120,138,153,169,169,169,259,259,275,79,95,119,119,119,119],"floor_reached":24,"playtime":646,"items_purged":["Strike_B"],"score":446,"play_id":"1bd09e64-cb31-4de1-9961-e6f3fa34edb6","local_time":"20190826215851","is_ascension_mode":true,"campfire_choices":[{"data":"Zap","floor":6.0,"key":"SMITH"},{"data":"Recycle","floor":8.0,"key":"SMITH"},{"data":"Defragment","floor":15.0,"key":"SMITH"},{"floor":23.0,"key":"REST"}],"neow_cost":"NONE","seed_source_timestamp":2522289281034616,"circlet_count":0,"master_deck":["AscendersBane","Defend_B","Defend_B","Defend_B","Zap+1","Dualcast","Auto Shields","Coolheaded","Recycle+1","Coolheaded","Loop","Defragment+1","Heatsinks","White Noise","Hologram","Rainbow","Multi-Cast","Sunder+1","Stack+1","Ball Lightning+1","Fusion","Apotheosis","Loop"],"special_seed":0,"relics":["Cracked Core","NeowsBlessing","Golden Idol","Regal Pillow","Torii","Astrolabe"],"potions_floor_usage":[],"damage_taken":[{"damage":0.0,"enemies":"Small Slimes","floor":1.0,"turns":1.0},{"damage":0.0,"enemies":"2 Louse","floor":5.0,"turns":1.0},{"damage":0.0,"enemies":"3 Sentries","floor":7.0,"turns":1.0},{"damage":0.0,"enemies":"Jaw Worm","floor":10.0,"turns":3.0},{"damage":6.0,"enemies":"Blue Slaver","floor":11.0,"turns":4.0},{"damage":9.0,"enemies":"Gremlin Gang","floor":12.0,"turns":6.0},{"damage":9.0,"enemies":"Exordium Thugs","floor":13.0,"turns":6.0},{"damage":7.0,"enemies":"Hexaghost","floor":16.0,"turns":8.0},{"damage":16.0,"enemies":"Chosen","floor":18.0,"turns":4.0},{"damage":16.0,"enemies":"Shell Parasite","floor":20.0,"turns":7.0},{"damage":15.0,"enemies":"Centurion and Healer","floor":21.0,"turns":6.0},{"damage":39,"enemies":"Slavers","floor":24,"turns":3}],"seed_played":"-832480838031211243","potions_obtained":[{"floor":1.0,"key":"LiquidBronze"},{"floor":10.0,"key":"Swift Potion"},{"floor":20.0,"key":"Fire Potion"}],"is_trial":false,"path_per_floor":["M","$","?","?","M","R","E","R","T","M","M","M","M","?","R","B",null,"M","$","M","M","?","R","E"],"character_chosen":"DEFECT","items_purchased":["Apotheosis"],"campfire_rested":1,"item_purchase_floors":[19],"current_hp_per_floor":[64,64,64,64,64,64,64,64,64,64,58,49,40,40,40,33,56,40,40,24,9,9,43,4],"gold":119,"neow_bonus":"THREE_ENEMY_KILL","is_prod":false,"is_daily":false,"chose_seed":false,"campfire_upgraded":3,"win_rate":0,"timestamp":1566827931,"path_taken":["M","$","?","?","M","R","E","R","T","M","?","M","M","?","R","BOSS","M","$","?","M","?","R","E"],"build_version":"2019-07-17","purchased_purges":1,"victory":false,"max_hp_per_floor":[71,71,64,64,64,64,64,64,64,64,64,64,64,64,64,64,64,64,64,64,64,64,64,64],"card_choices":[{"not_picked":["Reprogram","Redo","Stack"],"picked":"SKIP","floor":1.0},{"not_picked":["Consume","Conserve Battery"],"picked":"Coolheaded","floor":5.0},{"not_picked":["Conserve Battery","Melter"],"picked":"Recycle","floor":7.0},{"not_picked":["Reprogram","Redo"],"picked":"Coolheaded","floor":10.0},{"not_picked":["BootSequence","Streamline"],"picked":"Loop","floor":11.0},{"not_picked":["Cold Snap","Hello World"],"picked":"Defragment","floor":12.0},{"not_picked":["Rebound","Glacier"],"picked":"Heatsinks","floor":13.0},{"not_picked":["Reboot","Creative AI"],"picked":"Multi-Cast","floor":16.0},{"not_picked":["Barrage","Reinforced Body"],"picked":"Fusion","floor":18.0},{"not_picked":["Lockon","Beam Cell+1","Sweeping Beam"],"picked":"SKIP","floor":20.0},{"not_picked":["Steam","Aggregate"],"picked":"Loop","floor":21.0}],"player_experience":2244425,"relics_obtained":[{"floor":7.0,"key":"Regal Pillow"},{"floor":9.0,"key":"Torii"}],"event_choices":[{"damage_healed":0.0,"max_hp_gain":0.0,"max_hp_loss":7.0,"gold_gain":0.0,"event_name":"Golden Idol","player_choice":"Lose Max HP","floor":3.0,"gold_loss":0.0,"damage_taken":0.0,"relics_obtained":["Golden Idol"]},{"damage_healed":0.0,"max_hp_gain":0.0,"max_hp_loss":0.0,"gold_gain":0.0,"cards_transformed":["Defend_B"],"event_name":"Living Wall","player_choice":"Change","floor":4.0,"gold_loss":0.0,"damage_taken":0.0,"cards_obtained":["Auto Shields"]},{"damage_healed":0.0,"max_hp_gain":0.0,"max_hp_loss":0.0,"gold_gain":0.0,"event_name":"Match and Keep!","player_choice":"3 cards matched","floor":14.0,"gold_loss":0.0,"damage_taken":0.0,"cards_obtained":["White Noise","Hologram","Rainbow"]},{"damage_healed":0.0,"max_hp_gain":0.0,"max_hp_loss":0.0,"gold_gain":0.0,"event_name":"The Mausoleum","player_choice":"Ignored","floor":22.0,"gold_loss":0.0,"damage_taken":0.0}],"is_beta":false,"boss_relics":[{"not_picked":["Empty Cage","Runic Dome"],"picked":"Astrolabe"}],"items_purged_floors":[2],"is_endless":false,"potions_floor_spawned":[1,10,11,12,20],"killed_by":"Slavers","ascension_level":20}