{"gold_per_floor":[114,126,138,150,164,164,196,196,196,196,208,218,236,261,261,363,363,375,392,411,424,118,118,136,136,184,214,214,214,242,256,256,351,351,368,468,486,486,486,486,501,501,501,521,273,273,3,22,22,22],"floor_reached":51,"playtime":6762,"items_purged":["Strike_R","Strike_R"],"score":879,"play_id":"0e0cbb98-41a2-4b7f-b0a1-593fe09da279","local_time":"20190902221015","is_ascension_mode":true,"campfire_choices":[{"data":"Cleave","floor":6,"key":"SMITH"},{"data":"Bash","floor":8,"key":"SMITH"},{"floor":10,"key":"REST"},{"data":"Uppercut","floor":15,"key":"SMITH"},{"data":"Inflame","floor":23,"key":"SMITH"},{"floor":25,"key":"REST"},{"floor":28,"key":"REST"},{"data":"Bludgeon","floor":32,"key":"SMITH"},{"data":"Flame Barrier","floor":40,"key":"SMITH"},{"floor":42,"key":"REST"},{"floor":46,"key":"REST"},{"floor":49,"key":"REST"}],"neow_cost":"NONE","seed_source_timestamp":491842045440200,"circlet_count":0,"master_deck":["Strike_R","Defend_R","Defend_R","Defend_R","Defend_R","Bash+1","Clothesline","Uppercut+1","Cleave+1","Shockwave","Whirlwind","Headbutt","Power Through","Limit Break","Iron Wave+1","Inflame+1","Bludgeon+1","Rampage","Blood for Blood","Spot Weakness+1","Demon Form","Shrug It Off+1","Flame Barrier+1","Writhe","Heavy Blade+1","Regret","Uppercut+1","Metallicize","Impatience","Heavy Blade+1"],"relics":["Burning Blood","Vajra","Boot","Pen Nib","Velvet Choker","Ancient Tea Set","PreservedInsect","Mummified Hand","Bronze Scales","Cursed Key","Dead Branch","Blue Candle"],"potions_floor_usage":[14,14,27,27,31,41,44,50,50],"damage_taken":[{"damage":6,"enemies":"Cultist","floor":1,"turns":3},{"damage":8,"enemies":"Jaw Worm","floor":2,"turns":4},{"damage":0,"enemies":"Small Slimes","floor":3,"turns":4},{"damage":12,"enemies":"Looter","floor":4,"turns":4},{"damage":11,"enemies":"Red Slaver","floor":5,"turns":6},{"damage":24,"enemies":"Gremlin Nob","floor":7,"turns":4},{"damage":10,"enemies":"Blue Slaver","floor":11,"turns":3},{"damage":6,"enemies":"Looter","floor":12,"turns":3},{"damage":14,"enemies":"Red Slaver","floor":13,"turns":2},{"damage":26,"enemies":"Lagavulin","floor":14,"turns":7},{"damage":60,"enemies":"Hexaghost","floor":16,"turns":13},{"damage":0,"enemies":"Chosen","floor":18,"turns":4},{"damage":1,"enemies":"3 Byrds","floor":19,"turns":3},{"damage":16,"enemies":"Snake Plant","floor":20,"turns":4},{"damage":10,"enemies":"Snecko","floor":21,"turns":3},{"damage":25,"enemies":"Centurion and Healer","floor":24,"turns":3},{"damage":16,"enemies":"Book of Stabbing","floor":27,"turns":4},{"damage":0,"enemies":"Gremlin Leader","floor":30,"turns":2},{"damage":3,"enemies":"Snake Plant","floor":31,"turns":2},{"damage":73,"enemies":"Automaton","floor":33,"turns":7},{"damage":28,"enemies":"3 Darklings","floor":35,"turns":3},{"damage":18,"enemies":"Mind Bloom Boss Battle","floor":36,"turns":3},{"damage":9,"enemies":"3 Shapes","floor":37,"turns":3},{"damage":2,"enemies":"Spire Growth","floor":41,"turns":2},{"damage":52,"enemies":"Writhing Mass","floor":44,"turns":5},{"damage":3,"enemies":"Transient","floor":48,"turns":5},{"damage":85,"enemies":"Donu and Deca","floor":50,"turns":7}],"seed_played":"-531877184707876329","potions_obtained":[{"floor":2,"key":"SneckoOil"},{"floor":4,"key":"Weak Potion"},{"floor":11,"key":"Regen Potion"},{"floor":16,"key":"Fire Potion"},{"floor":20,"key":"FearPotion"},{"floor":21,"key":"SkillPotion"},{"floor":24,"key":"Ancient Potion"},{"floor":27,"key":"FearPotion"},{"floor":35,"key":"EssenceOfSteel"},{"floor":37,"key":"GamblersBrew"},{"floor":41,"key":"Regen Potion"},{"floor":48,"key":"Swift Potion"}],"is_trial":false,"path_per_floor":["M","M","M","M","M","R","E","R","T","R","M","M","M","E","R","B",null,"M","M","M","M","$","R","M","R","T","E","R","?","E","M","R","B",null,"M","?","M","?","?","R","M","R","T","M","$","R","$","M","R","B",null],"character_chosen":"IRONCLAD","items_purchased":["Inflame","Ancient Tea Set","Blue Candle","Metallicize","Impatience"],"campfire_rested":6,"item_purchase_floors":[22,22,45,47,47],"current_hp_per_floor":[88,86,88,82,77,77,59,59,59,85,81,81,73,67,67,13,69,75,80,70,66,66,66,47,73,73,63,88,88,88,88,88,21,71,49,37,34,56,56,56,60,86,86,50,50,76,76,79,88,9],"gold":22,"neow_bonus":"TEN_PERCENT_HP_BONUS","is_prod":false,"is_daily":false,"chose_seed":false,"campfire_upgraded":6,"win_rate":0,"timestamp":1567476615,"path_taken":["M","M","M","M","M","R","E","R","T","R","M","M","?","E","R","BOSS","M","M","M","M","$","R","M","R","T","E","R","?","E","M","R","BOSS","M","?","M","?","?","R","M","R","T","M","$","R","$","M","R","BOSS"],"build_version":"2019-07-17","purchased_purges":2,"victory":true,"max_hp_per_floor":[88,88,88,88,88,88,88,88,88,88,88,88,88,88,88,88,88,88,88,88,88,88,88,88,88,88,88,88,88,88,88,88,88,88,88,88,88,88,88,88,88,88,88,88,88,88,88,88,88,88],"card_choices":[{"not_picked":["True Grit","Thunderclap","Sword Boomerang"],"picked":"SKIP","floor":1},{"not_picked":["Perfected Strike","Sword Boomerang","True Grit"],"picked":"SKIP","floor":2},{"not_picked":["Intimidate","Shockwave"],"picked":"Clothesline","floor":3},{"not_picked":["Warcry","Shrug It Off"],"picked":"Uppercut","floor":4},{"not_picked":["Sever Soul","Combust"],"picked":"Cleave","floor":5},{"not_picked":["Rampage","Inflame"],"picked":"Shockwave","floor":7},{"not_picked":["Thunderclap","Clothesline"],"picked":"Whirlwind","floor":11},{"not_picked":["Warcry","Barricade","Feel No Pain"],"picked":"SKIP","floor":12},{"not_picked":["Corruption","Wild Strike"],"picked":"Headbutt","floor":13},{"not_picked":["Whirlwind","Cleave"],"picked":"Power Through","floor":14},{"not_picked":["Juggernaut","Berserk"],"picked":"Limit Break","floor":16},{"not_picked":["Body Slam+1","Combust","Corruption"],"picked":"SKIP","floor":18},{"not_picked":["Searing Blow","Cleave","Perfected Strike"],"picked":"SKIP","floor":19},{"not_picked":["Intimidate+1","Blood for Blood"],"picked":"Iron Wave+1","floor":20},{"not_picked":["Anger","Blood for Blood","Infernal Blade"],"picked":"SKIP","floor":21},{"not_picked":["Armaments","Anger"],"picked":"Bludgeon","floor":24},{"not_picked":["True Grit","Immolate","Perfected Strike+1"],"picked":"SKIP","floor":27},{"not_picked":["Inflame+1","Clash"],"picked":"Spot Weakness+1","floor":30},{"not_picked":["Flex+1","Sword Boomerang","Fire Breathing+1"],"picked":"SKIP","floor":31},{"not_picked":["Limit Break","Feed"],"picked":"Demon Form","floor":33},{"not_picked":["Shockwave","Sever Soul+1","Sentinel+1"],"picked":"SKIP","floor":35},{"not_picked":["Twin Strike+1","Cleave+1"],"picked":"Shrug It Off","floor":36},{"not_picked":["Clothesline","Clash+1"],"picked":"Flame Barrier","floor":37},{"not_picked":["Anger","Shockwave"],"picked":"Heavy Blade+1","floor":41},{"not_picked":["Flex+1","Headbutt"],"picked":"Uppercut+1","floor":44},{"not_picked":["Combust","Immolate"],"picked":"Heavy Blade+1","floor":48}],"player_experience":157276,"relics_obtained":[{"floor":7,"key":"Vajra"},{"floor":9,"key":"Boot"},{"floor":14,"key":"Pen Nib"},{"floor":26,"key":"PreservedInsect"},{"floor":27,"key":"Mummified Hand"},{"floor":30,"key":"Bronze Scales"},{"floor":36,"key":"Dead Branch"}],"event_choices":[{"damage_healed":0,"gold_gain":0,"cards_transformed":["Strike_R","Strike_R"],"player_choice":"Became Test Subject","damage_taken":0,"max_hp_gain":0,"max_hp_loss":0,"event_name":"Drug Dealer","floor":29,"gold_loss":0,"cards_obtained":["Rampage","Blood for Blood"]},{"damage_healed":0,"gold_gain":0,"player_choice":"Fight","damage_taken":0,"max_hp_gain":0,"max_hp_loss":0,"event_name":"MindBloom","floor":36,"gold_loss":0},{"damage_healed":22,"gold_gain":0,"player_choice":"Writhe","damage_taken":0,"max_hp_gain":0,"max_hp_loss":0,"event_name":"Winding Halls","floor":38,"gold_loss":0,"cards_obtained":["Writhe"]},{"damage_healed":0,"gold_gain":0,"player_choice":"Forge","damage_taken":0,"max_hp_gain":0,"max_hp_loss":0,"event_name":"Accursed Blacksmith","floor":39,"gold_loss":0,"cards_upgraded":["Shrug It Off"]}],"is_beta":false,"boss_relics":[{"not_picked":["Runic Dome","Snecko Eye"],"picked":"Velvet Choker"},{"not_picked":["Fusion Hammer","Lizard Tail"],"picked":"Cursed Key"}],"items_purged_floors":[22,47],"is_endless":false,"potions_floor_spawned":[2,4,11,12,16,20,21,24,27,35,37,41,48],"ascension_level":5}