{"gold_per_floor":[110,110,110,90,107,107,139,139,139,139,189,26,26,44,44,115,115,130,130,130,55,70,70,70,120,144,6,6,21,21,47,47,124,124,134,134,153,163,179,211,211,228,280,314,314,314,330,358,358,358,358,358,358,1,29,29],"floor_reached":57,"playtime":2429,"items_purged":["Consume","Go for the Eyes"],"score":2943,"play_id":"fdb0e276-ec9e-465d-8cc3-0082213e9d2f","local_time":"20190824173544","is_ascension_mode":true,"campfire_choices":[{"data":"Chaos","floor":6.0,"key":"SMITH"},{"data":"Zap","floor":8.0,"key":"SMITH"},{"floor":10.0,"key":"REST"},{"data":"Blizzard","floor":15.0,"key":"SMITH"},{"data":"Recycle","floor":23.0,"key":"SMITH"},{"data":"Coolheaded","floor":28.0,"key":"SMITH"},{"data":"Heatsinks","floor":30.0,"key":"SMITH"},{"data":"Defragment","floor":32.0,"key":"SMITH"},{"data":"Heatsinks","floor":41,"key":"SMITH"},{"data":"Amplify","floor":46,"key":"SMITH"},{"floor":49,"key":"RECALL"},{"data":"Turbo","floor":53,"key":"SMITH"}],"neow_cost":"NONE","seed_source_timestamp":2332142302409424,"circlet_count":0,"master_deck":["AscendersBane","Zap+1","Dualcast+1","Coolheaded+1","Chaos+1","Blizzard+1","Heatsinks+1","Core Surge","Glacier","Gash","Biased Cognition","Recycle+1","Buffer","Cold Snap","Hologram","Coolheaded+1","Defragment+1","Heatsinks+1","Amplify+1","Coolheaded+1","Turbo+1","Skim","Loop","Turbo+1","Capacitor","Echo Form","Recycle+1","Multi-Cast","Defragment","Chill","Meteor Strike"],"special_seed":0,"relics":["Runic Pyramid","Vajra","Bag of Preparation","Art of War","Pandora\u0027s Box","Anchor","Pen Nib","Orrery","Sundial","PreservedInsect","Pear","Orichalcum","Thread and Needle"],"potions_floor_usage":[40,56],"damage_taken":[{"damage":12.0,"enemies":"Small Slimes","floor":1.0,"turns":3.0},{"damage":0.0,"enemies":"2 Louse","floor":5.0,"turns":4.0},{"damage":49.0,"enemies":"Gremlin Nob","floor":7.0,"turns":4.0},{"damage":0.0,"enemies":"Cultist","floor":14.0,"turns":3.0},{"damage":8.0,"enemies":"The Guardian","floor":16.0,"turns":10.0},{"damage":0.0,"enemies":"Spheric Guardian","floor":18.0,"turns":4.0},{"damage":2.0,"enemies":"2 Thieves","floor":22.0,"turns":4.0},{"damage":0.0,"enemies":"Snake Plant","floor":29.0,"turns":4.0},{"damage":0.0,"enemies":"Automaton","floor":33.0,"turns":5.0},{"damage":0.0,"enemies":"Orb Walker","floor":35.0,"turns":3.0},{"damage":4,"enemies":"3 Shapes","floor":37,"turns":3},{"damage":0,"enemies":"3 Darklings","floor":38,"turns":4},{"damage":0,"enemies":"Spire Growth","floor":39,"turns":3},{"damage":5,"enemies":"Reptomancer","floor":40,"turns":5},{"damage":0,"enemies":"Maw","floor":42,"turns":5},{"damage":0,"enemies":"Giant Head","floor":44,"turns":4},{"damage":0,"enemies":"Sphere and 2 Shapes","floor":47,"turns":3},{"damage":0,"enemies":"Nemesis","floor":48,"turns":8},{"damage":5,"enemies":"Donu and Deca","floor":50,"turns":5},{"damage":3,"enemies":"Time Eater","floor":51,"turns":11},{"damage":39,"enemies":"Shield and Spear","floor":55,"turns":6},{"damage":31,"enemies":"The Heart","floor":56,"turns":8}],"seed_played":"-1333302988572157595","potions_obtained":[{"floor":1.0,"key":"FocusPotion"},{"floor":4.0,"key":"FairyPotion"},{"floor":7.0,"key":"SpeedPotion"},{"floor":16.0,"key":"SkillPotion"},{"floor":40,"key":"FairyPotion"},{"floor":47,"key":"Ancient Potion"}],"is_trial":false,"path_per_floor":["M","?","?","?","M","R","E","R","T","R","?","$","T","M","R","B",null,"M","?","?","$","M","R","$","?","T","$","R","M","R","T","R","B",null,"M","?","M","M","M","E","R","M","T","E","?","R","M","E","R","B","B",null,"R","$","E","B",null],"character_chosen":"DEFECT","items_purchased":["Bag of Preparation","Coolheaded","Defragment","Multi-Cast","Defragment","Chill"],"campfire_rested":1,"item_purchase_floors":[12,27,27,54,54,54],"current_hp_per_floor":[52,31,24,24,24,24,7,7,7,28,21,21,21,21,21,13,57,57,37,37,37,35,35,35,35,35,35,35,35,35,35,35,35,66,66,66,62,62,62,57,57,57,57,67,67,67,67,67,67,62,59,79,79,79,40,9],"gold":29,"neow_bonus":"BOSS_RELIC","is_prod":false,"is_daily":false,"chose_seed":false,"campfire_upgraded":10,"win_rate":0,"timestamp":1566639344,"path_taken":["M","?","?","?","?","R","E","R","T","R","?","$","?","M","R","BOSS","M","?","?","$","?","R","$","?","T","?","R","M","R","?","R","BOSS","M","?","M","M","?","E","R","M","T","E","?","R","M","E","R","BOSS","BOSS","R","$","E","BOSS"],"build_version":"2019-07-17","purchased_purges":2,"victory":true,"max_hp_per_floor":[71,71,71,71,71,71,71,71,71,71,71,71,71,71,71,71,71,71,76,76,76,76,76,76,76,76,76,76,76,76,76,76,76,76,76,76,76,76,76,76,76,76,76,86,86,86,86,86,86,86,86,86,86,86,86,86],"card_choices":[{"not_picked":["Loop","Sweeping Beam"],"picked":"Coolheaded","floor":1.0},{"not_picked":["Gash","Go for the Eyes"],"picked":"Chaos","floor":5.0},{"not_picked":["Creative AI","Rainbow"],"picked":"Blizzard","floor":7.0},{"not_picked":["Go for the Eyes","Barrage"],"picked":"Heatsinks","floor":14.0},{"not_picked":["All For One","Buffer"],"picked":"Core Surge","floor":16.0},{"not_picked":["Stack","Reprogram"],"picked":"Cold Snap","floor":18.0},{"not_picked":["Sweeping Beam+1","Barrage"],"picked":"Hologram","floor":22.0},{"not_picked":["Gash","Static Discharge"],"picked":"Heatsinks","floor":29.0},{"not_picked":["Thunder Strike","All For One"],"picked":"Amplify","floor":33.0},{"not_picked":["Lockon","Sweeping Beam"],"picked":"Coolheaded+1","floor":34.0},{"not_picked":["Lockon","Aggregate"],"picked":"Turbo","floor":34.0},{"not_picked":["Rip and Tear","Ball Lightning"],"picked":"Skim","floor":34.0},{"not_picked":["All For One","Steam","Coolheaded"],"picked":"SKIP","floor":35.0},{"not_picked":["Force Field","Go for the Eyes+1"],"picked":"Turbo+1","floor":37},{"not_picked":["Streamline+1","Turbo","Rebound"],"picked":"SKIP","floor":38},{"not_picked":["Glacier+1","FTL+1"],"picked":"Capacitor","floor":39},{"not_picked":["Ball Lightning+1","Conserve Battery"],"picked":"Echo Form","floor":40},{"not_picked":["Chill","Steam"],"picked":"Recycle+1","floor":42},{"not_picked":["Recycle","Cold Snap","Gash"],"picked":"SKIP","floor":44},{"not_picked":["Reinforced Body+1","Cold Snap","Ball Lightning+1"],"picked":"SKIP","floor":47},{"not_picked":["Streamline","Stack","Steam"],"picked":"SKIP","floor":48},{"not_picked":["Conserve Battery+1","Reprogram"],"picked":"Meteor Strike","floor":55}],"player_experience":2234654,"relics_obtained":[{"floor":7.0,"key":"Vajra"},{"floor":13.0,"key":"Art of War"},{"floor":26.0,"key":"Anchor"},{"floor":31.0,"key":"Pen Nib"},{"floor":40,"key":"Sundial"},{"floor":43,"key":"PreservedInsect"},{"floor":44,"key":"Pear"},{"floor":48,"key":"Orichalcum"},{"floor":55,"key":"Thread and Needle"}],"event_choices":[{"damage_healed":0.0,"max_hp_gain":0.0,"max_hp_loss":0.0,"gold_gain":0.0,"event_name":"Shining Light","player_choice":"Entered Light","floor":2.0,"gold_loss":0.0,"damage_taken":21.0,"cards_upgraded":["Defend_B","Coolheaded"]},{"cards_removed":["Strike_B"],"damage_healed":0.0,"max_hp_gain":0.0,"max_hp_loss":0.0,"gold_gain":0.0,"event_name":"Golden Wing","player_choice":"Card Removal","floor":3.0,"gold_loss":0.0,"damage_taken":7.0},{"damage_healed":0.0,"max_hp_gain":0.0,"max_hp_loss":0.0,"gold_gain":0.0,"event_name":"The Woman in Blue","player_choice":"Bought 1 Potion","floor":4.0,"gold_loss":0.0,"damage_taken":0.0},{"damage_healed":0.0,"max_hp_gain":0.0,"max_hp_loss":0.0,"gold_gain":50.0,"event_name":"FaceTrader","player_choice":"Touch","floor":11.0,"gold_loss":0.0,"damage_taken":7.0},{"damage_healed":0.0,"max_hp_gain":5.0,"max_hp_loss":0.0,"gold_gain":0.0,"event_name":"Forgotten Altar","player_choice":"Shed Blood","floor":19.0,"gold_loss":0.0,"damage_taken":25.0},{"damage_healed":0.0,"max_hp_gain":0.0,"max_hp_loss":0.0,"gold_gain":0.0,"event_name":"Upgrade Shrine","player_choice":"Upgraded","floor":20.0,"gold_loss":0.0,"damage_taken":0.0,"cards_upgraded":["Dualcast"]},{"damage_healed":0.0,"max_hp_gain":0.0,"max_hp_loss":0.0,"gold_gain":50.0,"event_name":"Nest","player_choice":"Stole From Cult","floor":25.0,"gold_loss":0.0,"damage_taken":0.0},{"damage_healed":0,"gold_gain":0,"player_choice":"1 cards matched","damage_taken":0,"max_hp_gain":0,"max_hp_loss":0,"event_name":"Match and Keep!","floor":36,"gold_loss":0,"cards_obtained":["Loop"]},{"damage_healed":0,"gold_gain":0,"player_choice":"Ignored","damage_taken":0,"max_hp_gain":0,"max_hp_loss":0,"event_name":"SecretPortal","floor":45,"gold_loss":0}],"is_beta":false,"boss_relics":[{"not_picked":["Fusion Hammer","Tiny House"],"picked":"Pandora\u0027s Box"},{"not_picked":["Coffee Dripper","Calling Bell"],"picked":"Orrery"}],"items_purged_floors":[21,54],"is_endless":false,"potions_floor_spawned":[1,7,16,29,33,37,38,40,42,47,48],"ascension_level":20}