{"gold_per_floor":[113,132,197,210,210,241,241,268,268,287,313,313,313,347,347,443,443,458,473,398,411,429,429,458,458,458,471,481,515,515,120,120,219,219,231,231,231,250,268,268,298,316,316,332,138,138,156,190,190,190],"floor_reached":51,"playtime":2997,"items_purged":["Pain"],"score":1398,"play_id":"08afb5e0-63e3-4143-8ff0-2fc50c824c8e","local_time":"20190405202800","is_ascension_mode":true,"campfire_choices":[{"floor":7.0,"key":"REST"},{"data":"Body Slam","floor":12.0,"key":"SMITH"},{"data":"Body Slam","floor":15.0,"key":"SMITH"},{"data":"Demon Form","floor":23,"key":"SMITH"},{"data":"Run Through","floor":30,"key":"SMITH"},{"data":"Feel No Pain","floor":32,"key":"SMITH"},{"data":"Demon Form","floor":40,"key":"SMITH"},{"data":"Offering","floor":49,"key":"SMITH"}],"neow_cost":"NONE","seed_source_timestamp":9107696339100,"circlet_count":0,"master_deck":["AscendersBane","Strike_R","Strike_R","Strike_R+1","Strike_R","Strike_R","Defend_R","Defend_R","Defend_R","Defend_R+1","Bash","Intimidate+1","Body Slam+1","Run Through+1","ReplayTheSpireMod:Stacked+1","Flame Barrier","Body Slam+1","Demon Form+1","Shrug It Off+1","Shrug It Off","Impervious+1","Thunderclap+1","infinitespire:Collect","Feel No Pain+1","Defy Death+1","Demon Form+1","Shockwave+1","Madness","Madness","Heavy Blade+1","Inflame","infinitespire:Collect","Amnesia","Offering+1"],"special_seed":0,"relics":["Burning Blood","NeowsBlessing","ReplayTheSpireMod:Shallot","Mummified Hand","infinitespire:Satchel","Boot","Simple Rune","Divine Protection","aspiration:SeaSaltIceCream","aspiration:Nostalgia","Ring of the Snake","Quantum Egg","WarpedTongs","King of Hearts","Mark of Pain","Replay:Mystery Machine","aspiration:FetidBarrel","War Paint","Guide Book","Mercury Hourglass","ChewingGum","Orichalcum","Bag of Preparation","infinitespire:FocusingShard","DollysMirror","Ring of Fury","ReplayTheSpireMod:Ring of Addiction","Toy Ornithopter","White Beast Statue","Bag of Marbles"],"potions_floor_usage":[16,16,27,33,50,50],"damage_taken":[{"damage":0.0,"enemies":"Jaw Worm","floor":1.0,"turns":1.0},{"damage":0.0,"enemies":"Cultist","floor":2.0,"turns":1.0},{"damage":0.0,"enemies":"Small Slimes","floor":4.0,"turns":1.0},{"damage":56.0,"enemies":"Lagavulin","floor":6.0,"turns":8.0},{"damage":24.0,"enemies":"Gremlin Nob","floor":8.0,"turns":4.0},{"damage":0.0,"enemies":"Red Slaver","floor":10.0,"turns":4.0},{"damage":0.0,"enemies":"3 Sentries","floor":11.0,"turns":10.0},{"damage":21.0,"enemies":"Lagavulin","floor":14.0,"turns":6.0},{"damage":27,"enemies":"Fading Forest","floor":16,"turns":11},{"damage":0,"enemies":"Chosen","floor":18,"turns":3},{"damage":12,"enemies":"Spheric Guardian","floor":19,"turns":4},{"damage":25,"enemies":"Cultist and Chosen","floor":21,"turns":6},{"damage":0,"enemies":"3 Cultists","floor":22,"turns":5},{"damage":0,"enemies":"Book of Stabbing","floor":24,"turns":6},{"damage":0,"enemies":"Chosen and Byrds","floor":27,"turns":3},{"damage":0,"enemies":"Snake Plant","floor":28,"turns":3},{"damage":1,"enemies":"Gremlin Leader","floor":29,"turns":6},{"damage":31,"enemies":"Champ","floor":33,"turns":9},{"damage":0,"enemies":"Orb Walker","floor":35,"turns":3},{"damage":0,"enemies":"3 Shapes","floor":38,"turns":3},{"damage":0,"enemies":"Sphere and 2 Shapes","floor":39,"turns":4},{"damage":0,"enemies":"R_Hoarder","floor":41,"turns":7},{"damage":0,"enemies":"Writhing Mass","floor":42,"turns":4},{"damage":0,"enemies":"Jaw Worm Horde","floor":44,"turns":2},{"damage":0,"enemies":"4 Shapes","floor":47,"turns":3},{"damage":6,"enemies":"Giant Head","floor":48,"turns":7},{"damage":56,"enemies":"Time Eater","floor":50,"turns":7}],"seed_played":"1311580022769171784","potions_obtained":[{"floor":2.0,"key":"Reflective Coating"},{"floor":3.0,"key":"SkillPotion"},{"floor":8.0,"key":"Death Potion"},{"floor":10.0,"key":"Block Potion"},{"floor":14.0,"key":"Milkshake"},{"floor":19,"key":"Dexterity Potion"},{"floor":21,"key":"AttackPotion"},{"floor":28,"key":"Venom Potion"},{"floor":38,"key":"SkillPotion"},{"floor":42,"key":"Milkshake"},{"floor":46,"key":"Regen Potion"},{"floor":46,"key":"Regen Potion"},{"floor":48,"key":"Explosive Potion"}],"is_trial":false,"path_per_floor":["M","M","?","M","?","E","R","E","T","M","E","R","?","E","R","B",null,"M","M","$","M","M","R","E","?","T","M","M","E","R","$","R","B",null,"M","?","?","M","M","R","E","M","T","M","$","?","M","E","R","B",null],"character_chosen":"IRONCLAD","items_purchased":["Guide Book","Mercury Hourglass","DollysMirror"],"campfire_rested":1,"item_purchase_floors":[31,31,45],"current_hp_per_floor":[78,80,60,66,63,13,37,19,19,25,31,31,31,16,16,21,65,71,65,65,46,52,52,58,38,38,44,50,55,55,55,55,30,68,74,74,64,70,76,76,80,80,80,80,80,80,80,80,80,43],"gold":190,"neow_bonus":"THREE_ENEMY_KILL","is_prod":false,"is_daily":false,"chose_seed":false,"campfire_upgraded":7,"win_rate":0,"timestamp":1554517680,"path_taken":["M","M","?","?","?","E","R","E","T","M","E","R","?","E","R","BOSS","M","M","$","M","?","R","E","?","T","?","M","E","R","?","R","BOSS","M","?","?","M","M","R","E","M","T","M","$","?","M","E","R","BOSS"],"build_version":"2019-01-23","purchased_purges":1,"victory":true,"max_hp_per_floor":[80,80,80,80,80,80,80,80,80,80,80,80,80,80,80,80,80,80,80,80,80,80,80,80,80,80,80,80,80,80,80,80,80,80,80,80,80,80,80,80,80,80,80,80,80,80,80,80,80,78],"card_choices":[{"not_picked":["Iron Wave","Havoc"],"picked":"Intimidate","floor":1.0},{"not_picked":["Entrench","Seeing Red"],"picked":"Body Slam","floor":2.0},{"not_picked":["Perfected Strike","Havoc"],"picked":"Run Through","floor":3.0},{"not_picked":["Defy Death","Flex"],"picked":"ReplayTheSpireMod:Stacked","floor":4.0},{"not_picked":["ReplayTheSpireMod:Muscle Training","ReplayTheSpireMod:Strike From Hell","Entrench"],"picked":"SKIP","floor":6.0},{"not_picked":["True Grit","Dropkick"],"picked":"Flame Barrier","floor":8.0},{"not_picked":["Twin Strike","Seeing Red"],"picked":"Body Slam","floor":10.0},{"not_picked":["Sword Boomerang","True Grit","Intimidate"],"picked":"SKIP","floor":11.0},{"not_picked":["Headbutt","Flex","Iron Wave"],"picked":"SKIP","floor":14.0},{"not_picked":["Bludgeon","Double Tap"],"picked":"Demon Form","floor":16},{"not_picked":["Spot Weakness","Headbutt"],"picked":"Shrug It Off","floor":18},{"not_picked":["Sentinel","Defy Death","Cleave"],"picked":"SKIP","floor":19},{"not_picked":["Run Through","Sword Boomerang"],"picked":"Shrug It Off","floor":21},{"not_picked":["Dual Wield","Perfected Strike"],"picked":"Impervious","floor":22},{"not_picked":["Searing Blow","Infernal Blade"],"picked":"Thunderclap+1","floor":24},{"not_picked":["infinitespire:Virus","infinitespire:Fortify"],"picked":"infinitespire:Collect","floor":25},{"not_picked":["Entrench","Thunderclap"],"picked":"Feel No Pain","floor":27},{"not_picked":["Dropkick","Rage","Thunderclap"],"picked":"SKIP","floor":28},{"not_picked":["Carnage","Body Slam"],"picked":"Defy Death+1","floor":29},{"not_picked":["Double Tap","Exhume"],"picked":"Demon Form","floor":33},{"not_picked":["Pommel Strike+1","Dropkick"],"picked":"Shockwave+1","floor":35},{"not_picked":["Burning Pact","Cleave","Pommel Strike"],"picked":"SKIP","floor":38},{"not_picked":["Cleave","Second Wind+1","ReplayTheSpireMod:LeadingStrike"],"picked":"SKIP","floor":39},{"not_picked":["Double Tap","Replay:Undeath\u0027s Touch"],"picked":"Heavy Blade+1","floor":41},{"not_picked":["Power Through","Ghostly Armor"],"picked":"Inflame","floor":42},{"not_picked":["Iron Wave","Sword Boomerang","Carnage"],"picked":"SKIP","floor":44},{"not_picked":["Headbutt","True Grit+1"],"picked":"Offering","floor":47},{"not_picked":["ReplayTheSpireMod:Muscle Training","Havoc","Anger"],"picked":"SKIP","floor":48}],"player_experience":368219,"relics_obtained":[{"floor":3.0,"key":"ReplayTheSpireMod:Shallot"},{"floor":6.0,"key":"infinitespire:Satchel"},{"floor":8.0,"key":"Boot"},{"floor":9.0,"key":"Divine Protection"},{"floor":11.0,"key":"Quantum Egg"},{"floor":14.0,"key":"King of Hearts"},{"floor":24,"key":"Replay:Mystery Machine"},{"floor":26,"key":"aspiration:FetidBarrel"},{"floor":29,"key":"War Paint"},{"floor":41,"key":"Bag of Preparation"},{"floor":43,"key":"infinitespire:FocusingShard"},{"floor":46,"key":"Ring of Fury"},{"floor":46,"key":"ReplayTheSpireMod:Ring of Addiction"},{"floor":46,"key":"Toy Ornithopter"},{"floor":46,"key":"White Beast Statue"},{"floor":48,"key":"Bag of Marbles"}],"event_choices":[{"damage_healed":0.0,"max_hp_gain":0.0,"max_hp_loss":0.0,"gold_gain":0.0,"event_name":"Scrap Ooze","player_choice":"Success","floor":5.0,"gold_loss":0.0,"damage_taken":3.0,"relics_obtained":["Mummified Hand"]},{"damage_healed":0.0,"max_hp_gain":0.0,"max_hp_loss":0.0,"gold_gain":0.0,"event_name":"Accursed Blacksmith","player_choice":"Rummage","floor":13.0,"gold_loss":0.0,"damage_taken":0.0,"relics_obtained":["WarpedTongs"],"cards_obtained":["Pain"]},{"damage_healed":0,"gold_gain":0,"player_choice":"Ignored","damage_taken":0,"max_hp_gain":0,"max_hp_loss":0,"event_name":"Tomb of Lord Red Mask","floor":36,"gold_loss":0},{"damage_healed":0,"gold_gain":0,"player_choice":"Embrace Madness","damage_taken":10,"max_hp_gain":0,"max_hp_loss":0,"event_name":"Winding Halls","floor":37,"gold_loss":0,"cards_obtained":["Madness","Madness"]}],"is_beta":false,"boss_relics":[{"not_picked":["White Beast Statue","Eternal Feather"],"picked":"Mark of Pain"},{"not_picked":["Fusion Hammer","Velvet Choker"],"picked":"ChewingGum"}],"items_purged_floors":[20],"is_endless":false,"potions_floor_spawned":[2,8,10,14,19,21,28,29,38,39,42,47,48],"ascension_level":12}