{"gold_per_floor":[118,118,118,8,83,83,117,117,117,42,56,56,72,104,104,104],"floor_reached":16,"playtime":586,"items_purged":[],"score":262,"play_id":"d8e09188-758b-4fc7-8ed2-dcafae30642f","local_time":"20190804121322","is_ascension_mode":true,"campfire_choices":[{"data":"Searing Blow","floor":6.0,"key":"SMITH"},{"data":"Searing Blow+1","floor":8.0,"key":"SMITH"},{"data":"Inflame","floor":12.0,"key":"SMITH"},{"data":"Uppercut","floor":15.0,"key":"SMITH"}],"neow_cost":"NONE","seed_source_timestamp":1523625397300,"circlet_count":0,"master_deck":["AscendersBane","Strike_R","Strike_R","Strike_R","Defend_R","Defend_R","Defend_R","Defend_R","Bash","Searing Blow+2","Inflame+1","Shrug It Off","Uppercut+1","Armaments"],"special_seed":0,"relics":["Burning Blood","NeowsBlessing","Dodecahedron","Bottled Tornado","Shuriken"],"potions_floor_usage":[16],"damage_taken":[{"damage":0.0,"enemies":"2 Louse","floor":1.0,"turns":1.0},{"damage":0.0,"enemies":"3 Sentries","floor":7.0,"turns":2.0},{"damage":0.0,"enemies":"Small Slimes","floor":11.0,"turns":1.0},{"damage":9.0,"enemies":"Jaw Worm","floor":13.0,"turns":3.0},{"damage":40.0,"enemies":"Lagavulin","floor":14.0,"turns":5.0},{"damage":31,"enemies":"The Guardian","floor":16,"turns":9}],"seed_played":"7624989531468746158","potions_obtained":[{"floor":1.0,"key":"Explosive Potion"}],"is_trial":false,"path_per_floor":["M","?","?","$","?","R","E","R","T","?","M","R","M","E","R","B"],"character_chosen":"IRONCLAD","items_purchased":["Inflame","Shrug It Off"],"campfire_rested":0,"item_purchase_floors":[4,4],"current_hp_per_floor":[74,67,67,67,56,56,62,62,62,62,68,68,65,31,31,0],"gold":104,"neow_bonus":"THREE_ENEMY_KILL","is_prod":false,"is_daily":false,"chose_seed":false,"campfire_upgraded":4,"win_rate":0,"timestamp":1564942402,"path_taken":["M","?","?","$","?","R","E","R","T","?","M","R","M","E","R","BOSS"],"build_version":"2019-07-18","purchased_purges":0,"victory":false,"max_hp_per_floor":[75,75,75,75,75,75,75,75,75,75,75,75,75,75,75,75],"card_choices":[{"not_picked":["Evolve","Heavy Blade"],"picked":"Searing Blow","floor":1.0},{"not_picked":["Rampage","Iron Wave","Perfected Strike"],"picked":"SKIP","floor":7.0},{"not_picked":["Pommel Strike","Flex"],"picked":"Uppercut","floor":11.0},{"not_picked":["Rampage","Perfected Strike","Iron Wave"],"picked":"SKIP","floor":13.0},{"not_picked":["Anger","Evolve"],"picked":"Armaments","floor":14.0}],"player_experience":831045,"relics_obtained":[{"floor":7.0,"key":"Dodecahedron"},{"floor":9.0,"key":"Bottled Tornado"},{"floor":14.0,"key":"Shuriken"}],"event_choices":[{"cards_removed":["Strike_R"],"damage_healed":0.0,"max_hp_gain":0.0,"max_hp_loss":0.0,"gold_gain":0.0,"event_name":"Golden Wing","player_choice":"Card Removal","floor":2.0,"gold_loss":0.0,"damage_taken":7.0},{"damage_healed":0.0,"max_hp_gain":0.0,"max_hp_loss":0.0,"gold_gain":0.0,"event_name":"Scrap Ooze","player_choice":"Fled","floor":3.0,"gold_loss":0.0,"damage_taken":0.0},{"damage_healed":0.0,"max_hp_gain":0.0,"max_hp_loss":0.0,"gold_gain":75.0,"event_name":"World of Goop","player_choice":"Gather Gold","floor":5.0,"gold_loss":0.0,"damage_taken":11.0},{"cards_removed":["Strike_R"],"damage_healed":0.0,"max_hp_gain":0.0,"max_hp_loss":0.0,"gold_gain":0.0,"event_name":"The Cleric","player_choice":"Card Removal","floor":10.0,"gold_loss":75.0,"damage_taken":0.0}],"is_beta":true,"boss_relics":[],"items_purged_floors":[],"is_endless":false,"potions_floor_spawned":[1],"killed_by":"The Guardian","ascension_level":20}