{"gold_per_floor":[214,289,309,319,319,319,338,371,445,463,489,501,501,193,193],"floor_reached":15,"playtime":1489,"items_purged":[],"score":134,"play_id":"e6e4bf66-63b4-48e7-bfcc-48d0f4a0247d","local_time":"20190902201648","is_ascension_mode":true,"campfire_choices":[{"data":"Bash","floor":6,"key":"SMITH"},{"data":"Shrug It Off","floor":13,"key":"SMITH"},{"floor":15,"key":"REST"}],"neow_cost":"NONE","seed_source_timestamp":490338162067800,"circlet_count":0,"master_deck":["Strike_R","Strike_R","Strike_R","Strike_R","Strike_R","Defend_R","Defend_R","Defend_R","Defend_R","Bash+1","Anger","Battle Trance","Shrug It Off+1"],"relics":["Burning Blood","Gambling Chip","Kunai","Vajra","Bag of Preparation","PreservedInsect"],"potions_floor_usage":[11,12],"damage_taken":[{"damage":2,"enemies":"2 Louse","floor":1,"turns":3},{"damage":8,"enemies":"Jaw Worm","floor":3,"turns":4},{"damage":1,"enemies":"Cultist","floor":4,"turns":3},{"damage":11,"enemies":"3 Louse","floor":7,"turns":3},{"damage":45,"enemies":"3 Sentries","floor":8,"turns":9},{"damage":7,"enemies":"Looter","floor":10,"turns":3},{"damage":14,"enemies":"Lagavulin","floor":11,"turns":5},{"damage":3,"enemies":"Large Slime","floor":12,"turns":7}],"seed_played":"-3569214835658012870","potions_obtained":[{"floor":8,"key":"GamblersBrew"},{"floor":10,"key":"Poison Potion"},{"floor":11,"key":"Fire Potion"},{"floor":12,"key":"LiquidBronze"}],"is_trial":false,"path_per_floor":["M","?","M","M","?","R","M","E","T","M","E","M","R","$","R"],"character_chosen":"IRONCLAD","items_purchased":["Bag of Preparation","PreservedInsect"],"campfire_rested":1,"item_purchase_floors":[14,14],"current_hp_per_floor":[80,69,67,72,72,72,67,28,28,27,19,22,22,22,46],"gold":193,"neow_bonus":"HUNDRED_GOLD","is_prod":false,"is_daily":false,"chose_seed":false,"campfire_upgraded":2,"win_rate":0,"timestamp":1567469808,"path_taken":["M","?","M","M","?","R","M","E","T","M","E","M","R","$","R"],"build_version":"2019-07-17","purchased_purges":0,"victory":false,"max_hp_per_floor":[80,80,80,80,80,80,80,80,80,80,80,80,80,80,80],"card_choices":[{"not_picked":["Sword Boomerang","Perfected Strike","Twin Strike"],"picked":"SKIP","floor":1},{"not_picked":["Sever Soul","Hemokinesis"],"picked":"Anger","floor":3},{"not_picked":["Dropkick","Body Slam","Armaments"],"picked":"SKIP","floor":4},{"not_picked":["Thunderclap","Wild Strike","Clash"],"picked":"SKIP","floor":7},{"not_picked":["Sword Boomerang","Berserk"],"picked":"Battle Trance","floor":8},{"not_picked":["Flex","Carnage"],"picked":"Shrug It Off","floor":10},{"not_picked":["Perfected Strike","Feel No Pain","Twin Strike"],"picked":"SKIP","floor":11},{"not_picked":["Armaments","Havoc","Warcry"],"picked":"SKIP","floor":12}],"player_experience":155787,"relics_obtained":[{"floor":8,"key":"Gambling Chip"},{"floor":9,"key":"Kunai"},{"floor":11,"key":"Vajra"}],"event_choices":[{"damage_healed":0,"gold_gain":75,"player_choice":"Gather Gold","damage_taken":11,"max_hp_gain":0,"max_hp_loss":0,"event_name":"World of Goop","floor":2,"gold_loss":0},{"damage_healed":0,"gold_gain":0,"player_choice":"Ignored","damage_taken":0,"max_hp_gain":0,"max_hp_loss":0,"event_name":"WeMeetAgain","floor":5,"gold_loss":0}],"is_beta":false,"boss_relics":[],"items_purged_floors":[],"is_endless":false,"potions_floor_spawned":[8,10,11,12],"ascension_level":5}