{"gold_per_floor":[110,123,139,155,165,198,373,373,423,423,456,473,498,515,515,618,618,630,226,141,152,165,165,195,210,236,236,236,262,262,274,274,378,378,393,493,493,43,53,53,70,70,94,13,32,32,42,61,61,61],"floor_reached":51,"playtime":5616,"items_purged":["Doubt","Strike_R","Strike_R"],"score":857,"play_id":"a5a8966c-dc75-4a42-879a-ae644733867e","local_time":"20190902045228","is_ascension_mode":true,"campfire_choices":[{"data":"Ghostly Armor","floor":8,"key":"SMITH"},{"data":"Flame Barrier","floor":10,"key":"SMITH"},{"data":"Flame Barrier","floor":15,"key":"SMITH"},{"floor":23,"key":"REST"},{"data":"Heavy Blade","floor":27,"key":"SMITH"},{"data":"Exhume","floor":30,"key":"SMITH"},{"data":"Inflame","floor":32,"key":"SMITH"},{"data":"Demon Form","floor":40,"key":"SMITH"},{"data":"Power Through","floor":42,"key":"SMITH"},{"data":"Uppercut","floor":46,"key":"SMITH"},{"floor":49,"key":"REST"}],"neow_cost":"NONE","seed_source_timestamp":430727642747800,"circlet_count":0,"master_deck":["Defend_R","Defend_R","Defend_R","Defend_R","Bash","Clothesline","Headbutt","Inflame+1","Ghostly Armor+1","Flame Barrier+1","Whirlwind","Uppercut+1","Pommel Strike","Flame Barrier+1","Limit Break","Iron Wave","Good Instincts","Heavy Blade+1","Spot Weakness","Exhume+1","Necronomicurse","Demon Form+1","Infernal Blade+1","Infernal Blade+1","Flame Barrier+1","Iron Wave","Pommel Strike","Shrug It Off","Good Instincts","Apotheosis","Power Through+1","Metallicize","Parasite","Heavy Blade","Infernal Blade"],"relics":["Burning Blood","Pear","Regal Pillow","Meat on the Bone","PreservedInsect","Black Star","Membership Card","Bottled Tornado","Potion Belt","Mummified Hand","Gremlin Horn","Bag of Marbles","Necronomicon","Vajra","Strawberry","Astrolabe","Torii","Oddly Smooth Stone","PrismaticShard","Centennial Puzzle","Lantern"],"potions_floor_usage":[6,13,18,22,24,24,33],"damage_taken":[{"damage":1,"enemies":"Cultist","floor":1,"turns":4},{"damage":4,"enemies":"Small Slimes","floor":2,"turns":4},{"damage":18,"enemies":"Jaw Worm","floor":3,"turns":4},{"damage":10,"enemies":"Blue Slaver","floor":4,"turns":5},{"damage":0,"enemies":"Large Slime","floor":5,"turns":4},{"damage":21,"enemies":"Gremlin Nob","floor":6,"turns":6},{"damage":21,"enemies":"Lagavulin","floor":11,"turns":9},{"damage":15,"enemies":"Exordium Thugs","floor":12,"turns":4},{"damage":12,"enemies":"Gremlin Nob","floor":13,"turns":4},{"damage":0,"enemies":"Looter","floor":14,"turns":3},{"damage":39,"enemies":"Slime Boss","floor":16,"turns":13},{"damage":41,"enemies":"Shell Parasite","floor":18,"turns":7},{"damage":21,"enemies":"Chosen","floor":21,"turns":7},{"damage":54,"enemies":"Centurion and Healer","floor":22,"turns":9},{"damage":36,"enemies":"Slavers","floor":24,"turns":6},{"damage":5,"enemies":"Snecko","floor":25,"turns":4},{"damage":0,"enemies":"Gremlin Leader","floor":29,"turns":3},{"damage":12,"enemies":"3 Cultists","floor":31,"turns":5},{"damage":60,"enemies":"Champ","floor":33,"turns":8},{"damage":12,"enemies":"3 Shapes","floor":35,"turns":3},{"damage":14,"enemies":"Mind Bloom Boss Battle","floor":36,"turns":7},{"damage":9,"enemies":"3 Darklings","floor":39,"turns":5},{"damage":12,"enemies":"4 Shapes","floor":41,"turns":3},{"damage":28,"enemies":"Writhing Mass","floor":45,"turns":4},{"damage":0,"enemies":"Spire Growth","floor":47,"turns":4},{"damage":0,"enemies":"Sphere and 2 Shapes","floor":48,"turns":2},{"damage":26,"enemies":"Time Eater","floor":50,"turns":9}],"seed_played":"-7955441117852345898","potions_obtained":[{"floor":5,"key":"EssenceOfSteel"},{"floor":6,"key":"Dexterity Potion"},{"floor":11,"key":"Swift Potion"},{"floor":12,"key":"Fire Potion"},{"floor":14,"key":"FearPotion"},{"floor":16,"key":"Weak Potion"},{"floor":18,"key":"Block Potion"},{"floor":22,"key":"GamblersBrew"},{"floor":25,"key":"Ancient Potion"},{"floor":29,"key":"Poison Potion"},{"floor":33,"key":"SneckoOil"},{"floor":35,"key":"Strength Potion"},{"floor":45,"key":"Swift Potion"},{"floor":47,"key":"Strength Potion"}],"is_trial":false,"path_per_floor":["M","M","M","M","M","E","?","R","T","R","E","M","E","M","R","B",null,"M","$","?","M","M","R","E","M","T","R","?","E","R","M","R","B",null,"M","?","?","$","M","R","M","R","T","$","M","R","M","M","R","B",null],"character_chosen":"IRONCLAD","items_purchased":["Membership Card","Bottled Tornado","Good Instincts","Shrug It Off","Good Instincts","Apotheosis","Oddly Smooth Stone","PrismaticShard","Centennial Puzzle","Metallicize"],"campfire_rested":2,"item_purchase_floors":[19,19,19,38,38,38,38,38,38,44],"current_hp_per_floor":[88,88,76,72,78,73,73,73,73,73,58,61,67,73,73,52,98,63,63,63,60,24,68,50,63,63,63,47,72,72,66,66,24,105,99,91,91,91,88,88,82,82,82,82,60,60,66,72,105,85],"gold":61,"neow_bonus":"TEN_PERCENT_HP_BONUS","is_prod":false,"is_daily":false,"chose_seed":false,"campfire_upgraded":9,"win_rate":0,"timestamp":1567414348,"path_taken":["M","?","M","M","M","E","?","R","T","R","E","M","E","M","R","BOSS","M","$","?","M","M","R","E","M","T","R","?","E","R","M","R","BOSS","M","?","?","$","M","R","M","R","T","$","M","R","M","M","R","BOSS"],"build_version":"2019-07-17","purchased_purges":3,"victory":true,"max_hp_per_floor":[88,88,88,88,88,98,98,98,98,98,98,98,98,98,98,98,98,98,98,98,98,98,98,98,98,98,98,98,105,105,105,105,105,105,105,105,105,105,105,105,105,105,105,105,105,105,105,105,105,105],"card_choices":[{"not_picked":["Headbutt","Twin Strike"],"picked":"Clothesline","floor":1},{"not_picked":["Sentinel","Dropkick"],"picked":"Headbutt","floor":2},{"not_picked":["Sword Boomerang","Havoc"],"picked":"Inflame","floor":3},{"not_picked":["Combust","True Grit"],"picked":"Ghostly Armor","floor":4},{"not_picked":["Twin Strike","Sword Boomerang"],"picked":"Flame Barrier","floor":5},{"not_picked":["Thunderclap","Twin Strike","Barricade"],"picked":"SKIP","floor":6},{"not_picked":["Thunderclap","Cleave"],"picked":"Whirlwind","floor":11},{"not_picked":["Sentinel","Armaments"],"picked":"Uppercut","floor":12},{"not_picked":["Reckless Charge","Clash"],"picked":"Pommel Strike","floor":13},{"not_picked":["Carnage","Sword Boomerang"],"picked":"Flame Barrier","floor":14},{"not_picked":["Berserk","Fiend Fire"],"picked":"Limit Break","floor":16},{"not_picked":["Uppercut","Perfected Strike"],"picked":"Iron Wave","floor":18},{"not_picked":["Clothesline+1","Clash+1"],"picked":"Heavy Blade","floor":21},{"not_picked":["Twin Strike","Clash"],"picked":"Spot Weakness","floor":22},{"not_picked":["Sentinel","True Grit","Fire Breathing"],"picked":"SKIP","floor":24},{"not_picked":["Intimidate+1","Twin Strike"],"picked":"Exhume","floor":25},{"not_picked":["Seeing Red","Warcry+1"],"picked":"Infernal Blade","floor":29},{"not_picked":["Havoc","Seeing Red","Anger"],"picked":"SKIP","floor":31},{"not_picked":["Offering","Dark Embrace"],"picked":"Demon Form","floor":33},{"not_picked":["Warcry+1","Entrench"],"picked":"Iron Wave","floor":35},{"not_picked":["Dual Wield","True Grit+1"],"picked":"Pommel Strike","floor":36},{"not_picked":["Reprogram+1","Warcry","Rupture+1"],"picked":"SKIP","floor":39},{"not_picked":["Cleave","Eviscerate"],"picked":"Power Through","floor":41},{"not_picked":["Flying Knee+1","Inflame+1","Hemokinesis+1"],"picked":"SKIP","floor":45},{"not_picked":["Endless Agony","Flying Knee"],"picked":"Heavy Blade","floor":47},{"not_picked":["Whirlwind","Coolheaded+1"],"picked":"Infernal Blade","floor":48}],"player_experience":109522,"relics_obtained":[{"floor":6,"key":"Pear"},{"floor":9,"key":"Regal Pillow"},{"floor":11,"key":"Meat on the Bone"},{"floor":13,"key":"PreservedInsect"},{"floor":24,"key":"Mummified Hand"},{"floor":24,"key":"Gremlin Horn"},{"floor":26,"key":"Bag of Marbles"},{"floor":28,"key":"Necronomicon"},{"floor":29,"key":"Vajra"},{"floor":29,"key":"Strawberry"},{"floor":36,"key":"Torii"},{"floor":43,"key":"Lantern"}],"event_choices":[{"damage_healed":0,"gold_gain":175,"player_choice":"AGREE","damage_taken":0,"max_hp_gain":0,"max_hp_loss":0,"event_name":"Liars Game","floor":7,"gold_loss":0,"cards_obtained":["Doubt"]},{"damage_healed":0,"gold_gain":0,"player_choice":"Obtained Relic","damage_taken":0,"relics_obtained":["Potion Belt"],"max_hp_gain":0,"max_hp_loss":0,"event_name":"Addict","floor":20,"gold_loss":85},{"damage_healed":0,"gold_gain":0,"player_choice":"Obtained Book","damage_taken":16,"max_hp_gain":0,"max_hp_loss":0,"event_name":"Cursed Tome","floor":28,"gold_loss":0},{"damage_healed":0,"gold_gain":0,"player_choice":"Fight","damage_taken":0,"max_hp_gain":0,"max_hp_loss":0,"event_name":"MindBloom","floor":36,"gold_loss":0},{"cards_removed":["Infernal Blade"],"damage_healed":0,"gold_gain":0,"player_choice":"Removed Skill","damage_taken":0,"max_hp_gain":0,"max_hp_loss":0,"event_name":"Falling","floor":37,"gold_loss":0}],"is_beta":false,"boss_relics":[{"not_picked":["Calling Bell","Sozu"],"picked":"Black Star"},{"not_picked":["Cursed Key","Runic Cube"],"picked":"Astrolabe"}],"items_purged_floors":[19,38,44],"is_endless":false,"potions_floor_spawned":[5,6,11,12,14,16,18,22,25,29,33,35,45,47],"ascension_level":2}