{"gold_per_floor":[118,118,5,19,38,38,68,86,86,86,161,88,88,104,104,199,199,217,142,142,157,174,174,99,99,99,113,113,13,13,13,13,13],"floor_reached":33,"playtime":1888,"items_purged":["Strike_R","Strike_R"],"score":293,"play_id":"79ff86d9-2cd6-4650-92f2-e1a189954579","local_time":"20190827190439","is_ascension_mode":false,"campfire_choices":[{"data":"Bash","floor":6,"key":"SMITH"},{"data":"Whirlwind","floor":10,"key":"SMITH"},{"floor":13,"key":"REST"},{"data":"Armaments","floor":15,"key":"SMITH"},{"data":"Flame Barrier","floor":23,"key":"SMITH"},{"data":"Shrug It Off","floor":25,"key":"SMITH"},{"data":"Flex","floor":28,"key":"SMITH"},{"data":"Spot Weakness","floor":30,"key":"SMITH"},{"floor":32,"key":"REST"}],"neow_cost":"NONE","seed_source_timestamp":1193222447848503,"circlet_count":0,"master_deck":["Strike_R","Strike_R","Defend_R","Defend_R","Defend_R","Defend_R","Bash+1","Feed","Armaments+1","Whirlwind+1","Fire Breathing","Battle Trance","Spot Weakness+1","Iron Wave+1","Flame Barrier+1","Flex+1","Battle Trance+1","Pommel Strike+1","Bloodletting+1","Heavy Blade+1","Shrug It Off+1"],"relics":["Burning Blood","Molten Egg 2","Letter Opener","White Beast Statue","Pear","Thread and Needle"],"potions_floor_usage":[33,33,33],"damage_taken":[{"damage":1,"enemies":"Cultist","floor":1,"turns":3},{"damage":1,"enemies":"2 Louse","floor":4,"turns":2},{"damage":16,"enemies":"Jaw Worm","floor":5,"turns":6},{"damage":38,"enemies":"Lagavulin","floor":7,"turns":8},{"damage":20,"enemies":"Exordium Wildlife","floor":8,"turns":5},{"damage":0,"enemies":"2 Fungi Beasts","floor":14,"turns":4},{"damage":38,"enemies":"Hexaghost","floor":16,"turns":9},{"damage":25,"enemies":"Spheric Guardian","floor":18,"turns":7},{"damage":10,"enemies":"3 Byrds","floor":21,"turns":4},{"damage":24,"enemies":"Sentry and Sphere","floor":22,"turns":6},{"damage":31,"enemies":"Snecko","floor":27,"turns":10},{"damage":161,"enemies":"Automaton","floor":33,"turns":16}],"seed_played":"-2288517326639479225","potions_obtained":[{"floor":4,"key":"FearPotion"},{"floor":5,"key":"Regen Potion"},{"floor":8,"key":"Energy Potion"},{"floor":18,"key":"Strength Potion"},{"floor":22,"key":"BloodPotion"}],"is_trial":false,"path_per_floor":["M","?","$","M","M","R","E","M","T","R","?","$","R","M","R","B",null,"M","?","?","M","M","R","$","R","T","M","R","$","R","T","R","B"],"character_chosen":"IRONCLAD","items_purchased":["Whirlwind","Flame Barrier","Heavy Blade+1","Shrug It Off"],"campfire_rested":2,"item_purchase_floors":[3,12,24,24],"current_hp_per_floor":[83,83,83,86,80,80,51,41,41,41,30,30,59,68,68,36,100,84,84,103,102,87,87,87,87,97,75,75,75,75,75,111,0],"gold":13,"neow_bonus":"ONE_RANDOM_RARE_CARD","is_prod":false,"is_daily":false,"chose_seed":false,"campfire_upgraded":7,"win_rate":0,"timestamp":1566925479,"path_taken":["M","?","$","M","M","R","E","M","T","R","?","?","R","M","R","BOSS","M","?","?","M","M","R","$","R","T","M","R","$","R","?","R","BOSS"],"build_version":"2019-07-17","purchased_purges":2,"victory":false,"max_hp_per_floor":[83,83,83,86,90,90,93,97,97,97,97,97,97,100,100,100,100,103,103,103,106,109,109,109,109,119,122,122,122,122,122,122,122],"card_choices":[{"not_picked":["Heavy Blade","Spot Weakness"],"picked":"Armaments","floor":1},{"not_picked":["Cleave","True Grit"],"picked":"Fire Breathing","floor":4},{"not_picked":["True Grit","Armaments"],"picked":"Battle Trance","floor":5},{"not_picked":["Clothesline","Entrench"],"picked":"Spot Weakness","floor":7},{"not_picked":["Cleave+1","Armaments"],"picked":"Iron Wave+1","floor":8},{"not_picked":["Rampage+1","Feel No Pain"],"picked":"Flex","floor":14},{"not_picked":["Armaments+1","Sword Boomerang+1"],"picked":"Battle Trance+1","floor":18},{"not_picked":["True Grit","Reckless Charge+1"],"picked":"Pommel Strike+1","floor":21},{"not_picked":["Sword Boomerang+1","Bludgeon+1"],"picked":"Bloodletting+1","floor":22},{"not_picked":["Infernal Blade","Cleave+1","Dropkick+1"],"picked":"SKIP","floor":27}],"player_experience":48721,"relics_obtained":[{"floor":7,"key":"Molten Egg 2"},{"floor":9,"key":"Letter Opener"},{"floor":26,"key":"Pear"},{"floor":31,"key":"Thread and Needle"}],"event_choices":[{"damage_healed":0,"gold_gain":0,"player_choice":"Fled","damage_taken":0,"max_hp_gain":0,"max_hp_loss":0,"event_name":"Scrap Ooze","floor":2,"gold_loss":0},{"damage_healed":0,"gold_gain":75,"player_choice":"Gather Gold","damage_taken":11,"max_hp_gain":0,"max_hp_loss":0,"event_name":"World of Goop","floor":11,"gold_loss":0},{"cards_removed":["Strike_R"],"damage_healed":0,"gold_gain":0,"player_choice":"Gave Gold","damage_taken":0,"max_hp_gain":0,"max_hp_loss":0,"event_name":"Beggar","floor":19,"gold_loss":75},{"damage_healed":34,"gold_gain":0,"player_choice":"Heal","damage_taken":0,"max_hp_gain":0,"max_hp_loss":0,"event_name":"The Library","floor":20,"gold_loss":0}],"is_beta":false,"boss_relics":[{"not_picked":["Ectoplasm","Eternal Feather"],"picked":"White Beast Statue"}],"items_purged_floors":[3,29],"is_endless":false,"potions_floor_spawned":[4,5,8,18,21,22,27],"killed_by":"Automaton","ascension_level":0}