{"gold_per_floor":[109,59,59,71,81,106,120,120,120,120,137,137,137,137,137,240,240,257,269,285,304,11,11,11,11,36,46,46,64,64,74,74,74],"floor_reached":33,"playtime":1386,"items_purged":[],"score":249,"play_id":"da163073-73d0-47f2-89de-e7e4d87bb82c","local_time":"20190603174545","is_ascension_mode":false,"campfire_choices":[{"data":"Capacitor","floor":8,"key":"SMITH"},{"floor":15,"key":"REST"},{"data":"Barrage","floor":25,"key":"SMITH"},{"floor":28,"key":"REST"},{"floor":30,"key":"REST"},{"floor":32,"key":"REST"}],"neow_cost":"NONE","seed_source_timestamp":270783449477472,"circlet_count":0,"master_deck":["Strike_B","Defend_B","Defend_B+1","Defend_B+1","Zap","Dualcast","Self Repair","Capacitor+1","Ball Lightning","Barrage","Ball Lightning","Doom and Gloom","Thunder Strike","Chaos+1","Defragment","Barrage+1","Tempest","Defragment"],"relics":["Cracked Core","NeowsBlessing","StoneCalendar","Turnip","Chemical X","Smiling Mask"],"potions_floor_usage":[],"damage_taken":[{"damage":0,"enemies":"Jaw Worm","floor":1,"turns":1},{"damage":0,"enemies":"2 Louse","floor":4,"turns":1},{"damage":0,"enemies":"Cultist","floor":5,"turns":1},{"damage":31,"enemies":"Lagavulin","floor":6,"turns":6},{"damage":1,"enemies":"3 Louse","floor":7,"turns":3},{"damage":13,"enemies":"2 Fungi Beasts","floor":11,"turns":3},{"damage":35,"enemies":"Hexaghost","floor":16,"turns":7},{"damage":17,"enemies":"Spheric Guardian","floor":18,"turns":5},{"damage":2,"enemies":"Chosen","floor":19,"turns":4},{"damage":30,"enemies":"Centurion and Healer","floor":20,"turns":7},{"damage":14,"enemies":"Snecko","floor":21,"turns":4},{"damage":34,"enemies":"Shelled Parasite and Fungi","floor":27,"turns":5},{"damage":39,"enemies":"Sentry and Sphere","floor":29,"turns":4},{"damage":0,"enemies":"Chosen and Byrds","floor":31,"turns":4},{"damage":104,"enemies":"Collector","floor":33,"turns":7}],"seed_played":"-7954145126104234922","potions_obtained":[{"floor":1,"key":"PowerPotion"},{"floor":4,"key":"SteroidPotion"},{"floor":11,"key":"Poison Potion"},{"floor":19,"key":"Regen Potion"},{"floor":31,"key":"FairyPotion"}],"is_trial":false,"path_per_floor":["M","?","?","M","M","E","M","R","T","?","M","?","?","?","R","B",null,"M","M","M","M","$","?","?","R","T","M","R","M","R","M","R","B"],"character_chosen":"DEFECT","items_purchased":["Chemical X","Defragment","Barrage"],"campfire_rested":4,"item_purchase_floors":[22,22,22],"current_hp_per_floor":[75,75,75,75,75,51,50,50,50,43,37,62,62,47,69,41,75,65,63,40,33,33,33,58,58,58,31,53,14,36,36,58,0],"gold":74,"neow_bonus":"THREE_ENEMY_KILL","is_prod":false,"is_daily":false,"chose_seed":false,"campfire_upgraded":2,"win_rate":0,"timestamp":1559609145,"path_taken":["M","?","?","?","M","E","M","R","T","?","M","?","?","?","R","BOSS","M","M","M","M","$","?","?","R","T","M","R","M","R","M","R","BOSS"],"build_version":"2019-01-23","purchased_purges":0,"victory":false,"max_hp_per_floor":[75,75,75,75,75,75,75,75,75,75,75,75,75,75,75,75,75,75,75,75,75,75,75,75,75,75,75,75,75,75,75,75,75],"card_choices":[{"not_picked":["Genetic Algorithm","Conserve Battery","Skim"],"picked":"SKIP","floor":1},{"not_picked":["Leap","Beam Cell"],"picked":"Capacitor","floor":4},{"not_picked":["Force Field","Ball Lightning","Go for the Eyes"],"picked":"SKIP","floor":5},{"not_picked":["Force Field","Go for the Eyes"],"picked":"Ball Lightning","floor":5},{"not_picked":["Reboot","Echo Form"],"picked":"Barrage","floor":6},{"not_picked":["Darkness","Force Field"],"picked":"Ball Lightning","floor":7},{"not_picked":["Hologram","Leap"],"picked":"Doom and Gloom","floor":11},{"not_picked":["Creative AI","Hyperbeam"],"picked":"Thunder Strike","floor":16},{"not_picked":["Rip and Tear","Chill+1","Rebound+1"],"picked":"SKIP","floor":18},{"not_picked":["Stack+1","Coolheaded","Self Repair"],"picked":"SKIP","floor":19},{"not_picked":["Darkness","Aggregate","Rip and Tear"],"picked":"SKIP","floor":20},{"not_picked":["Static Discharge","Recycle+1"],"picked":"Chaos+1","floor":21},{"not_picked":["Steam","Steam Power+1","Turbo"],"picked":"SKIP","floor":27},{"not_picked":["Aggregate","Coolheaded+1"],"picked":"Tempest","floor":29},{"not_picked":["Genetic Algorithm","Melter+1"],"picked":"Defragment","floor":31}],"player_experience":191759,"relics_obtained":[{"floor":6,"key":"StoneCalendar"},{"floor":9,"key":"Turnip"},{"floor":26,"key":"Smiling Mask"}],"event_choices":[{"cards_removed":["Strike_B"],"damage_healed":0,"gold_gain":0,"player_choice":"Card Removal","damage_taken":0,"max_hp_gain":0,"max_hp_loss":0,"event_name":"The Cleric","floor":2,"gold_loss":50},{"damage_healed":0,"gold_gain":0,"cards_transformed":["Defend_B"],"player_choice":"Transformed","damage_taken":0,"max_hp_gain":0,"max_hp_loss":0,"event_name":"Transmorgrifier","floor":3,"gold_loss":0,"cards_obtained":["Self Repair"]},{"cards_removed":["Strike_B"],"damage_healed":0,"gold_gain":0,"player_choice":"Card Removal","damage_taken":7,"max_hp_gain":0,"max_hp_loss":0,"event_name":"Golden Wing","floor":10,"gold_loss":0},{"damage_healed":25,"gold_gain":0,"player_choice":"Banana","damage_taken":0,"max_hp_gain":0,"max_hp_loss":0,"event_name":"Big Fish","floor":12,"gold_loss":0},{"damage_healed":0,"gold_gain":0,"player_choice":"Ignored","damage_taken":0,"max_hp_gain":0,"max_hp_loss":0,"event_name":"Golden Idol","floor":13,"gold_loss":0},{"damage_healed":0,"gold_gain":0,"player_choice":"Entered Light","damage_taken":15,"max_hp_gain":0,"max_hp_loss":0,"event_name":"Shining Light","floor":14,"gold_loss":0,"cards_upgraded":["Defend_B","Defend_B"]},{"cards_removed":["Strike_B"],"damage_healed":0,"gold_gain":0,"player_choice":"Elegance","damage_taken":0,"max_hp_gain":0,"max_hp_loss":0,"event_name":"Back to Basics","floor":23,"gold_loss":0},{"damage_healed":25,"gold_gain":0,"player_choice":"Heal","damage_taken":0,"max_hp_gain":0,"max_hp_loss":0,"event_name":"The Library","floor":24,"gold_loss":0}],"is_beta":false,"boss_relics":[{"not_picked":["Philosopher\u0027s Stone","Coffee Dripper","FrozenCore"]}],"items_purged_floors":[],"is_endless":false,"potions_floor_spawned":[1,4,11,16,19,20,21,31],"killed_by":"Collector","ascension_level":0}