{"gold_per_floor":[111,186,201,216,232,232,247,247,317,317,334,348,348,368,368,473,473,458,472,16,16],"floor_reached":21,"playtime":1757,"items_purged":[],"score":175,"play_id":"c13377bb-02a7-4f48-bdba-66692b0bc5da","local_time":"20190901045031","is_ascension_mode":false,"campfire_choices":[{"data":"Bash","floor":6,"key":"SMITH"},{"data":"Iron Wave","floor":8,"key":"SMITH"},{"data":"Cleave","floor":10,"key":"SMITH"},{"data":"Body Slam","floor":13,"key":"SMITH"},{"data":"Double Tap","floor":15,"key":"SMITH"}],"neow_cost":"NONE","seed_source_timestamp":348097921329900,"circlet_count":0,"master_deck":["Strike_R","Strike_R","Strike_R","Strike_R","Strike_R","Defend_R","Defend_R","Defend_R","Defend_R","Bash+1","Cleave","Thunderclap","Shrug It Off","Cleave+1","Iron Wave+1","Body Slam+1","Armaments","Double Tap+1","Impervious","Doubt","Pain","Writhe","Anger","Iron Wave+1"],"relics":["Burning Blood","Bottled Flame","Calling Bell","Potion Belt","Toxic Egg 2","Charon\u0027s Ashes","Question Card","HandDrill"],"potions_floor_usage":[16],"damage_taken":[{"damage":4,"enemies":"2 Louse","floor":1,"turns":3},{"damage":0,"enemies":"Small Slimes","floor":3,"turns":2},{"damage":6,"enemies":"Jaw Worm","floor":4,"turns":3},{"damage":5,"enemies":"Exordium Wildlife","floor":5,"turns":3},{"damage":24,"enemies":"Large Slime","floor":7,"turns":5},{"damage":10,"enemies":"Exordium Thugs","floor":11,"turns":3},{"damage":9,"enemies":"Red Slaver","floor":12,"turns":3},{"damage":6,"enemies":"Exordium Wildlife","floor":14,"turns":5},{"damage":47,"enemies":"Hexaghost","floor":16,"turns":10},{"damage":25,"enemies":"2 Thieves","floor":18,"turns":4},{"damage":16,"enemies":"Shell Parasite","floor":19,"turns":8},{"damage":0,"enemies":"Snecko","floor":21,"turns":1}],"seed_played":"-5367972566623997501","potions_obtained":[{"floor":3,"key":"Poison Potion"},{"floor":7,"key":"SkillPotion"},{"floor":11,"key":"Weak Potion"},{"floor":16,"key":"EssenceOfSteel"},{"floor":18,"key":"Swift Potion"}],"is_trial":false,"path_per_floor":["M","?","M","M","M","R","M","R","T","R","M","M","R","M","R","B",null,"M","M","$","M"],"character_chosen":"IRONCLAD","items_purchased":["Question Card","HandDrill"],"campfire_rested":0,"item_purchase_floors":[20,20],"current_hp_per_floor":[88,77,83,83,84,84,66,66,66,66,62,59,59,59,59,18,88,69,59,59,59],"gold":16,"neow_bonus":"TEN_PERCENT_HP_BONUS","is_prod":false,"is_daily":false,"chose_seed":false,"campfire_upgraded":5,"win_rate":0.0,"timestamp":1567327831,"path_taken":["M","?","M","M","M","R","M","R","T","R","M","M","R","M","R","BOSS","M","M","$","M"],"build_version":"2019-07-17","purchased_purges":0,"victory":false,"max_hp_per_floor":[88,88,88,88,88,88,88,88,88,88,88,88,88,88,88,88,88,88,88,88,88],"card_choices":[{"not_picked":["Anger","Corruption"],"picked":"Cleave","floor":1},{"not_picked":["Dropkick","Sword Boomerang"],"picked":"Thunderclap","floor":3},{"not_picked":["Flex","Shockwave"],"picked":"Shrug It Off","floor":4},{"not_picked":["Pommel Strike","Anger"],"picked":"Cleave","floor":5},{"not_picked":["Intimidate","Dark Embrace"],"picked":"Iron Wave","floor":7},{"not_picked":["Warcry","Dropkick"],"picked":"Body Slam","floor":11},{"not_picked":["Pommel Strike","Wild Strike"],"picked":"Armaments","floor":12},{"not_picked":["Wild Strike","Burning Pact"],"picked":"Double Tap","floor":14},{"not_picked":["Limit Break","Double Tap"],"picked":"Impervious","floor":16},{"not_picked":["Cleave","Feel No Pain"],"picked":"Anger","floor":18},{"not_picked":["Dropkick","Combust"],"picked":"Iron Wave+1","floor":19}],"player_experience":28030,"relics_obtained":[{"floor":9,"key":"Bottled Flame"},{"floor":17,"key":"Potion Belt"},{"floor":17,"key":"Toxic Egg 2"},{"floor":17,"key":"Charon\u0027s Ashes"}],"event_choices":[{"damage_healed":0,"gold_gain":75,"player_choice":"Gather Gold","damage_taken":11,"max_hp_gain":0,"max_hp_loss":0,"event_name":"World of Goop","floor":2,"gold_loss":0}],"is_beta":false,"boss_relics":[{"not_picked":["Empty Cage","Snecko Eye"],"picked":"Calling Bell"}],"items_purged_floors":[],"is_endless":false,"potions_floor_spawned":[3,7,11,14,16,18],"killed_by":"Snecko","ascension_level":0}