{"gold_per_floor":[115,131,84,11,31,31,57,57,57,57,75,75,75,89,89,194,194,206,206,306,322,337,337,262,262,286,299,299,325,325,325,325,325],"floor_reached":33,"playtime":3607,"items_purged":[],"score":263,"play_id":"fb985804-0114-49a9-a437-f05954e20797","local_time":"20190630013410","is_ascension_mode":false,"campfire_choices":[{"data":"Flying Knee","floor":6,"key":"SMITH"},{"floor":8,"key":"REST"},{"floor":10,"key":"REST"},{"data":"Quick Slash","floor":15,"key":"SMITH"},{"floor":23,"key":"REST"},{"floor":25,"key":"REST"},{"floor":28,"key":"REST"},{"floor":32,"key":"REST"}],"neow_cost":"NONE","seed_source_timestamp":1011423926390585,"circlet_count":0,"master_deck":["Defend_G","Defend_G","Defend_G","Defend_G","Strike_G","Strike_G","Strike_G","Strike_G","Survivor","Neutralize","Flying Knee+1","Skewer+1","Crippling Poison","Masterful Stab","Quick Slash+1","Prepared","Terror","Bullet Time","Masterful Stab","Finisher","Noxious Fumes","Backstab+1","Noxious Fumes","Blur+1"],"relics":["Ring of the Snake","NeowsBlessing","Incense Burner","Ornamental Fan","Lizard Tail","Thread and Needle","Letter Opener","Strawberry","Ancient Tea Set","Enchiridion"],"potions_floor_usage":[16,16,16,20,29,33],"damage_taken":[{"damage":0,"enemies":"Cultist","floor":1,"turns":1},{"damage":0,"enemies":"Small Slimes","floor":2,"turns":1},{"damage":0,"enemies":"Jaw Worm","floor":5,"turns":1},{"damage":35,"enemies":"3 Sentries","floor":7,"turns":11},{"damage":0,"enemies":"3 Louse","floor":11,"turns":2},{"damage":1,"enemies":"2 Fungi Beasts","floor":14,"turns":3},{"damage":36,"enemies":"The Guardian","floor":16,"turns":9},{"damage":22,"enemies":"Spheric Guardian","floor":18,"turns":6},{"damage":25,"enemies":"Colosseum Slavers","floor":20,"turns":5},{"damage":23,"enemies":"Colosseum Nobs","floor":20,"turns":6},{"damage":0,"enemies":"Shell Parasite","floor":21,"turns":6},{"damage":12,"enemies":"Sentry and Sphere","floor":22,"turns":6},{"damage":10,"enemies":"3 Cultists","floor":27,"turns":6},{"damage":64,"enemies":"Gremlin Leader","floor":29,"turns":7},{"damage":54,"enemies":"Collector","floor":33,"turns":8}],"seed_played":"3833294757754415424","potions_obtained":[{"floor":2,"key":"AttackPotion"},{"floor":5,"key":"Explosive Potion"},{"floor":7,"key":"SpeedPotion"},{"floor":18,"key":"SpeedPotion"},{"floor":22,"key":"Dexterity Potion"},{"floor":27,"key":"Regen Potion"}],"is_trial":false,"path_per_floor":["M","M","?","$","M","R","E","R","T","R","M","?","?","M","R","B",null,"M","?","?","M","M","R","?","R","T","M","R","E","?","?","R","B"],"character_chosen":"THE_SILENT","items_purchased":["LiquidBronze"],"campfire_rested":6,"item_purchase_floors":[4],"current_hp_per_floor":[70,70,70,70,70,70,35,56,56,70,70,70,70,69,69,33,70,48,48,35,35,23,44,44,65,72,62,77,22,6,31,54,0],"gold":325,"neow_bonus":"THREE_ENEMY_KILL","is_prod":false,"is_daily":false,"chose_seed":false,"campfire_upgraded":2,"win_rate":0.0,"timestamp":1561876450,"path_taken":["M","?","?","$","M","R","E","R","T","R","M","?","?","M","R","BOSS","M","?","?","M","M","R","?","R","T","M","R","E","?","?","R","BOSS"],"build_version":"2019-01-23","purchased_purges":0,"victory":false,"max_hp_per_floor":[70,70,70,70,70,70,70,70,70,70,70,70,70,70,70,70,70,70,70,70,70,70,70,70,70,77,77,77,77,77,77,77,77],"card_choices":[{"not_picked":["Expertise","Choke"],"picked":"Flying Knee","floor":1},{"not_picked":["Dagger Throw","Expertise"],"picked":"Skewer","floor":2},{"not_picked":["Bouncing Flask","Dagger Throw"],"picked":"Crippling Poison","floor":5},{"not_picked":["Heel Hook","Distraction"],"picked":"Masterful Stab","floor":7},{"not_picked":["Outmaneuver","After Image"],"picked":"Quick Slash","floor":11},{"not_picked":["Blade Dance","Dodge and Roll"],"picked":"Terror","floor":14},{"not_picked":["Venomology","Malaise"],"picked":"Bullet Time","floor":16},{"not_picked":["Dodge and Roll+1","Blade Dance"],"picked":"Masterful Stab","floor":18},{"not_picked":["Dagger Throw","Crippling Poison"],"picked":"Finisher","floor":20},{"not_picked":["Underhanded Strike+1","Finisher"],"picked":"Noxious Fumes","floor":21},{"not_picked":["Bouncing Flask","Poisoned Stab"],"picked":"Backstab+1","floor":22},{"not_picked":["Backflip","Adrenaline"],"picked":"Noxious Fumes","floor":27},{"not_picked":["Bane","Dodge and Roll"],"picked":"Blur+1","floor":29}],"player_experience":27635,"relics_obtained":[{"floor":7,"key":"Incense Burner"},{"floor":9,"key":"Ornamental Fan"},{"floor":20,"key":"Thread and Needle"},{"floor":20,"key":"Letter Opener"},{"floor":26,"key":"Strawberry"},{"floor":29,"key":"Ancient Tea Set"},{"floor":30,"key":"Enchiridion"}],"event_choices":[{"damage_healed":0,"gold_gain":0,"player_choice":"Left Gold","damage_taken":0,"max_hp_gain":0,"max_hp_loss":0,"event_name":"World of Goop","floor":3,"gold_loss":47},{"damage_healed":0,"gold_gain":0,"player_choice":"Grow","damage_taken":0,"max_hp_gain":0,"max_hp_loss":0,"event_name":"Living Wall","floor":12,"gold_loss":0,"cards_upgraded":["Skewer"]},{"damage_healed":0,"gold_gain":0,"cards_transformed":["Defend_G"],"player_choice":"Transformed","damage_taken":0,"max_hp_gain":0,"max_hp_loss":0,"event_name":"Transmorgrifier","floor":13,"gold_loss":0,"cards_obtained":["Prepared"]},{"damage_healed":0,"gold_gain":0,"player_choice":"Ignored","damage_taken":0,"max_hp_gain":0,"max_hp_loss":0,"event_name":"Ghosts","floor":19,"gold_loss":0},{"damage_healed":0,"gold_gain":0,"player_choice":"Fight","damage_taken":0,"max_hp_gain":0,"max_hp_loss":0,"event_name":"Colosseum","floor":20,"gold_loss":0},{"damage_healed":0,"gold_gain":0,"player_choice":"Fought Nobs","damage_taken":0,"max_hp_gain":0,"max_hp_loss":0,"event_name":"Colosseum","floor":20,"gold_loss":0},{"cards_removed":["Strike_G"],"damage_healed":0,"gold_gain":0,"player_choice":"Gave Gold","damage_taken":0,"max_hp_gain":0,"max_hp_loss":0,"event_name":"Beggar","floor":24,"gold_loss":75},{"damage_healed":0,"gold_gain":0,"player_choice":"Obtained Book","damage_taken":16,"max_hp_gain":0,"max_hp_loss":0,"event_name":"Cursed Tome","floor":30,"gold_loss":0},{"damage_healed":25,"gold_gain":0,"player_choice":"Heal","damage_taken":0,"max_hp_gain":0,"max_hp_loss":0,"event_name":"The Library","floor":31,"gold_loss":0}],"is_beta":false,"boss_relics":[{"not_picked":["Black Star","Sozu"],"picked":"Lizard Tail"}],"items_purged_floors":[],"is_endless":false,"potions_floor_spawned":[2,5,7,18,20,22,27],"killed_by":"Collector","ascension_level":0}