{"gold_per_floor":[119,119,133,150,167,201,216,216],"floor_reached":8,"playtime":1526,"items_purged":[],"score":66,"play_id":"13bd1a09-225a-4261-8b2f-ee2c3cefb224","local_time":"20190814211550","is_ascension_mode":true,"campfire_choices":[],"neow_cost":"NONE","seed_source_timestamp":95760875019829,"circlet_count":0,"master_deck":["Strike_G","Strike_G","Strike_G","Strike_G","Defend_G","Defend_G","Defend_G","Defend_G","Defend_G","Survivor","Neutralize","Flying Knee","Bane","Slice","Escape Plan","Die Die Die"],"relics":["Ring of the Snake","NeowsBlessing","Blood Vial"],"potions_floor_usage":[6,6,6],"damage_taken":[{"damage":0,"enemies":"Jaw Worm","floor":1,"turns":1},{"damage":0,"enemies":"Cultist","floor":3,"turns":1},{"damage":0,"enemies":"2 Louse","floor":4,"turns":1},{"damage":0,"enemies":"2 Fungi Beasts","floor":5,"turns":3},{"damage":28,"enemies":"Gremlin Nob","floor":6,"turns":5},{"damage":1,"enemies":"Looter","floor":7,"turns":5},{"damage":53,"enemies":"Lagavulin","floor":8,"turns":9}],"seed_played":"8032522633925914088","potions_obtained":[{"floor":1,"key":"Fire Potion"},{"floor":4,"key":"SkillPotion"},{"floor":5,"key":"Regen Potion"}],"is_trial":false,"path_per_floor":["M","?","M","M","M","E","M","E"],"character_chosen":"THE_SILENT","items_purchased":[],"campfire_rested":0,"item_purchase_floors":[],"current_hp_per_floor":[70,70,70,70,70,46,47,0],"gold":216,"neow_bonus":"THREE_ENEMY_KILL","is_prod":false,"is_daily":false,"chose_seed":false,"campfire_upgraded":0,"win_rate":0,"timestamp":1565835350,"path_taken":["M","?","M","M","M","E","?","E"],"build_version":"2019-07-17","purchased_purges":0,"victory":false,"max_hp_per_floor":[70,70,70,70,70,70,70,70],"card_choices":[{"not_picked":["Expertise","Terror"],"picked":"Flying Knee","floor":1},{"not_picked":["Riddle With Holes","Underhanded Strike","Setup"],"picked":"SKIP","floor":3},{"not_picked":["Deflect","Outmaneuver"],"picked":"Bane","floor":4},{"not_picked":["Distraction","Deflect"],"picked":"Slice","floor":5},{"not_picked":["PiercingWail","Calculated Gamble"],"picked":"Escape Plan","floor":6},{"not_picked":["PiercingWail","Acrobatics"],"picked":"Die Die Die","floor":7}],"player_experience":299503,"relics_obtained":[{"floor":6,"key":"Blood Vial"}],"event_choices":[{"cards_removed":["Strike_G"],"damage_healed":0,"gold_gain":0,"player_choice":"Offered Basic","damage_taken":0,"max_hp_gain":0,"max_hp_loss":0,"event_name":"Bonfire Elementals","floor":2,"gold_loss":0}],"is_beta":false,"boss_relics":[],"items_purged_floors":[],"is_endless":false,"potions_floor_spawned":[1,4,5],"killed_by":"Lagavulin","ascension_level":2}