{"gold_per_floor":[114,134,148,163,179,179,194,194,220,282,302,302,327,339,339,443,443,456,456,437,456,466,480,480,508,508,508,528,528,544,556,556,659,659,670,689,737,737],"floor_reached":38,"playtime":5569,"items_purged":[],"score":481,"play_id":"ebb24c86-8d34-4711-ac65-fb440cd1fa0f","local_time":"20190901025418","is_ascension_mode":false,"campfire_choices":[{"data":"Feed","floor":6,"key":"SMITH"},{"data":"Cleave","floor":8,"key":"SMITH"},{"data":"Flex","floor":12,"key":"SMITH"},{"data":"Bash","floor":15,"key":"SMITH"},{"floor":24,"key":"REST"},{"data":"Inflame","floor":29,"key":"SMITH"},{"floor":32,"key":"REST"}],"neow_cost":"PERCENT_DAMAGE","seed_source_timestamp":337311499664000,"circlet_count":0,"master_deck":["Strike_R","Strike_R","Strike_R","Strike_R","Strike_R","Defend_R","Defend_R","Defend_R","Defend_R","Bash+1","Feed+1","Heavy Blade","Heavy Blade","Flex+1","Pommel Strike","Cleave+1","Reaper","Pommel Strike","Twin Strike","Anger","Demon Form","Second Wind","Inflame+1","Armaments","Fire Breathing","Clash","True Grit","Shrug It Off+1","Limit Break","Headbutt","Ghostly Armor+1","Clash","Pommel Strike+1","Cleave+1","Iron Wave+1","Feed","Thunderclap","Warcry+1","Headbutt+1"],"relics":["Burning Blood","Anchor","Bottled Flame","Orrery","Orichalcum","Mercury Hourglass","Black Star","Calipers"],"potions_floor_usage":[22,28,28,38,38,38],"damage_taken":[{"damage":2,"enemies":"2 Louse","floor":1,"turns":4},{"damage":1,"enemies":"Cultist","floor":2,"turns":4},{"damage":0,"enemies":"Small Slimes","floor":3,"turns":3},{"damage":3,"enemies":"Exordium Wildlife","floor":4,"turns":4},{"damage":12,"enemies":"Large Slime","floor":5,"turns":7},{"damage":10,"enemies":"3 Louse","floor":7,"turns":3},{"damage":12,"enemies":"Blue Slaver","floor":11,"turns":3},{"damage":54,"enemies":"Lagavulin","floor":13,"turns":7},{"damage":0,"enemies":"Lots of Slimes","floor":14,"turns":1},{"damage":43,"enemies":"Slime Boss","floor":16,"turns":11},{"damage":22,"enemies":"Chosen","floor":18,"turns":5},{"damage":7,"enemies":"2 Thieves","floor":20,"turns":4},{"damage":51,"enemies":"Centurion and Healer","floor":21,"turns":8},{"damage":66,"enemies":"Snecko","floor":22,"turns":8},{"damage":21,"enemies":"Snake Plant","floor":23,"turns":4},{"damage":76,"enemies":"Gremlin Leader","floor":25,"turns":8},{"damage":20,"enemies":"Centurion and Healer","floor":28,"turns":4},{"damage":27,"enemies":"Shelled Parasite and Fungi","floor":30,"turns":4},{"damage":21,"enemies":"Cultist and Chosen","floor":31,"turns":6},{"damage":89,"enemies":"Automaton","floor":33,"turns":12},{"damage":6,"enemies":"Orb Walker","floor":35,"turns":4},{"damage":35,"enemies":"3 Darklings","floor":36,"turns":5},{"damage":64,"enemies":"2 Orb Walkers","floor":37,"turns":5},{"damage":48,"enemies":"Spire Growth","floor":38,"turns":6}],"seed_played":"-5382721182730500515","potions_obtained":[{"floor":4,"key":"FairyPotion"},{"floor":5,"key":"Block Potion"},{"floor":7,"key":"BloodPotion"},{"floor":23,"key":"BloodPotion"},{"floor":27,"key":"BloodPotion"},{"floor":28,"key":"EssenceOfSteel"},{"floor":33,"key":"AttackPotion"},{"floor":37,"key":"Ancient Potion"}],"is_trial":false,"path_per_floor":["M","M","M","M","M","R","M","R","T","?","M","R","E","M","R","B",null,"M","?","M","M","M","M","R","E","T","?","M","R","M","M","R","B",null,"M","M","?","M"],"character_chosen":"IRONCLAD","items_purchased":[],"campfire_rested":2,"item_purchase_floors":[],"current_hp_per_floor":[63,71,80,83,80,80,80,80,80,80,77,77,41,47,47,10,100,100,80,93,68,41,36,68,16,16,16,58,58,44,41,74,17,113,113,84,26,0],"gold":737,"neow_bonus":"THREE_RARE_CARDS","is_prod":false,"is_daily":false,"chose_seed":false,"campfire_upgraded":5,"win_rate":0.0,"timestamp":1567320858,"path_taken":["M","M","M","M","M","R","M","R","T","?","M","R","E","M","R","BOSS","M","?","M","M","M","M","R","E","T","?","?","R","M","?","R","BOSS","M","M","?","M"],"build_version":"2019-07-17","purchased_purges":0,"victory":false,"max_hp_per_floor":[83,86,89,89,92,92,96,96,96,96,96,96,100,100,100,100,100,100,105,109,109,109,109,109,113,113,113,113,113,113,113,113,113,113,113,113,113,113],"card_choices":[{"not_picked":["Juggernaut","Limit Break"],"picked":"Feed","floor":0},{"not_picked":["Thunderclap","Body Slam"],"picked":"Heavy Blade","floor":1},{"not_picked":["Disarm","Seeing Red"],"picked":"Heavy Blade","floor":2},{"not_picked":["Shrug It Off","Blood for Blood"],"picked":"Flex","floor":3},{"not_picked":["Corruption","Pummel"],"picked":"Pommel Strike","floor":4},{"not_picked":["Spot Weakness","Pommel Strike"],"picked":"Cleave","floor":5},{"not_picked":["Iron Wave","Twin Strike"],"picked":"Reaper","floor":7},{"not_picked":["Combust","Fire Breathing"],"picked":"Pommel Strike","floor":11},{"not_picked":["Corruption","Pommel Strike"],"picked":"Twin Strike","floor":13},{"not_picked":["Warcry","Twin Strike"],"picked":"Anger","floor":14},{"not_picked":["Double Tap","Bludgeon"],"picked":"Demon Form","floor":16},{"not_picked":["Sword Boomerang","Perfected Strike"],"picked":"Second Wind","floor":17},{"not_picked":["Armaments","Anger"],"picked":"Inflame","floor":17},{"not_picked":["Shrug It Off","Fiend Fire"],"picked":"Armaments","floor":17},{"not_picked":["Sword Boomerang","Disarm"],"picked":"Fire Breathing","floor":17},{"not_picked":["Heavy Blade","Bloodletting"],"picked":"Clash","floor":17},{"not_picked":["Heavy Blade","Battle Trance"],"picked":"True Grit","floor":18},{"not_picked":["Warcry","Flame Barrier"],"picked":"Shrug It Off+1","floor":20},{"not_picked":["Heavy Blade+1","Feel No Pain"],"picked":"Limit Break","floor":21},{"not_picked":["Second Wind","Cleave"],"picked":"Headbutt","floor":22},{"not_picked":["Thunderclap","Armaments"],"picked":"Ghostly Armor+1","floor":23},{"not_picked":["Bludgeon","Perfected Strike"],"picked":"Clash","floor":25},{"not_picked":["Whirlwind","Clothesline"],"picked":"Pommel Strike+1","floor":28},{"not_picked":["Shockwave","Seeing Red"],"picked":"Cleave+1","floor":30},{"not_picked":["Rupture","Feel No Pain"],"picked":"Iron Wave+1","floor":31},{"not_picked":["Offering","Double Tap"],"picked":"Feed","floor":33},{"not_picked":["Metallicize","Pommel Strike+1"],"picked":"Thunderclap","floor":35},{"not_picked":["Shrug It Off","Anger"],"picked":"Warcry+1","floor":36},{"not_picked":["Clash+1","Iron Wave+1"],"picked":"Headbutt+1","floor":37}],"player_experience":17363,"relics_obtained":[{"floor":9,"key":"Anchor"},{"floor":13,"key":"Bottled Flame"},{"floor":25,"key":"Orichalcum"},{"floor":26,"key":"Mercury Hourglass"},{"floor":37,"key":"Calipers"}],"event_choices":[{"damage_healed":0,"gold_gain":62,"player_choice":"Gained Gold","damage_taken":0,"max_hp_gain":0,"max_hp_loss":0,"event_name":"Golden Wing","floor":10,"gold_loss":0},{"damage_healed":0,"gold_gain":0,"player_choice":"Shed Blood","damage_taken":25,"max_hp_gain":5,"max_hp_loss":0,"event_name":"Forgotten Altar","floor":19,"gold_loss":0},{"damage_healed":0,"gold_gain":0,"player_choice":"Got Potions","damage_taken":0,"max_hp_gain":0,"max_hp_loss":0,"event_name":"Lab","floor":27,"gold_loss":0},{"damage_healed":0,"gold_gain":0,"player_choice":"Fight","damage_taken":0,"max_hp_gain":0,"max_hp_loss":0,"event_name":"Mysterious Sphere","floor":37,"gold_loss":0}],"is_beta":false,"boss_relics":[{"not_picked":["Calling Bell","Tiny House"],"picked":"Orrery"},{"not_picked":["Busted Crown","Runic Dome"],"picked":"Black Star"}],"items_purged_floors":[],"is_endless":false,"potions_floor_spawned":[4,5,7,11,14,16,20,23,28,33,37],"killed_by":"Spire Growth","ascension_level":0}