{"gold_per_floor":[218,97,97,97,112,138,138,163,163,163,193,193,193,203,203,304,304,319,332,186,186,202,202,228,228,228,228,228,228,243,256,256,356,356,371,371,120,134,144,144,194,194,194,194,212,229,30,47,47,47],"floor_reached":50,"playtime":4506,"items_purged":[],"score":576,"play_id":"c7d94262-bdb2-4e7c-b7ad-3ddbb5e3aa83","local_time":"20190728225730","is_ascension_mode":true,"campfire_choices":[{"floor":7,"key":"REST"},{"floor":10,"key":"REST"},{"floor":13,"key":"REST"},{"floor":15,"key":"REST"},{"floor":25,"key":"REST"},{"data":"Cleave","floor":29,"key":"SMITH"},{"floor":32,"key":"REST"},{"data":"Heavy Blade","floor":40,"key":"SMITH"},{"data":"1","floor":42,"key":"LIFT"},{"floor":44,"key":"REST"},{"floor":49,"key":"REST"}],"neow_cost":"NONE","seed_source_timestamp":1461087529737395,"circlet_count":0,"master_deck":["Strike_R+1","Strike_R","Strike_R","Strike_R","Strike_R","Defend_R","Defend_R","Defend_R","Defend_R","Bash+1","Anger+1","Cleave+1","Searing Blow","Anger","Corruption+1","Armaments","Double Tap","Anger","Twin Strike+1","Headbutt","Heavy Blade","Immolate","Fire Breathing+1","Heavy Blade+1","Body Slam","Anger","Infernal Blade","Juggernaut+1","Blood for Blood"],"relics":["Burning Blood","Tiny Chest","Frozen Egg 2","Self Forming Clay","Shuriken","Bag of Preparation","Runic Pyramid","Vajra","Enchiridion","Mango","Bottled Flame","PreservedInsect","Mark of Pain","Meat on the Bone","Girya","Happy Flower","Membership Card"],"potions_floor_usage":[8,8,13,16,24,27,33,50,50,50],"damage_taken":[{"damage":10,"enemies":"2 Louse","floor":1,"turns":3},{"damage":10,"enemies":"Small Slimes","floor":5,"turns":2},{"damage":34,"enemies":"Gremlin Nob","floor":6,"turns":5},{"damage":34,"enemies":"3 Sentries","floor":8,"turns":7},{"damage":20,"enemies":"Gremlin Nob","floor":11,"turns":4},{"damage":0,"enemies":"Cultist","floor":14,"turns":2},{"damage":49,"enemies":"The Guardian","floor":16,"turns":8},{"damage":20,"enemies":"Chosen","floor":18,"turns":5},{"damage":1,"enemies":"Spheric Guardian","floor":19,"turns":3},{"damage":29,"enemies":"Snake Plant","floor":22,"turns":4},{"damage":29,"enemies":"Gremlin Leader","floor":24,"turns":6},{"damage":0,"enemies":"Colosseum Slavers","floor":27,"turns":1},{"damage":7,"enemies":"Cultist and Chosen","floor":30,"turns":3},{"damage":12,"enemies":"3 Cultists","floor":31,"turns":3},{"damage":53,"enemies":"Collector","floor":33,"turns":8},{"damage":11,"enemies":"3 Darklings","floor":35,"turns":4},{"damage":6,"enemies":"Orb Walker","floor":38,"turns":2},{"damage":4,"enemies":"Transient","floor":39,"turns":5},{"damage":45,"enemies":"2 Orb Walkers","floor":41,"turns":3},{"damage":11,"enemies":"Sphere and 2 Shapes","floor":45,"turns":3},{"damage":31,"enemies":"4 Shapes","floor":46,"turns":3},{"damage":19,"enemies":"3 Darklings","floor":48,"turns":3},{"damage":120,"enemies":"Time Eater","floor":50,"turns":7}],"seed_played":"-8026716550126325489","potions_obtained":[{"floor":1,"key":"LiquidBronze"},{"floor":6,"key":"AttackPotion"},{"floor":11,"key":"Poison Potion"},{"floor":12,"key":"Fruit Juice"},{"floor":12,"key":"BloodPotion"},{"floor":16,"key":"SmokeBomb"},{"floor":19,"key":"Block Potion"},{"floor":33,"key":"Energy Potion"},{"floor":39,"key":"BloodPotion"},{"floor":41,"key":"Strength Potion"}],"is_trial":false,"path_per_floor":["M","$","?","?","M","E","R","E","T","R","E","?","R","M","R","B",null,"M","M","$","?","M","?","E","R","T","?","?","R","M","M","R","B",null,"M","?","$","M","M","R","?","R","T","R","M","M","$","M","R","B"],"character_chosen":"IRONCLAD","items_purchased":["Tiny Chest","Vajra","Meat on the Bone","Membership Card"],"campfire_rested":8,"item_purchase_floors":[2,20,37,47],"current_hp_per_floor":[76,76,60,60,56,28,52,24,24,48,34,34,63,69,85,42,85,71,76,76,60,37,37,49,78,78,84,84,84,83,77,99,52,99,94,94,94,94,96,96,57,57,57,86,81,56,56,55,84,0],"gold":47,"neow_bonus":"HUNDRED_GOLD","is_prod":false,"is_daily":false,"chose_seed":false,"campfire_upgraded":2,"win_rate":0,"timestamp":1564372650,"path_taken":["M","$","?","?","?","E","R","E","T","R","E","?","R","?","R","BOSS","M","M","$","?","M","?","E","R","T","?","?","R","M","M","R","BOSS","M","?","$","M","?","R","?","R","T","R","M","M","$","M","R","BOSS"],"build_version":"2019-07-17","purchased_purges":0,"victory":false,"max_hp_per_floor":[80,80,80,80,80,80,80,80,80,80,80,80,85,85,85,85,85,85,85,85,85,85,85,99,99,99,99,99,99,99,99,99,99,99,99,99,99,99,99,99,99,99,99,99,99,99,99,99,99,99],"card_choices":[{"not_picked":["Bloodletting","Rupture"],"picked":"Anger","floor":1},{"not_picked":["True Grit","Flex"],"picked":"Cleave","floor":5},{"not_picked":["Flex","Flame Barrier"],"picked":"Searing Blow","floor":6},{"not_picked":["Twin Strike","Entrench"],"picked":"Anger","floor":8},{"not_picked":["Reaper","Wild Strike"],"picked":"Corruption+1","floor":11},{"not_picked":["Iron Wave","Disarm"],"picked":"Armaments","floor":14},{"not_picked":["Brutality+1","Dark Embrace+1"],"picked":"Double Tap","floor":16},{"not_picked":["Bloodletting","Clothesline"],"picked":"Anger","floor":18},{"not_picked":["Headbutt","Flame Barrier+1"],"picked":"Twin Strike+1","floor":19},{"not_picked":["True Grit","Warcry"],"picked":"Headbutt","floor":22},{"not_picked":["Power Through","Clothesline"],"picked":"Heavy Blade","floor":24},{"not_picked":["Uppercut","Battle Trance"],"picked":"Immolate","floor":30},{"not_picked":["Iron Wave","Warcry","Feel No Pain+1"],"picked":"SKIP","floor":31},{"not_picked":["Body Slam","Iron Wave"],"picked":"Fire Breathing+1","floor":35},{"not_picked":["Thunderclap+1","Ghostly Armor+1"],"picked":"Heavy Blade","floor":38},{"not_picked":["Clothesline","Second Wind+1"],"picked":"Body Slam","floor":39},{"not_picked":["True Grit+1","Seeing Red+1"],"picked":"Anger","floor":41},{"not_picked":["Thunderclap","Shrug It Off+1"],"picked":"Infernal Blade","floor":45},{"not_picked":["True Grit+1","Body Slam"],"picked":"Juggernaut+1","floor":46},{"not_picked":["Clothesline","Feel No Pain+1"],"picked":"Blood for Blood","floor":48}],"player_experience":230217,"relics_obtained":[{"floor":6,"key":"Frozen Egg 2"},{"floor":8,"key":"Self Forming Clay"},{"floor":9,"key":"Shuriken"},{"floor":11,"key":"Bag of Preparation"},{"floor":21,"key":"Enchiridion"},{"floor":24,"key":"Mango"},{"floor":26,"key":"Bottled Flame"},{"floor":41,"key":"Girya"},{"floor":43,"key":"Happy Flower"}],"event_choices":[{"damage_healed":0,"gold_gain":0,"player_choice":"Entered Light","damage_taken":16,"max_hp_gain":0,"max_hp_loss":0,"event_name":"Shining Light","floor":3,"gold_loss":0,"cards_upgraded":["Strike_R","Anger"]},{"damage_healed":0,"gold_gain":0,"player_choice":"Upgraded","damage_taken":0,"max_hp_gain":0,"max_hp_loss":0,"event_name":"Upgrade Shrine","floor":4,"gold_loss":0,"cards_upgraded":["Bash"]},{"damage_healed":0,"gold_gain":0,"player_choice":"Got Potions","damage_taken":0,"max_hp_gain":0,"max_hp_loss":0,"event_name":"Lab","floor":12,"gold_loss":0},{"damage_healed":0,"gold_gain":0,"player_choice":"Obtained Book","damage_taken":16,"max_hp_gain":0,"max_hp_loss":0,"event_name":"Cursed Tome","floor":21,"gold_loss":0},{"damage_healed":0,"gold_gain":0,"player_choice":"Ignored","damage_taken":0,"max_hp_gain":0,"max_hp_loss":0,"event_name":"Ghosts","floor":23,"gold_loss":0},{"damage_healed":0,"gold_gain":0,"player_choice":"Fight","damage_taken":0,"max_hp_gain":0,"max_hp_loss":0,"event_name":"Colosseum","floor":27,"gold_loss":0},{"damage_healed":0,"gold_gain":0,"player_choice":"Fled From Nobs","damage_taken":0,"max_hp_gain":0,"max_hp_loss":0,"event_name":"Colosseum","floor":27,"gold_loss":0},{"damage_healed":0,"gold_gain":0,"player_choice":"Opened","damage_taken":0,"relics_obtained":["PreservedInsect"],"max_hp_gain":0,"max_hp_loss":0,"event_name":"The Mausoleum","floor":28,"gold_loss":0,"cards_obtained":["Writhe"]},{"cards_removed":["Writhe"],"damage_healed":0,"gold_gain":0,"player_choice":"Removed Curses","damage_taken":0,"max_hp_gain":0,"max_hp_loss":0,"event_name":"Fountain of Cleansing","floor":36,"gold_loss":0},{"damage_healed":0,"gold_gain":0,"player_choice":"Fight","damage_taken":0,"max_hp_gain":0,"max_hp_loss":0,"event_name":"Mysterious Sphere","floor":41,"gold_loss":0}],"is_beta":false,"boss_relics":[{"not_picked":["Fusion Hammer","Ectoplasm"],"picked":"Runic Pyramid"},{"not_picked":["Velvet Choker","Pandora\u0027s Box"],"picked":"Mark of Pain"}],"items_purged_floors":[],"is_endless":false,"potions_floor_spawned":[1,6,11,16,19,27,33,39,41,45],"killed_by":"Time Eater","ascension_level":2}