{"gold_per_floor":[145,158,211,225,78,98,123,137,187,187,203,284,284,130,130,233,233,244,36,53,70,70,70,96,96,172,172,172,172],"floor_reached":29,"playtime":1272,"items_purged":["Strike_B","Strike_B","Hello World+1"],"score":233,"play_id":"8d8a6226-c5bf-490d-9f49-d2703170059c","local_time":"20190624202206","is_ascension_mode":false,"campfire_choices":[{"data":"Dualcast","floor":10,"key":"SMITH"},{"data":"Scrape","floor":13,"key":"SMITH"},{"data":"Beam Cell","floor":15,"key":"SMITH"},{"data":"Scrape","floor":23,"key":"SMITH"},{"data":"Swift Strike","floor":25,"key":"SMITH"}],"neow_cost":"NONE","seed_source_timestamp":43772879967587,"circlet_count":0,"master_deck":["Defend_B+1","Defend_B","Zap+1","Dualcast+1","Scrape+1","Ball Lightning","Beam Cell+1","Scrape+1","Self Repair","Gash","Beam Cell","Leap+1","Barrage+1","Self Repair","Swift Strike+1","Gash","Self Repair","Writhe"],"relics":["Cracked Core","Tiny Chest","War Paint","Oddly Smooth Stone","Juzu Bracelet","Mummified Hand","Astrolabe","Meat on the Bone","Molten Egg 2","Mango"],"potions_floor_usage":[],"damage_taken":[{"damage":1,"enemies":"Cultist","floor":1,"turns":3},{"damage":1,"enemies":"Jaw Worm","floor":2,"turns":3},{"damage":0,"enemies":"Small Slimes","floor":4,"turns":2},{"damage":7,"enemies":"3 Louse","floor":6,"turns":2},{"damage":4,"enemies":"Looter","floor":8,"turns":2},{"damage":13,"enemies":"2 Fungi Beasts","floor":11,"turns":3},{"damage":24,"enemies":"Hexaghost","floor":16,"turns":6},{"damage":15,"enemies":"2 Thieves","floor":18,"turns":3},{"damage":12,"enemies":"Shell Parasite","floor":20,"turns":4},{"damage":11,"enemies":"Cultist and Chosen","floor":21,"turns":4},{"damage":51,"enemies":"Slavers","floor":24,"turns":5},{"damage":36,"enemies":"Shelled Parasite and Fungi","floor":29,"turns":4}],"seed_played":"-627923018782792859","potions_obtained":[{"floor":1,"key":"Fire Potion"},{"floor":2,"key":"EntropicBrew"},{"floor":16,"key":"AttackPotion"}],"is_trial":false,"path_per_floor":["M","M","T","M","$","M","T","M","T","R","M","T","R","$","R","B",null,"M","$","M","M","$","R","E","R","T","?","?","M"],"character_chosen":"DEFECT","items_purchased":["Scrape","Beam Cell","Swift Strike"],"campfire_rested":0,"item_purchase_floors":[5,14,19],"current_hp_per_floor":[74,73,73,73,73,66,66,62,62,62,56,56,56,56,56,32,75,60,60,62,65,65,65,21,21,21,21,35,0],"gold":172,"neow_bonus":"RANDOM_COMMON_RELIC","is_prod":false,"is_daily":false,"chose_seed":false,"campfire_upgraded":5,"win_rate":0,"timestamp":1561432926,"path_taken":["M","M","?","M","$","M","?","M","T","R","M","?","R","$","R","BOSS","M","$","M","M","$","R","E","R","T","?","?","M"],"build_version":"2019-01-23","purchased_purges":3,"victory":false,"max_hp_per_floor":[75,75,75,75,75,75,75,75,75,75,75,75,75,75,75,75,75,75,75,75,75,75,75,75,75,75,75,89,89],"card_choices":[{"not_picked":["Go for the Eyes","Beam Cell"],"picked":"Scrape","floor":1},{"not_picked":["Hologram","Stack"],"picked":"Ball Lightning","floor":2},{"not_picked":["Streamline","Hologram"],"picked":"Beam Cell","floor":4},{"not_picked":["Aggregate","Thunder Strike","Ball Lightning"],"picked":"SKIP","floor":6},{"not_picked":["Sweeping Beam","Coolheaded"],"picked":"Self Repair","floor":8},{"not_picked":["Sunder","Barrage"],"picked":"Gash","floor":11},{"not_picked":["Force Field","Glacier"],"picked":"Self Repair","floor":18},{"not_picked":["Turbo","Beam Cell"],"picked":"Gash","floor":20},{"not_picked":["Stack","Turbo","Steam+1"],"picked":"SKIP","floor":21},{"not_picked":["Compile Driver+1","Reboot"],"picked":"Self Repair","floor":24}],"player_experience":226775,"relics_obtained":[{"floor":3,"key":"War Paint"},{"floor":7,"key":"Oddly Smooth Stone"},{"floor":9,"key":"Juzu Bracelet"},{"floor":12,"key":"Mummified Hand"},{"floor":24,"key":"Meat on the Bone"},{"floor":26,"key":"Molten Egg 2"}],"event_choices":[{"cards_removed":["Defend_B"],"damage_healed":0,"gold_gain":0,"player_choice":"Elegance","damage_taken":0,"max_hp_gain":0,"max_hp_loss":0,"event_name":"Back to Basics","floor":27,"gold_loss":0},{"damage_healed":0,"gold_gain":0,"player_choice":"Opened","damage_taken":0,"relics_obtained":["Mango"],"max_hp_gain":0,"max_hp_loss":0,"event_name":"The Mausoleum","floor":28,"gold_loss":0,"cards_obtained":["Writhe"]}],"is_beta":false,"boss_relics":[{"not_picked":["FrozenCore","Fusion Hammer"],"picked":"Astrolabe"}],"items_purged_floors":[5,14,19],"is_endless":false,"potions_floor_spawned":[1,2,16,18,21],"killed_by":"Shelled Parasite and Fungi","ascension_level":0}