{"gold_per_floor":[114,189,206,216,226,226,251,264,319,319,22,22,50,68,68,145,145,165,65,57,57,70,70,84,84,84,109,109,109,109,109,109,186,186,196,196,71,71,84,118,149,183,210,310,310,344,20,37,37,37,37,37,37,37,72,72],"floor_reached":57,"playtime":2881,"items_purged":["Strike_B","Strike_B","Defend_B","Defend_B"],"score":3017,"play_id":"4791034c-ce30-4bd8-a2d8-8077ff2d8200","local_time":"20190816163611","is_ascension_mode":true,"campfire_choices":[{"data":"Darkness","floor":6.0,"key":"SMITH"},{"data":"Dualcast","floor":10.0,"key":"SMITH"},{"data":"Chaos","floor":12.0,"key":"SMITH"},{"data":"Zap","floor":15.0,"key":"SMITH"},{"data":"Consume","floor":23.0,"key":"SMITH"},{"data":"Coolheaded","floor":25.0,"key":"SMITH"},{"data":"Turbo","floor":29.0,"key":"SMITH"},{"data":"Loop","floor":30.0,"key":"SMITH"},{"floor":32.0,"key":"REST"},{"data":"Recycle","floor":45,"key":"SMITH"},{"floor":49,"key":"RECALL"},{"data":"Loop","floor":53,"key":"SMITH"}],"neow_cost":"NONE","seed_source_timestamp":1636914031502841,"circlet_count":0,"master_deck":["AscendersBane","Defend_B","Defend_B","Zap+1","Dualcast+1","Chaos+1","Darkness+1","Glacier","Meteor Strike","Loop+1","Hologram","Compile Driver","Echo Form","Coolheaded+1","Consume+1","Turbo+1","Undo","Meteor Strike","Core Surge","Self Repair+1","Compile Driver","Turbo+1","Undo","Heatsinks+1","Conserve Battery+1","Echo Form","Electrodynamics","Recycle+1","Hologram","Loop+1","Loop","Compile Driver","Hologram"],"special_seed":0,"relics":["Cracked Core","NeowsBlessing","Calipers","Juzu Bracelet","DataDisk","Mummified Hand","Empty Cage","WingedGreaves","Blood Vial","Enchiridion","Orrery","Orichalcum","Happy Flower","Potion Belt","Ice Cream","Bag of Marbles","Letter Opener"],"potions_floor_usage":[50,55],"damage_taken":[{"damage":0.0,"enemies":"2 Louse","floor":1.0,"turns":1.0},{"damage":0.0,"enemies":"Jaw Worm","floor":3.0,"turns":1.0},{"damage":0.0,"enemies":"Small Slimes","floor":4.0,"turns":1.0},{"damage":3.0,"enemies":"Blue Slaver","floor":5.0,"turns":4.0},{"damage":15.0,"enemies":"3 Sentries","floor":7.0,"turns":11.0},{"damage":6.0,"enemies":"2 Fungi Beasts","floor":8.0,"turns":3.0},{"damage":22.0,"enemies":"Lagavulin","floor":13.0,"turns":6.0},{"damage":7.0,"enemies":"Large Slime","floor":14.0,"turns":4.0},{"damage":0.0,"enemies":"Slime Boss","floor":16.0,"turns":5.0},{"damage":0.0,"enemies":"Chosen","floor":18.0,"turns":3.0},{"damage":4.0,"enemies":"2 Thieves","floor":20.0,"turns":4.0},{"damage":9.0,"enemies":"Centurion and Healer","floor":22.0,"turns":5.0},{"damage":0.0,"enemies":"Snecko","floor":24.0,"turns":3.0},{"damage":13.0,"enemies":"Book of Stabbing","floor":27.0,"turns":6.0},{"damage":11.0,"enemies":"Champ","floor":33.0,"turns":10.0},{"damage":2.0,"enemies":"Orb Walker","floor":35.0,"turns":3.0},{"damage":0.0,"enemies":"3 Darklings","floor":39.0,"turns":7.0},{"damage":0.0,"enemies":"Giant Head","floor":40.0,"turns":8.0},{"damage":0.0,"enemies":"Nemesis","floor":41.0,"turns":3.0},{"damage":50.0,"enemies":"Reptomancer","floor":42.0,"turns":7.0},{"damage":0,"enemies":"Mind Bloom Boss Battle","floor":44,"turns":6},{"damage":6,"enemies":"Giant Head","floor":46,"turns":7},{"damage":7,"enemies":"Maw","floor":48,"turns":6},{"damage":18,"enemies":"Donu and Deca","floor":50,"turns":7},{"damage":18,"enemies":"Time Eater","floor":51,"turns":8},{"damage":27,"enemies":"Shield and Spear","floor":55,"turns":7},{"damage":13,"enemies":"The Heart","floor":56,"turns":9}],"seed_played":"-3210546175968960865","potions_obtained":[{"floor":1.0,"key":"SpeedPotion"},{"floor":3.0,"key":"Regen Potion"},{"floor":4.0,"key":"Fire Potion"},{"floor":22.0,"key":"AttackPotion"},{"floor":35.0,"key":"Ancient Potion"},{"floor":42.0,"key":"SpeedPotion"},{"floor":48,"key":"SmokeBomb"}],"is_trial":false,"path_per_floor":["M","?","M","M","M","R","E","M","T","R","$","R","E","M","R","B",null,"M","$","M","?","M","R","M","R","T","E","?","R","R","?","R","B",null,"M","?","$","?","M","E","E","E","T","?","R","E","$","M","R","B","B",null,"R","$","E","B",null],"character_chosen":"DEFECT","items_purchased":["DataDisk","Energy Potion","Loop","GamblersBrew"],"campfire_rested":1,"item_purchase_floors":[11,11,47,47],"current_hp_per_floor":[64,53,53,53,50,50,50,44,44,44,44,44,22,15,15,15,57,57,57,53,53,44,44,44,44,44,31,31,31,31,10,31,22,59,69,67,67,67,67,67,67,37,37,59,59,65,65,67,67,67,59,65,65,65,60,59],"gold":72,"neow_bonus":"THREE_ENEMY_KILL","is_prod":false,"is_daily":false,"chose_seed":false,"campfire_upgraded":10,"win_rate":0,"timestamp":1565944571,"path_taken":["M","?","M","M","M","R","E","M","T","R","$","R","E","M","R","BOSS","M","$","M","?","M","R","M","R","T","E","?","R","R","?","R","BOSS","M","?","$","?","M","E","E","E","T","?","R","E","$","M","R","BOSS","BOSS","R","$","E","BOSS"],"build_version":"2019-07-17","purchased_purges":4,"victory":true,"max_hp_per_floor":[71,71,71,71,71,71,71,71,71,71,71,71,71,71,71,71,71,71,71,71,71,71,71,71,71,71,71,71,71,71,71,71,71,71,71,67,67,67,67,67,67,67,67,67,67,67,67,67,67,67,67,67,67,67,67,67],"card_choices":[{"not_picked":["Rebound","Reinforced Body"],"picked":"Chaos","floor":1.0},{"not_picked":["Scrape","Melter"],"picked":"Darkness","floor":3.0},{"not_picked":["Hologram","Gash"],"picked":"Glacier","floor":4.0},{"not_picked":["Doom and Gloom","Force Field","Go for the Eyes"],"picked":"SKIP","floor":5.0},{"not_picked":["Sweeping Beam","Force Field"],"picked":"Meteor Strike","floor":7.0},{"not_picked":["Cold Snap","Sweeping Beam"],"picked":"Loop","floor":8.0},{"not_picked":["Barrage","Go for the Eyes"],"picked":"Hologram","floor":13.0},{"not_picked":["Rebound","Leap"],"picked":"Compile Driver","floor":14.0},{"not_picked":["Amplify","Meteor Strike"],"picked":"Echo Form","floor":16.0},{"not_picked":["Reprogram+1","Auto Shields"],"picked":"Coolheaded","floor":18.0},{"not_picked":["Sweeping Beam","Go for the Eyes"],"picked":"Consume","floor":20.0},{"not_picked":["Stack","Leap+1"],"picked":"Turbo","floor":22.0},{"not_picked":["Sweeping Beam","Doom and Gloom"],"picked":"Undo","floor":24.0},{"not_picked":["Chaos","Storm"],"picked":"Meteor Strike","floor":27.0},{"not_picked":["Echo Form","Buffer"],"picked":"Core Surge","floor":33.0},{"not_picked":["Reprogram","Hologram"],"picked":"Self Repair+1","floor":34.0},{"not_picked":["Go for the Eyes","Redo"],"picked":"Compile Driver","floor":34.0},{"not_picked":["Cold Snap","Streamline"],"picked":"Turbo+1","floor":34.0},{"not_picked":["Hello World","Chill"],"picked":"Undo","floor":34.0},{"not_picked":["Reboot","Reprogram"],"picked":"Heatsinks+1","floor":35.0},{"not_picked":["Streamline","Rebound+1"],"picked":"Conserve Battery+1","floor":39.0},{"not_picked":["Cold Snap+1","Conserve Battery"],"picked":"Echo Form","floor":40.0},{"not_picked":["Conserve Battery","Cold Snap"],"picked":"Electrodynamics","floor":41.0},{"not_picked":["Fusion+1","Go for the Eyes"],"picked":"Recycle","floor":42.0},{"not_picked":["Force Field","Go for the Eyes"],"picked":"Hologram","floor":44},{"not_picked":["Glacier+1","Cold Snap"],"picked":"Loop","floor":46},{"not_picked":["Ball Lightning","Glacier+1"],"picked":"Compile Driver","floor":48},{"not_picked":["Chill","All For One"],"picked":"Hologram","floor":55}],"player_experience":2187407,"relics_obtained":[{"floor":7.0,"key":"Calipers"},{"floor":9.0,"key":"Juzu Bracelet"},{"floor":13.0,"key":"Mummified Hand"},{"floor":26.0,"key":"WingedGreaves"},{"floor":27.0,"key":"Blood Vial"},{"floor":31.0,"key":"Enchiridion"},{"floor":40.0,"key":"Orichalcum"},{"floor":41.0,"key":"Happy Flower"},{"floor":42.0,"key":"Potion Belt"},{"floor":44,"key":"Ice Cream"},{"floor":46,"key":"Bag of Marbles"},{"floor":55,"key":"Letter Opener"}],"event_choices":[{"damage_healed":0.0,"max_hp_gain":0.0,"max_hp_loss":0.0,"gold_gain":75.0,"event_name":"World of Goop","player_choice":"Gather Gold","floor":2.0,"gold_loss":0.0,"damage_taken":11.0},{"damage_healed":0.0,"max_hp_gain":0.0,"max_hp_loss":0.0,"gold_gain":0.0,"event_name":"The Mausoleum","player_choice":"Ignored","floor":28.0,"gold_loss":0.0,"damage_taken":0.0},{"damage_healed":0.0,"max_hp_gain":0.0,"max_hp_loss":0.0,"gold_gain":0.0,"event_name":"Cursed Tome","player_choice":"Obtained Book","floor":31.0,"gold_loss":0.0,"damage_taken":21.0},{"damage_healed":0.0,"max_hp_gain":0.0,"max_hp_loss":4.0,"gold_gain":0.0,"event_name":"Winding Halls","player_choice":"Max HP","floor":36.0,"gold_loss":0.0,"damage_taken":0.0},{"damage_healed":0.0,"max_hp_gain":0.0,"max_hp_loss":0.0,"gold_gain":0.0,"event_name":"Tomb of Lord Red Mask","player_choice":"Ignored","floor":38.0,"gold_loss":0.0,"damage_taken":0.0},{"damage_healed":0,"gold_gain":0,"player_choice":"Fight","damage_taken":0,"max_hp_gain":0,"max_hp_loss":0,"event_name":"MindBloom","floor":44,"gold_loss":0}],"is_beta":false,"boss_relics":[{"not_picked":["Black Star","Busted Crown"],"picked":"Empty Cage"},{"not_picked":["Fusion Hammer","Tiny House"],"picked":"Orrery"}],"items_purged_floors":[11,19,37,47],"is_endless":false,"potions_floor_spawned":[1,3,4,13,22,35,42,48],"ascension_level":20}