{"gold_per_floor":[113,133,150,150,162,162,162,190,213,213,225,237,270,270,270,346,346,366,3,3,21,38,38,313,26,26,26,36,115,127,137,137,212,212,227,237,248,14,33,33,46,46,46,46,79,79,79,108,108,108,108,108,108,52,79,79],"floor_reached":57,"playtime":3310,"items_purged":["Strike_B","Rip and Tear"],"score":2798,"play_id":"af17c04b-42ab-48dc-84ae-0142f05fddcb","local_time":"20190814154543","is_ascension_mode":true,"campfire_choices":[{"data":"Defragment","floor":6.0,"key":"SMITH"},{"data":"Fission","floor":10.0,"key":"SMITH"},{"data":"Dualcast","floor":15.0,"key":"SMITH"},{"data":"Coolheaded","floor":23.0,"key":"SMITH"},{"data":"Turbo","floor":27.0,"key":"SMITH"},{"data":"Skim","floor":32.0,"key":"SMITH"},{"data":"Defragment","floor":40.0,"key":"SMITH"},{"data":"Recycle","floor":42.0,"key":"SMITH"},{"data":"Seek","floor":44.0,"key":"SMITH"},{"data":"Double Energy","floor":46.0,"key":"SMITH"},{"floor":49.0,"key":"RECALL"},{"data":"Hologram","floor":53.0,"key":"SMITH"}],"neow_cost":"TEN_PERCENT_HP_LOSS","seed_source_timestamp":1459933831104699,"circlet_count":0,"master_deck":["AscendersBane","Zap+1","Dualcast+1","Fission+1","Sweeping Beam","Compile Driver","Coolheaded+1","Defragment+1","Seek+1","Turbo+1","Ball Lightning","Skim+1","Amplify","Coolheaded+1","Undo","Conserve Battery","Lockon","Glacier","Recycle+1","Meteor Strike","Leap","Rainbow","All For One","Gash","Core Surge","Defragment+1","Compile Driver","Hologram+1","Recycle+1","Double Energy+1","Bandage Up"],"special_seed":0,"relics":["Cracked Core","Dream Catcher","Art of War","Omamori","Nuclear Battery","TheAbacus","Bottled Lightning","Symbiotic Virus","Pandora\u0027s Box","Frozen Egg 2","Kunai","Question Card","Shuriken"],"potions_floor_usage":[56,56],"damage_taken":[{"damage":8.0,"enemies":"2 Louse","floor":1.0,"turns":3.0},{"damage":1.0,"enemies":"Cultist","floor":2.0,"turns":3.0},{"damage":0.0,"enemies":"Jaw Worm","floor":3.0,"turns":4.0},{"damage":9.0,"enemies":"Exordium Thugs","floor":5.0,"turns":5.0},{"damage":19.0,"enemies":"Lagavulin","floor":8.0,"turns":10.0},{"damage":7.0,"enemies":"Red Slaver","floor":11.0,"turns":2.0},{"damage":11.0,"enemies":"Looter","floor":12.0,"turns":4.0},{"damage":7.0,"enemies":"3 Sentries","floor":13.0,"turns":6.0},{"damage":24.0,"enemies":"Hexaghost","floor":16.0,"turns":9.0},{"damage":15.0,"enemies":"2 Thieves","floor":18.0,"turns":2.0},{"damage":0.0,"enemies":"Shell Parasite","floor":21.0,"turns":3.0},{"damage":1.0,"enemies":"Cultist and Chosen","floor":22.0,"turns":9.0},{"damage":0.0,"enemies":"Snake Plant","floor":28.0,"turns":2.0},{"damage":0.0,"enemies":"Centurion and Healer","floor":30.0,"turns":3.0},{"damage":0.0,"enemies":"Snecko","floor":31.0,"turns":5.0},{"damage":8.0,"enemies":"Collector","floor":33.0,"turns":11.0},{"damage":7.0,"enemies":"3 Shapes","floor":35.0,"turns":3.0},{"damage":0.0,"enemies":"3 Darklings","floor":36.0,"turns":4.0},{"damage":0.0,"enemies":"4 Shapes","floor":37.0,"turns":3.0},{"damage":0.0,"enemies":"Maw","floor":39.0,"turns":6.0},{"damage":0.0,"enemies":"Jaw Worm Horde","floor":41.0,"turns":3.0},{"damage":9.0,"enemies":"Giant Head","floor":45.0,"turns":7.0},{"damage":0.0,"enemies":"Reptomancer","floor":48.0,"turns":3.0},{"damage":8.0,"enemies":"Donu and Deca","floor":50.0,"turns":7.0},{"damage":0.0,"enemies":"Awakened One","floor":51.0,"turns":4.0},{"damage":1.0,"enemies":"Shield and Spear","floor":55.0,"turns":6.0},{"damage":59,"enemies":"The Heart","floor":56,"turns":11}],"seed_played":"1775830714890491416","potions_obtained":[{"floor":2.0,"key":"Energy Potion"},{"floor":3.0,"key":"Dexterity Potion"},{"floor":12.0,"key":"Regen Potion"},{"floor":13.0,"key":"SteroidPotion"},{"floor":16.0,"key":"SteroidPotion"},{"floor":18.0,"key":"Dexterity Potion"},{"floor":55.0,"key":"Block Potion"}],"is_trial":false,"path_per_floor":["M","M","M","?","M","R","?","E","T","R","M","M","E","?","R","B",null,"M","$","?","M","M","R","?","$","T","R","M","T","M","M","R","B",null,"M","M","M","$","M","R","M","R","T","R","E","R","?","E","R","B","B",null,"R","$","E","B",null],"character_chosen":"DEFECT","items_purchased":["Undo","TheAbacus","Bottled Lightning","Defragment","Compile Driver","Block Potion"],"campfire_rested":0,"item_purchase_floors":[19,19,25,38,38,54],"current_hp_per_floor":[56,55,55,48,39,39,64,45,45,45,38,27,35,35,35,11,51,36,36,36,36,35,35,35,35,35,35,35,35,35,35,35,27,55,48,48,48,48,48,48,48,48,48,48,39,39,39,43,43,39,43,59,59,59,62,5],"gold":79,"neow_bonus":"TRANSFORM_TWO_CARDS","is_prod":false,"is_daily":false,"chose_seed":false,"campfire_upgraded":11,"win_rate":0,"timestamp":1565768743,"path_taken":["M","M","M","?","M","R","?","E","T","R","?","M","E","?","R","BOSS","M","$","?","M","?","R","?","$","T","R","?","?","?","M","R","BOSS","M","M","M","$","M","R","M","R","T","R","E","R","?","E","R","BOSS","BOSS","R","$","E","BOSS"],"build_version":"2019-07-17","purchased_purges":2,"victory":true,"max_hp_per_floor":[64,64,64,64,64,64,64,64,64,64,64,64,64,64,64,64,64,64,64,64,64,64,64,64,64,64,64,64,64,64,64,64,64,64,64,64,64,64,64,64,64,64,64,64,64,64,64,64,64,64,64,64,64,64,64,64],"card_choices":[{"not_picked":["Barrage","Sweeping Beam"],"picked":"Compile Driver","floor":1.0},{"not_picked":["Ball Lightning","Stack"],"picked":"Coolheaded","floor":2.0},{"not_picked":["Force Field","Redo","Streamline"],"picked":"SKIP","floor":3.0},{"not_picked":["Sunder","Chaos"],"picked":"Defragment","floor":5.0},{"not_picked":["Gash","White Noise"],"picked":"Seek","floor":8.0},{"not_picked":["Sweeping Beam","Aggregate"],"picked":"Turbo","floor":11.0},{"not_picked":["Sweeping Beam","Beam Cell"],"picked":"Ball Lightning","floor":12.0},{"not_picked":["Conserve Battery","Beam Cell"],"picked":"Skim","floor":13.0},{"not_picked":["Seek","Hyperbeam"],"picked":"Amplify","floor":16.0},{"not_picked":["Reinforced Body","Ball Lightning"],"picked":"Coolheaded","floor":18.0},{"not_picked":["Aggregate","Stack"],"picked":"Conserve Battery","floor":21.0},{"not_picked":["Barrage","Sweeping Beam+1"],"picked":"Lockon","floor":22.0},{"not_picked":["Cold Snap","Leap"],"picked":"Glacier","floor":28.0},{"not_picked":["Chill","Go for the Eyes"],"picked":"Recycle+1","floor":30.0},{"not_picked":["Gash","Doom and Gloom+1","Streamline"],"picked":"SKIP","floor":31.0},{"not_picked":["Fission","Reboot"],"picked":"Meteor Strike","floor":33.0},{"not_picked":["Fusion","Static Discharge","Beam Cell"],"picked":"SKIP","floor":35.0},{"not_picked":["Beam Cell","Go for the Eyes","Gash"],"picked":"SKIP","floor":36.0},{"not_picked":["Beam Cell","Go for the Eyes","Gash"],"picked":"SKIP","floor":36.0},{"not_picked":["Beam Cell","Go for the Eyes"],"picked":"Gash","floor":36.0},{"not_picked":["Go for the Eyes","Coolheaded"],"picked":"Core Surge","floor":37.0},{"not_picked":["Doom and Gloom","Stack"],"picked":"Hologram","floor":39.0},{"not_picked":["Streamline","Chill"],"picked":"Recycle","floor":41.0},{"not_picked":["Rip and Tear","Redo"],"picked":"Double Energy","floor":45.0},{"not_picked":["Jack Of All Trades","Forethought"],"picked":"Bandage Up","floor":47.0},{"not_picked":["Barrage","Redo","Reprogram"],"picked":"SKIP","floor":48.0},{"not_picked":["Rip and Tear","Conserve Battery","Turbo+1","Ball Lightning"],"picked":"SKIP","floor":55.0}],"player_experience":2157305,"relics_obtained":[{"floor":8.0,"key":"Dream Catcher"},{"floor":9.0,"key":"Art of War"},{"floor":13.0,"key":"Omamori"},{"floor":26.0,"key":"Symbiotic Virus"},{"floor":43.0,"key":"Frozen Egg 2"},{"floor":45.0,"key":"Kunai"},{"floor":48.0,"key":"Question Card"},{"floor":55.0,"key":"Shuriken"}],"event_choices":[{"cards_removed":["Strike_B"],"damage_healed":0.0,"max_hp_gain":0.0,"max_hp_loss":0.0,"gold_gain":0.0,"event_name":"Golden Wing","player_choice":"Card Removal","floor":4.0,"gold_loss":0.0,"damage_taken":7.0},{"damage_healed":25.0,"max_hp_gain":0.0,"max_hp_loss":0.0,"gold_gain":0.0,"event_name":"Wheel of Change","player_choice":"Full Heal","floor":7.0,"gold_loss":0.0,"damage_taken":0.0},{"damage_healed":0.0,"max_hp_gain":0.0,"max_hp_loss":0.0,"gold_gain":0.0,"event_name":"Upgrade Shrine","player_choice":"Upgraded","floor":14.0,"gold_loss":0.0,"damage_taken":0.0,"cards_upgraded":["Zap"]},{"damage_healed":0.0,"max_hp_gain":0.0,"max_hp_loss":0.0,"gold_gain":0.0,"event_name":"Accursed Blacksmith","player_choice":"Forge","floor":20.0,"gold_loss":0.0,"damage_taken":0.0,"cards_upgraded":["Coolheaded"]},{"damage_healed":0.0,"max_hp_gain":0.0,"max_hp_loss":0.0,"gold_gain":275.0,"event_name":"Golden Shrine","player_choice":"Desecrate","floor":24.0,"gold_loss":0.0,"damage_taken":0.0,"cards_obtained":["Regret"]},{"damage_healed":0.0,"max_hp_gain":0.0,"max_hp_loss":0.0,"gold_gain":0.0,"event_name":"SensoryStone","player_choice":"Memory 1","floor":47.0,"gold_loss":0.0,"damage_taken":0.0}],"is_beta":false,"boss_relics":[{"not_picked":["Lizard Tail","Calling Bell"],"picked":"Nuclear Battery"},{"not_picked":["Inserter","Tiny House"],"picked":"Pandora\u0027s Box"}],"items_purged_floors":[19,38],"is_endless":false,"potions_floor_spawned":[2,3,12,13,16,18,21,22,39,48,55],"ascension_level":20}