{"gold_per_floor":[210,210,230,2,0,65,65,92,119,131,156,168,197,224,236,349,361,391,403,192,107,107,136,136,151,151,151,151],"floor_reached":28,"playtime":1015,"items_purged":["Searing Blow"],"score":281,"play_id":"1763739a-7aa1-45d3-bd82-b6a08ba9d608","local_time":"20190814125029","is_ascension_mode":true,"campfire_choices":[{"data":"Corruption","floor":7,"key":"SMITH"},{"data":"Spot Weakness","floor":10,"key":"SMITH"},{"floor":12,"key":"REST"},{"data":"Body Slam","floor":15,"key":"SMITH"},{"floor":24,"key":"REST"}],"neow_cost":"NONE","seed_source_timestamp":51508481770045,"circlet_count":0,"master_deck":["Strike_R","Strike_R","Defend_R","Defend_R","Defend_R","Defend_R","Bash","Wild Strike","Anger","Corruption+1","Spot Weakness+1","Heavy Blade","Pummel","Clothesline","Body Slam+1","Fiend Fire","Sword Boomerang","Headbutt","Power Through+1"],"special_seed":0,"relics":["Burning Blood","Bronze Scales","Tiny Chest","Boot","MawBank","Fusion Hammer","Vajra","Blue Candle","Ice Cream","Dodecahedron","Nilry\u0027s Codex"],"potions_floor_usage":[16,23,23],"damage_taken":[{"damage":0.0,"enemies":"Small Slimes","floor":1.0,"turns":4.0},{"damage":6.0,"enemies":"Cultist","floor":3.0,"turns":3.0},{"damage":30.0,"enemies":"3 Sentries","floor":6.0,"turns":8.0},{"damage":32,"enemies":"Gremlin Nob","floor":8,"turns":4},{"damage":2,"enemies":"Jaw Worm","floor":11,"turns":2},{"damage":3,"enemies":"Blue Slaver","floor":13,"turns":2},{"damage":0,"enemies":"3 Louse","floor":14,"turns":2},{"damage":38,"enemies":"The Guardian","floor":16,"turns":7},{"damage":11,"enemies":"Shell Parasite","floor":18,"turns":3},{"damage":31,"enemies":"Book of Stabbing","floor":23,"turns":4},{"damage":12,"enemies":"Chosen","floor":25,"turns":2},{"damage":56,"enemies":"Slavers","floor":28,"turns":3}],"seed_played":"-6038157868732888541","potions_obtained":[{"floor":3.0,"key":"Dexterity Potion"},{"floor":11,"key":"EssenceOfSteel"},{"floor":13,"key":"Fire Potion"},{"floor":18,"key":"SkillPotion"},{"floor":25,"key":"GamblersBrew"}],"is_trial":false,"path_per_floor":["M","?","M","$","?","E","R","E","T","R","M","R","M","M","R","B",null,"M","?","$","?","$","E","R","M","T","?","E"],"character_chosen":"IRONCLAD","items_purchased":["Corruption","Bronze Scales","Vajra"],"campfire_rested":2,"item_purchase_floors":[4,4,20],"current_hp_per_floor":[80,80,80,80,80,56,56,30,30,30,34,58,61,67,67,35,80,75,75,75,75,75,50,74,68,68,52,0],"gold":151,"neow_bonus":"HUNDRED_GOLD","is_prod":false,"is_daily":false,"chose_seed":false,"campfire_upgraded":3,"win_rate":0,"timestamp":1565801429,"path_taken":["M","?","?","$","?","E","R","E","T","R","M","R","M","M","R","BOSS","M","?","$","?","$","E","R","M","T","?","E"],"build_version":"2019-07-17","purchased_purges":1,"victory":false,"max_hp_per_floor":[80,80,80,80,80,80,80,80,80,80,80,80,80,80,80,80,80,80,80,80,80,80,80,80,80,80,80,80],"card_choices":[{"not_picked":["Sword Boomerang","Heavy Blade"],"picked":"Wild Strike","floor":1.0},{"not_picked":["Havoc","Sever Soul"],"picked":"Anger","floor":3.0},{"not_picked":["Iron Wave","Clothesline"],"picked":"Spot Weakness","floor":6},{"not_picked":["Dual Wield","Clothesline"],"picked":"Heavy Blade","floor":8},{"not_picked":["Dual Wield","Fire Breathing"],"picked":"Pummel","floor":11},{"not_picked":["Anger","Iron Wave"],"picked":"Clothesline","floor":13},{"not_picked":["Clash","Heavy Blade"],"picked":"Body Slam","floor":14},{"not_picked":["Exhume","Impervious"],"picked":"Fiend Fire","floor":16},{"not_picked":["Thunderclap","Armaments+1"],"picked":"Sword Boomerang","floor":18},{"not_picked":["Corruption","True Grit","Cleave+1"],"picked":"SKIP","floor":23},{"not_picked":["Armaments","True Grit"],"picked":"Power Through+1","floor":25}],"player_experience":191885,"relics_obtained":[{"floor":6,"key":"Tiny Chest"},{"floor":8,"key":"Boot"},{"floor":9,"key":"MawBank"},{"floor":23,"key":"Ice Cream"},{"floor":26,"key":"Dodecahedron"},{"floor":27,"key":"Nilry\u0027s Codex"}],"event_choices":[{"cards_removed":["Strike_R"],"damage_healed":0.0,"max_hp_gain":0.0,"max_hp_loss":0.0,"gold_gain":0.0,"event_name":"Purifier","player_choice":"Purged","floor":2.0,"gold_loss":0.0,"damage_taken":0.0},{"damage_healed":0.0,"max_hp_gain":0.0,"max_hp_loss":0.0,"gold_gain":0.0,"event_name":"World of Goop","player_choice":"Left Gold","floor":5.0,"gold_loss":2.0,"damage_taken":0.0},{"damage_healed":0,"gold_gain":0,"cards_transformed":["Strike_R","Strike_R"],"player_choice":"Became Test Subject","damage_taken":0,"max_hp_gain":0,"max_hp_loss":0,"event_name":"Drug Dealer","floor":19,"gold_loss":0,"cards_obtained":["Headbutt","Searing Blow"]},{"damage_healed":0,"gold_gain":0,"player_choice":"Obtained Relic","damage_taken":0,"relics_obtained":["Blue Candle"],"max_hp_gain":0,"max_hp_loss":0,"event_name":"Addict","floor":21,"gold_loss":85},{"damage_healed":0,"gold_gain":0,"player_choice":"Obtained Book","damage_taken":16,"max_hp_gain":0,"max_hp_loss":0,"event_name":"Cursed Tome","floor":27,"gold_loss":0}],"is_beta":false,"boss_relics":[{"not_picked":["Eternal Feather","Runic Dome"],"picked":"Fusion Hammer"}],"items_purged_floors":[20],"is_endless":false,"potions_floor_spawned":[3,11,13,18,25],"killed_by":"Slavers","ascension_level":3}