{"gold_per_floor":[109,109,129,14,25,51,80,80,80,80,98,98,127,127,127,127],"floor_reached":16,"playtime":1114,"items_purged":[],"score":108,"play_id":"1ef557b0-3dc7-4765-8e53-b06345ea6800","local_time":"20190415115511","is_ascension_mode":false,"campfire_choices":[{"floor":10,"key":"REST"},{"data":"Crippling Poison","floor":12,"key":"SMITH"},{"floor":15,"key":"REST"}],"neow_cost":"NONE","seed_source_timestamp":10526401846084,"circlet_count":0,"master_deck":["Defend_G","Defend_G","Defend_G","Defend_G","Defend_G+1","Strike_G","Strike_G","Strike_G","Strike_G+1","Survivor","Neutralize","Prepared","Leg Sweep","Crippling Poison+1","Poisoned Stab","Footwork","Poisoned Stab","Noxious Fumes","Calculated Gamble"],"relics":["Ring of the Snake","Pocketwatch","Odd Mushroom","Pear","Happy Flower"],"potions_floor_usage":[],"damage_taken":[{"damage":5,"enemies":"Cultist","floor":1,"turns":5},{"damage":0,"enemies":"2 Louse","floor":3,"turns":4},{"damage":7,"enemies":"Small Slimes","floor":5,"turns":4},{"damage":11,"enemies":"Lagavulin","floor":6,"turns":8},{"damage":7,"enemies":"The Mushroom Lair","floor":7,"turns":6},{"damage":4,"enemies":"Blue Slaver","floor":11,"turns":4},{"damage":30,"enemies":"Gremlin Nob","floor":13,"turns":4},{"damage":58,"enemies":"Slime Boss","floor":16,"turns":10}],"seed_played":"-3647701809458763404","potions_obtained":[{"floor":3,"key":"Weak Potion"},{"floor":11,"key":"Weak Potion"}],"is_trial":false,"path_per_floor":["M","?","M","$","M","E","?","?","T","R","M","R","E","?","R","B"],"character_chosen":"THE_SILENT","items_purchased":["Poisoned Stab","Footwork"],"campfire_rested":2,"item_purchase_floors":[4,4],"current_hp_per_floor":[65,51,51,51,44,33,26,26,36,60,56,56,26,26,50,0],"gold":127,"neow_bonus":"THREE_CARDS","is_prod":false,"is_daily":false,"chose_seed":false,"campfire_upgraded":1,"win_rate":0,"timestamp":1555354511,"path_taken":["M","?","M","$","M","E","?","?","T","R","M","R","E","?","R","BOSS"],"build_version":"2019-01-23","purchased_purges":0,"victory":false,"max_hp_per_floor":[70,70,70,70,70,70,70,70,80,80,80,80,80,80,80,80],"card_choices":[{"not_picked":["Acrobatics","Flying Knee"],"picked":"Prepared","floor":0},{"not_picked":["Deflect","Acrobatics"],"picked":"Leg Sweep","floor":1},{"not_picked":["Prepared","Backflip"],"picked":"Crippling Poison","floor":3},{"not_picked":["Acrobatics","Reflex"],"picked":"Poisoned Stab","floor":5},{"not_picked":["Calculated Gamble","Escape Plan","Dagger Throw"],"picked":"SKIP","floor":6},{"not_picked":["Sucker Punch","Blade Dance","Dodge and Roll"],"picked":"SKIP","floor":11},{"not_picked":["Flying Knee","Footwork"],"picked":"Noxious Fumes","floor":13}],"player_experience":70752,"relics_obtained":[{"floor":6,"key":"Pocketwatch"},{"floor":7,"key":"Odd Mushroom"},{"floor":9,"key":"Pear"},{"floor":13,"key":"Happy Flower"}],"event_choices":[{"damage_healed":0,"gold_gain":0,"player_choice":"Entered Light","damage_taken":14,"max_hp_gain":0,"max_hp_loss":0,"event_name":"Shining Light","floor":2,"gold_loss":0,"cards_upgraded":["Strike_G","Defend_G"]},{"damage_healed":0,"gold_gain":0,"player_choice":"Fought Mushrooms","damage_taken":0,"max_hp_gain":0,"max_hp_loss":0,"event_name":"Mushrooms","floor":7,"gold_loss":0},{"damage_healed":0,"gold_gain":0,"player_choice":"Ignored","damage_taken":0,"max_hp_gain":0,"max_hp_loss":0,"event_name":"Golden Idol","floor":8,"gold_loss":0},{"damage_healed":0,"gold_gain":0,"cards_transformed":["Strike_G"],"player_choice":"Transformed","damage_taken":0,"max_hp_gain":0,"max_hp_loss":0,"event_name":"Transmorgrifier","floor":14,"gold_loss":0,"cards_obtained":["Calculated Gamble"]}],"is_beta":false,"boss_relics":[],"items_purged_floors":[],"is_endless":false,"potions_floor_spawned":[3,11],"killed_by":"Slime Boss","ascension_level":0}