{"gold_per_floor":[112,112,112,112,132,158,158,193,219,219,251,311,364,364,364,464,464,484,484,182,182,194,194,219,238,238,238,248,248,248,258,258,361,411,422,440,440,455,101,101,0,0,0,0,16,26,26,26],"floor_reached":48,"playtime":4282,"items_purged":["Pain"],"score":586,"play_id":"5266e1f6-4c49-4aeb-9024-8dcfd488e45e","local_time":"20190829230156","is_ascension_mode":true,"campfire_choices":[{"data":"Inflame","floor":10,"key":"SMITH"},{"floor":15,"key":"REST"},{"floor":23,"key":"REST"},{"floor":27,"key":"REST"},{"floor":30,"key":"REST"},{"floor":32,"key":"REST"},{"floor":42,"key":"REST"},{"floor":44,"key":"REST"}],"neow_cost":"NONE","seed_source_timestamp":66704248755099,"circlet_count":0,"master_deck":["Strike_R","Strike_R","Strike_R","Strike_R","Strike_R","Defend_R","Defend_R","Defend_R","Defend_R","Bash+1","Cleave","Clash+1","Inflame+1","Feel No Pain","Disarm+1","Armaments","Limit Break","Perfected Strike","Burning Pact","Armaments+1","Intimidate+1","Rampage+1","Iron Wave+1","Impervious","Searing Blow+1","Uppercut+1","Wild Strike+1","Shrug It Off+1","Writhe","Clothesline+1","Carnage+1"],"relics":["Burning Blood","NeowsBlessing","Bag of Marbles","Spirit Poop","Regal Pillow","Whetstone","Smiling Mask","Juzu Bracelet","Dodecahedron","Oddly Smooth Stone","Fusion Hammer","WarpedTongs","Shuriken","Darkstone Periapt","Molten Egg 2","Tiny House","Red Skull","Sling","Red Mask","Meat on the Bone"],"potions_floor_usage":[8,24,24,31,33,38,45,48,48],"damage_taken":[{"damage":0,"enemies":"Jaw Worm","floor":1,"turns":1},{"damage":0,"enemies":"Small Slimes","floor":5,"turns":1},{"damage":0,"enemies":"Lagavulin","floor":6,"turns":1},{"damage":2,"enemies":"Gremlin Nob","floor":8,"turns":3},{"damage":20,"enemies":"Lagavulin","floor":11,"turns":5},{"damage":40,"enemies":"Lagavulin Event","floor":12,"turns":6},{"damage":24,"enemies":"Slime Boss","floor":16,"turns":9},{"damage":5,"enemies":"Spheric Guardian","floor":18,"turns":3},{"damage":12,"enemies":"Chosen","floor":22,"turns":4},{"damage":44,"enemies":"Gremlin Leader","floor":24,"turns":6},{"damage":30,"enemies":"Snake Plant","floor":25,"turns":4},{"damage":47,"enemies":"Cultist and Chosen","floor":28,"turns":8},{"damage":25,"enemies":"Snecko","floor":31,"turns":5},{"damage":82,"enemies":"Champ","floor":33,"turns":11},{"damage":3,"enemies":"Orb Walker","floor":35,"turns":3},{"damage":47,"enemies":"3 Shapes","floor":36,"turns":4},{"damage":23,"enemies":"Maw","floor":38,"turns":7},{"damage":40,"enemies":"Jaw Worm Horde","floor":45,"turns":6},{"damage":59,"enemies":"4 Shapes","floor":46,"turns":7},{"damage":30,"enemies":"Transient","floor":48,"turns":4}],"seed_played":"-7615942333450833745","potions_obtained":[{"floor":1,"key":"Strength Potion"},{"floor":6,"key":"AttackPotion"},{"floor":12,"key":"Weak Potion"},{"floor":16,"key":"Dexterity Potion"},{"floor":22,"key":"BloodPotion"},{"floor":24,"key":"Dexterity Potion"},{"floor":28,"key":"Block Potion"},{"floor":31,"key":"FairyPotion"},{"floor":34,"key":"AttackPotion"},{"floor":38,"key":"SpeedPotion"},{"floor":45,"key":"Fruit Juice"},{"floor":46,"key":"PowerPotion"}],"is_trial":false,"path_per_floor":["M","?","?","?","M","E","$","E","T","R","E","?","?","T","R","B",null,"M","?","$","?","M","R","E","M","T","R","M","?","R","M","R","B",null,"M","M","$","M","$","?","?","R","T","R","M","M","?","M"],"character_chosen":"IRONCLAD","items_purchased":["Shuriken","Red Skull","Sling"],"campfire_rested":7,"item_purchase_floors":[20,39,39],"current_hp_per_floor":[80,80,80,80,80,80,80,80,80,80,66,32,32,32,71,53,80,80,80,80,80,74,80,42,18,18,57,16,16,55,36,75,19,85,85,44,44,27,27,54,54,91,91,91,62,21,21,0],"gold":26,"neow_bonus":"THREE_ENEMY_KILL","is_prod":false,"is_daily":false,"chose_seed":false,"campfire_upgraded":1,"win_rate":0,"timestamp":1567137716,"path_taken":["M","?","?","?","?","E","$","E","T","R","E","?","?","?","R","BOSS","M","?","$","?","M","R","E","M","T","R","M","?","R","M","R","BOSS","M","M","$","M","$","?","?","R","T","R","M","M","?","M"],"build_version":"2019-07-17","purchased_purges":1,"victory":false,"max_hp_per_floor":[80,80,80,80,80,80,80,80,80,80,80,80,80,80,80,80,80,80,80,80,80,80,80,80,80,80,80,80,80,80,80,80,80,85,85,85,85,85,85,91,91,91,91,91,96,96,96,96],"card_choices":[{"not_picked":["Reckless Charge","Wild Strike"],"picked":"Cleave","floor":1},{"not_picked":["Havoc","True Grit"],"picked":"Clash","floor":5},{"not_picked":["Sword Boomerang","Twin Strike"],"picked":"Inflame","floor":6},{"not_picked":["Havoc","Spot Weakness"],"picked":"Feel No Pain","floor":8},{"not_picked":["Clothesline","Sword Boomerang"],"picked":"Disarm","floor":11},{"not_picked":["Wild Strike","Feed"],"picked":"Armaments","floor":12},{"not_picked":["Barricade","Exhume"],"picked":"Limit Break","floor":16},{"not_picked":["Reckless Charge","Carnage"],"picked":"Perfected Strike","floor":18},{"not_picked":["Twin Strike","Bloodletting+1"],"picked":"Burning Pact","floor":22},{"not_picked":["Flame Barrier","Shrug It Off"],"picked":"Armaments+1","floor":24},{"not_picked":["Iron Wave","Twin Strike"],"picked":"Intimidate+1","floor":25},{"not_picked":["Heavy Blade+1","Clash+1"],"picked":"Rampage+1","floor":28},{"not_picked":["Second Wind","Shockwave+1"],"picked":"Iron Wave+1","floor":31},{"not_picked":["Exhume","Offering"],"picked":"Impervious","floor":33},{"not_picked":["Sentinel+1","Intimidate"],"picked":"Searing Blow+1","floor":34},{"not_picked":["Warcry+1","Armaments"],"picked":"Uppercut+1","floor":35},{"not_picked":["Warcry+1","Metallicize"],"picked":"Wild Strike+1","floor":36},{"not_picked":["Reckless Charge+1","Fire Breathing"],"picked":"Shrug It Off+1","floor":38},{"not_picked":["Brutality","Armaments+1"],"picked":"Clothesline+1","floor":45},{"not_picked":["Burning Pact+1","Iron Wave+1"],"picked":"Carnage+1","floor":46}],"player_experience":367071,"relics_obtained":[{"floor":6,"key":"Regal Pillow"},{"floor":8,"key":"Whetstone"},{"floor":9,"key":"Smiling Mask"},{"floor":11,"key":"Juzu Bracelet"},{"floor":12,"key":"Dodecahedron"},{"floor":14,"key":"Oddly Smooth Stone"},{"floor":24,"key":"Darkstone Periapt"},{"floor":26,"key":"Molten Egg 2"},{"floor":43,"key":"Meat on the Bone"}],"event_choices":[{"damage_healed":0,"gold_gain":0,"player_choice":"Box","damage_taken":0,"relics_obtained":["Bag of Marbles"],"max_hp_gain":0,"max_hp_loss":0,"event_name":"Big Fish","floor":2,"gold_loss":0,"cards_obtained":["Regret"]},{"damage_healed":0,"gold_gain":0,"player_choice":"Leave","damage_taken":0,"max_hp_gain":0,"max_hp_loss":0,"event_name":"The Cleric","floor":3,"gold_loss":0},{"cards_removed":["Regret"],"damage_healed":0,"gold_gain":0,"player_choice":"Offered Curse","damage_taken":0,"relics_obtained":["Spirit Poop"],"max_hp_gain":0,"max_hp_loss":0,"event_name":"Bonfire Elementals","floor":4,"gold_loss":0},{"damage_healed":0,"gold_gain":0,"player_choice":"Searched \u00271\u0027 times","damage_taken":0,"max_hp_gain":0,"max_hp_loss":0,"event_name":"Dead Adventurer","floor":12,"gold_loss":0},{"damage_healed":0,"gold_gain":53,"player_choice":"Gained Gold","damage_taken":0,"max_hp_gain":0,"max_hp_loss":0,"event_name":"Golden Wing","floor":13,"gold_loss":0},{"damage_healed":0,"gold_gain":0,"player_choice":"Rummage","damage_taken":0,"relics_obtained":["WarpedTongs"],"max_hp_gain":0,"max_hp_loss":0,"event_name":"Accursed Blacksmith","floor":19,"gold_loss":0,"cards_obtained":["Pain"]},{"damage_healed":0,"gold_gain":0,"player_choice":"Ignored","damage_taken":0,"max_hp_gain":0,"max_hp_loss":0,"event_name":"Beggar","floor":21,"gold_loss":0},{"damage_healed":0,"gold_gain":0,"player_choice":"Ignored","damage_taken":0,"max_hp_gain":0,"max_hp_loss":0,"event_name":"Cursed Tome","floor":29,"gold_loss":0},{"damage_healed":21,"gold_gain":0,"player_choice":"Writhe","damage_taken":0,"max_hp_gain":0,"max_hp_loss":0,"event_name":"Winding Halls","floor":40,"gold_loss":0,"cards_obtained":["Writhe"]},{"damage_healed":0,"gold_gain":0,"player_choice":"Paid","damage_taken":0,"relics_obtained":["Red Mask"],"max_hp_gain":0,"max_hp_loss":0,"event_name":"Tomb of Lord Red Mask","floor":41,"gold_loss":101},{"damage_healed":0,"gold_gain":0,"player_choice":"Ignored","damage_taken":0,"max_hp_gain":0,"max_hp_loss":0,"event_name":"Mysterious Sphere","floor":47,"gold_loss":0}],"is_beta":false,"boss_relics":[{"not_picked":["Cursed Key","Busted Crown"],"picked":"Fusion Hammer"},{"not_picked":["Eternal Feather","Velvet Choker"],"picked":"Tiny House"}],"items_purged_floors":[20],"is_endless":false,"potions_floor_spawned":[1,6,12,16,22,24,28,31,38,45,46],"killed_by":"Transient","ascension_level":3}