{"gold_per_floor":[119,74,86,161,161,161,161,194,194,194,211,211,241,251,251,346,346,365,377,147,167,167,185,185,205,228,228,255,255,288,288,288,388,388,401,251,264,315,331,331,331,331,331,331],"floor_reached":44,"playtime":2053,"items_purged":["Strike_G","Strike_G+1"],"score":504,"play_id":"bc94307b-64d0-4219-932c-8bf994f102fa","local_time":"20190803132929","is_ascension_mode":false,"campfire_choices":[{"floor":7,"key":"REST"},{"data":"Crippling Poison","floor":10,"key":"SMITH"},{"data":"Deadly Poison","floor":12,"key":"SMITH"},{"floor":15,"key":"REST"},{"floor":24,"key":"REST"},{"floor":27,"key":"REST"},{"data":"Corpse Explosion","floor":29,"key":"SMITH"},{"floor":32,"key":"REST"},{"floor":40,"key":"REST"}],"neow_cost":"NONE","seed_source_timestamp":8810610095348,"circlet_count":0,"master_deck":["Strike_G+1","Defend_G+1","Defend_G+1","Defend_G+1","Defend_G+1","Defend_G+1","Survivor","Neutralize","Crippling Poison+1","Deadly Poison+1","Catalyst+1","Deadly Poison+1","Corpse Explosion+1","Deadly Poison+1"],"relics":["Ring of the Snake","NeowsBlessing","Ginger","The Specimen","Calipers","Dodecahedron","Empty Cage","Membership Card","Ancient Tea Set","Unceasing Top","Blood Vial","White Beast Statue","Toy Ornithopter","StoneCalendar","Frozen Egg 2"],"potions_floor_usage":[39,44],"damage_taken":[{"damage":0,"enemies":"Jaw Worm","floor":1,"turns":1},{"damage":0,"enemies":"2 Louse","floor":3,"turns":1},{"damage":0,"enemies":"Lagavulin","floor":8,"turns":1},{"damage":0,"enemies":"Cultist","floor":11,"turns":3},{"damage":23,"enemies":"Gremlin Nob","floor":13,"turns":4},{"damage":0,"enemies":"2 Fungi Beasts","floor":14,"turns":3},{"damage":10,"enemies":"Hexaghost","floor":16,"turns":7},{"damage":16,"enemies":"Spheric Guardian","floor":18,"turns":4},{"damage":8,"enemies":"Shell Parasite","floor":19,"turns":4},{"damage":15,"enemies":"Shelled Parasite and Fungi","floor":21,"turns":3},{"damage":12,"enemies":"Snecko","floor":23,"turns":5},{"damage":2,"enemies":"Centurion and Healer","floor":25,"turns":4},{"damage":16,"enemies":"Gremlin Leader","floor":28,"turns":5},{"damage":14,"enemies":"Book of Stabbing","floor":30,"turns":6},{"damage":47,"enemies":"Collector","floor":33,"turns":6},{"damage":17,"enemies":"Orb Walker","floor":35,"turns":4},{"damage":18,"enemies":"3 Darklings","floor":37,"turns":4},{"damage":42,"enemies":"2 Orb Walkers","floor":38,"turns":4},{"damage":8,"enemies":"Transient","floor":39,"turns":5},{"damage":36,"enemies":"Nemesis","floor":44,"turns":2}],"seed_played":"7901646840731535759","potions_obtained":[{"floor":1,"key":"FairyPotion"},{"floor":13,"key":"FearPotion"},{"floor":14,"key":"Energy Potion"},{"floor":28,"key":"Poison Potion"},{"floor":38,"key":"Ancient Potion"},{"floor":39,"key":"SteroidPotion"}],"is_trial":false,"path_per_floor":["M","$","M","?","?","T","R","E","T","R","M","R","E","M","R","B",null,"M","M","$","M","?","M","R","M","T","R","E","R","E","?","R","B",null,"M","$","M","?","M","R","?","?","T","E"],"character_chosen":"THE_SILENT","items_purchased":["Deadly Poison","Membership Card","Toy Ornithopter"],"campfire_rested":6,"item_purchase_floors":[2,20,36],"current_hp_per_floor":[70,70,70,59,26,26,47,47,47,47,47,47,24,24,45,35,70,54,46,46,31,31,19,40,38,38,59,43,43,29,29,50,5,70,53,53,37,7,6,27,27,27,27,0],"gold":331,"neow_bonus":"THREE_ENEMY_KILL","is_prod":false,"is_daily":false,"chose_seed":false,"campfire_upgraded":3,"win_rate":0,"timestamp":1564864169,"path_taken":["M","$","M","?","?","?","R","E","T","R","M","R","E","?","R","BOSS","M","M","$","M","?","M","R","M","T","R","E","R","E","?","R","BOSS","M","$","?","?","M","R","?","?","T","E"],"build_version":"2019-07-17","purchased_purges":2,"victory":false,"max_hp_per_floor":[70,70,70,70,70,70,70,70,70,70,70,70,70,70,70,70,70,70,70,70,70,70,70,70,70,70,70,70,70,70,70,70,70,70,70,70,70,70,70,70,70,70,70,70],"card_choices":[{"not_picked":["Escape Plan","Dagger Throw"],"picked":"Crippling Poison","floor":1},{"not_picked":["Prepared","Deflect","PiercingWail"],"picked":"SKIP","floor":3},{"not_picked":["Flechettes","Leg Sweep"],"picked":"Catalyst","floor":8},{"not_picked":["Finisher","Bouncing Flask"],"picked":"Deadly Poison","floor":11},{"not_picked":["Quick Slash","Dagger Throw","Slice"],"picked":"SKIP","floor":13},{"not_picked":["Outmaneuver","Footwork","Heel Hook"],"picked":"SKIP","floor":14},{"not_picked":["Wraith Form v2","Storm of Steel"],"picked":"Corpse Explosion","floor":16},{"not_picked":["Expertise","Concentrate","Dagger Spray"],"picked":"SKIP","floor":18},{"not_picked":["Infinite Blades","Cloak And Dagger","All Out Attack"],"picked":"SKIP","floor":19},{"not_picked":["Deflect","Acrobatics"],"picked":"Deadly Poison+1","floor":21},{"not_picked":["Riddle With Holes","Infinite Blades","Unload"],"picked":"SKIP","floor":23},{"not_picked":["Setup","Dagger Spray","Flying Knee"],"picked":"SKIP","floor":25},{"not_picked":["Poisoned Stab","Underhanded Strike","PiercingWail"],"picked":"SKIP","floor":28},{"not_picked":["Finisher+1","Quick Slash","Acrobatics+1"],"picked":"SKIP","floor":30},{"not_picked":["Dagger Throw","Dagger Spray","Acrobatics"],"picked":"SKIP","floor":35},{"not_picked":["Catalyst","Deadly Poison","Prepared+1"],"picked":"SKIP","floor":37},{"not_picked":["Quick Slash+1","Bane+1","Underhanded Strike"],"picked":"SKIP","floor":39}],"player_experience":276054,"relics_obtained":[{"floor":8,"key":"The Specimen"},{"floor":9,"key":"Calipers"},{"floor":13,"key":"Dodecahedron"},{"floor":26,"key":"Ancient Tea Set"},{"floor":28,"key":"Unceasing Top"},{"floor":30,"key":"Blood Vial"},{"floor":38,"key":"StoneCalendar"},{"floor":43,"key":"Frozen Egg 2"}],"event_choices":[{"damage_healed":0,"gold_gain":75,"player_choice":"Gather Gold","damage_taken":11,"max_hp_gain":0,"max_hp_loss":0,"event_name":"World of Goop","floor":4,"gold_loss":0},{"damage_healed":0,"gold_gain":0,"player_choice":"Success","damage_taken":33,"relics_obtained":["Ginger"],"max_hp_gain":0,"max_hp_loss":0,"event_name":"Scrap Ooze","floor":5,"gold_loss":0},{"damage_healed":0,"gold_gain":0,"player_choice":"Simplicity","damage_taken":0,"max_hp_gain":0,"max_hp_loss":0,"event_name":"Back to Basics","floor":22,"gold_loss":0,"cards_upgraded":["Strike_G","Strike_G","Defend_G","Defend_G","Defend_G","Defend_G","Defend_G"]},{"damage_healed":0,"gold_gain":0,"player_choice":"Upgraded","damage_taken":0,"max_hp_gain":0,"max_hp_loss":0,"event_name":"Upgrade Shrine","floor":31,"gold_loss":0,"cards_upgraded":["Deadly Poison"]},{"damage_healed":0,"gold_gain":0,"player_choice":"Fight","damage_taken":0,"max_hp_gain":0,"max_hp_loss":0,"event_name":"Mysterious Sphere","floor":38,"gold_loss":0},{"damage_healed":0,"gold_gain":0,"player_choice":"Memory 1","damage_taken":0,"max_hp_gain":0,"max_hp_loss":0,"event_name":"SensoryStone","floor":41,"gold_loss":0},{"damage_healed":0,"gold_gain":0,"player_choice":"Upgraded","damage_taken":0,"max_hp_gain":0,"max_hp_loss":0,"event_name":"Upgrade Shrine","floor":42,"gold_loss":0,"cards_upgraded":["Catalyst"]}],"is_beta":false,"boss_relics":[{"not_picked":["WristBlade","Astrolabe"],"picked":"Empty Cage"},{"not_picked":["Eternal Feather","Pandora\u0027s Box"],"picked":"White Beast Statue"}],"items_purged_floors":[20,36],"is_endless":false,"potions_floor_spawned":[1,13,14,16,25,28,30,33,35,37,38,39],"killed_by":"Nemesis","ascension_level":0}