{"gold_per_floor":[211,211,228,303,192,218,237,237,237,237,250,264,277,83,83,183,183,199,214,114,133,8,8,26,26,26,39,50,50,76,88,88,88],"floor_reached":33,"playtime":1916,"items_purged":["Strike_G","Strike_G","Strike_G"],"score":251,"play_id":"e1362da1-cf58-456b-a94d-371fc08322ca","local_time":"20190801230017","is_ascension_mode":false,"campfire_choices":[{"floor":10,"key":"REST"},{"floor":15,"key":"REST"},{"floor":23,"key":"REST"},{"data":"Noxious Fumes","floor":25,"key":"SMITH"},{"floor":29,"key":"REST"},{"floor":32,"key":"REST"}],"neow_cost":"NONE","seed_source_timestamp":130443702849919,"circlet_count":0,"master_deck":["Strike_G","Defend_G+1","Defend_G","Defend_G+1","Defend_G","Defend_G","Survivor","Neutralize","Deadly Poison","Noxious Fumes+1","Noxious Fumes","Poisoned Stab","Deadly Poison","Envenom","Dagger Spray+1","Deadly Poison","Skewer+1","Deflect+1","Bane+1"],"relics":["Ring of the Snake","Ninja Scroll","Blue Candle","Question Card","War Paint","Sozu","Bottled Tornado","Red Mask"],"potions_floor_usage":[],"damage_taken":[{"damage":2,"enemies":"Small Slimes","floor":1,"turns":4},{"damage":0,"enemies":"Jaw Worm","floor":3,"turns":3},{"damage":29,"enemies":"Lagavulin","floor":6,"turns":7},{"damage":0,"enemies":"2 Louse","floor":7,"turns":3},{"damage":2,"enemies":"Looter","floor":11,"turns":3},{"damage":4,"enemies":"Blue Slaver","floor":12,"turns":4},{"damage":3,"enemies":"Lots of Slimes","floor":13,"turns":4},{"damage":23,"enemies":"The Guardian","floor":16,"turns":7},{"damage":0,"enemies":"Spheric Guardian","floor":18,"turns":3},{"damage":11,"enemies":"3 Byrds","floor":19,"turns":4},{"damage":14,"enemies":"Sentry and Sphere","floor":21,"turns":5},{"damage":2,"enemies":"Chosen and Byrds","floor":24,"turns":4},{"damage":9,"enemies":"Centurion and Healer","floor":27,"turns":5},{"damage":16,"enemies":"Shelled Parasite and Fungi","floor":28,"turns":5},{"damage":24,"enemies":"Masked Bandits","floor":30,"turns":4},{"damage":2,"enemies":"Snecko","floor":31,"turns":4},{"damage":63,"enemies":"Collector","floor":33,"turns":6}],"seed_played":"459864134191083569","potions_obtained":[{"floor":1,"key":"Regen Potion"},{"floor":6,"key":"Block Potion"},{"floor":11,"key":"Regen Potion"}],"is_trial":false,"path_per_floor":["M","?","M","?","$","E","M","?","T","R","M","M","M","$","R","B",null,"M","M","$","M","$","R","M","R","T","M","M","R","?","M","R","B"],"character_chosen":"THE_SILENT","items_purchased":["Noxious Fumes","War Paint","Deadly Poison"],"campfire_rested":5,"item_purchase_floors":[5,14,14],"current_hp_per_floor":[68,65,65,54,54,25,25,25,25,46,44,40,37,37,58,35,70,70,59,59,45,45,66,64,64,64,55,39,60,36,34,55,0],"gold":88,"neow_bonus":"HUNDRED_GOLD","is_prod":false,"is_daily":false,"chose_seed":false,"campfire_upgraded":1,"win_rate":0,"timestamp":1564725617,"path_taken":["M","?","M","?","$","E","M","?","T","R","M","M","M","$","R","BOSS","M","M","$","M","$","R","M","R","T","M","M","R","?","M","R","BOSS"],"build_version":"2019-07-17","purchased_purges":3,"victory":false,"max_hp_per_floor":[70,70,70,70,70,70,70,70,70,70,70,70,70,70,70,70,70,70,70,70,70,70,70,70,70,70,70,70,70,70,70,70,70],"card_choices":[{"not_picked":["Outmaneuver","Dagger Spray"],"picked":"Deadly Poison","floor":1},{"not_picked":["Deflect","Flying Knee","Acrobatics"],"picked":"SKIP","floor":3},{"not_picked":["Skewer","Prepared"],"picked":"Noxious Fumes","floor":6},{"not_picked":["Cloak And Dagger","Quick Slash","Choke"],"picked":"SKIP","floor":7},{"not_picked":["Infinite Blades","Underhanded Strike","Bane","Die Die Die"],"picked":"SKIP","floor":11},{"not_picked":["Dagger Throw","Quick Slash","Reflex"],"picked":"Poisoned Stab","floor":12},{"not_picked":["Bouncing Flask","Blade Dance","Finisher","Cloak And Dagger"],"picked":"SKIP","floor":13},{"not_picked":["Grand Finale","Die Die Die","Storm of Steel"],"picked":"Envenom","floor":16},{"not_picked":["Expertise","Bouncing Flask","Prepared"],"picked":"Dagger Spray+1","floor":18},{"not_picked":["Poisoned Stab","Predator","Dagger Spray"],"picked":"Deadly Poison","floor":19},{"not_picked":["Leg Sweep","Cloak And Dagger+1","Blade Dance"],"picked":"Skewer+1","floor":21},{"not_picked":["Bane","Prepared","Dagger Spray+1","Underhanded Strike"],"picked":"SKIP","floor":24},{"not_picked":["Caltrops","Deadly Poison","Dagger Throw+1"],"picked":"Deflect+1","floor":27},{"not_picked":["Quick Slash","Grand Finale","Cloak And Dagger","Endless Agony+1"],"picked":"SKIP","floor":28},{"not_picked":["Distraction","Poisoned Stab","Deflect"],"picked":"Bane+1","floor":30},{"not_picked":["Blur","Dagger Spray","Acrobatics+1","Poisoned Stab+1"],"picked":"SKIP","floor":31}],"player_experience":270643,"relics_obtained":[{"floor":6,"key":"Blue Candle"},{"floor":9,"key":"Question Card"},{"floor":26,"key":"Bottled Tornado"},{"floor":30,"key":"Red Mask"}],"event_choices":[{"damage_healed":0,"gold_gain":0,"player_choice":"Success","damage_taken":3,"relics_obtained":["Ninja Scroll"],"max_hp_gain":0,"max_hp_loss":0,"event_name":"Scrap Ooze","floor":2,"gold_loss":0},{"damage_healed":0,"gold_gain":75,"player_choice":"Gather Gold","damage_taken":11,"max_hp_gain":0,"max_hp_loss":0,"event_name":"World of Goop","floor":4,"gold_loss":0},{"cards_removed":["Strike_G"],"damage_healed":0,"gold_gain":0,"player_choice":"Forget","damage_taken":0,"max_hp_gain":0,"max_hp_loss":0,"event_name":"Living Wall","floor":8,"gold_loss":0},{"damage_healed":0,"gold_gain":0,"player_choice":"Fought Bandits","damage_taken":0,"max_hp_gain":0,"max_hp_loss":0,"event_name":"Masked Bandits","floor":30,"gold_loss":0}],"is_beta":false,"boss_relics":[{"not_picked":["Ectoplasm","Snecko Eye"],"picked":"Sozu"}],"items_purged_floors":[5,20,22],"is_endless":false,"potions_floor_spawned":[1,6,11,16,19,28,31],"killed_by":"Collector","ascension_level":0}