{"gold_per_floor":[365,377,389,103,178,178,209,209,209,209,226,226,45,61,61,138,138,155,155,167,182,57,57,57,57,57,57,89,89],"floor_reached":29,"playtime":709,"items_purged":["Strike_B","Strike_B","Defend_B"],"score":482,"play_id":"29b45507-1418-4f6d-aec8-6f76910c3eed","local_time":"20190819124431","is_ascension_mode":true,"campfire_choices":[{"data":"Apotheosis","floor":6.0,"key":"SMITH"},{"floor":12.0,"key":"REST"},{"data":"Coolheaded","floor":15.0,"key":"SMITH"},{"data":"Coolheaded","floor":23.0,"key":"SMITH"},{"data":"Turbo","floor":25.0,"key":"SMITH"},{"floor":27.0,"key":"REST"}],"neow_cost":"TEN_PERCENT_HP_LOSS","seed_source_timestamp":1884329220965688,"circlet_count":0,"master_deck":["AscendersBane","Defend_B","Defend_B","Defend_B","Zap","Dualcast","Rip and Tear","Coolheaded+1","Ball Lightning","Apotheosis+1","Chill","Turbo+1","Hologram","Glacier","Echo Form","Coolheaded+1","Compile Driver","Echo Form"],"special_seed":0,"relics":["Cracked Core","Orichalcum","Matryoshka","Empty Cage","Ornamental Fan","Singing Bowl","Mercury Hourglass"],"potions_floor_usage":[28],"damage_taken":[{"damage":0.0,"enemies":"Cultist","floor":1.0,"turns":3.0},{"damage":12.0,"enemies":"Jaw Worm","floor":2.0,"turns":3.0},{"damage":6.0,"enemies":"2 Louse","floor":3.0,"turns":3.0},{"damage":28.0,"enemies":"3 Sentries","floor":7.0,"turns":6.0},{"damage":6.0,"enemies":"Large Slime","floor":11.0,"turns":5.0},{"damage":0.0,"enemies":"2 Fungi Beasts","floor":14.0,"turns":2.0},{"damage":6.0,"enemies":"Slime Boss","floor":16.0,"turns":11.0},{"damage":9.0,"enemies":"Shell Parasite","floor":18.0,"turns":6.0},{"damage":1.0,"enemies":"Spheric Guardian","floor":20.0,"turns":7.0},{"damage":8.0,"enemies":"Chosen and Byrds","floor":21.0,"turns":7.0},{"damage":45,"enemies":"Book of Stabbing","floor":28,"turns":6},{"damage":0,"enemies":"Snake Plant","floor":29,"turns":1}],"seed_played":"-6532545890557182905","potions_obtained":[{"floor":1.0,"key":"Ancient Potion"},{"floor":7.0,"key":"Explosive Potion"},{"floor":16.0,"key":"Poison Potion"},{"floor":18.0,"key":"EssenceOfSteel"},{"floor":19.0,"key":"Fire Potion"},{"floor":21.0,"key":"Fire Potion"}],"is_trial":false,"path_per_floor":["M","M","M","$","?","R","E","?","T","?","M","R","$","M","R","B",null,"M","?","M","M","$","R","?","R","T","R","E","M"],"character_chosen":"DEFECT","items_purchased":["Apotheosis","Hologram","Fire Potion"],"campfire_rested":2,"item_purchase_floors":[4,13,13],"current_hp_per_floor":[64,52,46,46,35,35,7,7,7,7,1,20,20,20,20,14,52,43,43,42,34,34,34,34,34,34,53,10,10],"gold":89,"neow_bonus":"TWO_FIFTY_GOLD","is_prod":false,"is_daily":false,"chose_seed":false,"campfire_upgraded":4,"win_rate":0,"timestamp":1566189871,"path_taken":["M","?","M","$","?","R","E","?","T","?","M","R","$","M","R","BOSS","M","?","M","?","$","R","?","R","T","R","E","M"],"build_version":"2019-07-17","purchased_purges":3,"victory":false,"max_hp_per_floor":[64,64,64,64,64,64,64,64,64,64,64,64,64,64,64,64,64,64,64,64,64,64,64,64,64,64,64,66,66],"card_choices":[{"not_picked":["Compile Driver","Hologram"],"picked":"Rip and Tear","floor":1.0},{"not_picked":["Turbo","Tempest"],"picked":"Coolheaded","floor":2.0},{"not_picked":["Steam","Stack"],"picked":"Ball Lightning","floor":3.0},{"not_picked":["Rebound","Barrage"],"picked":"Chill","floor":7.0},{"not_picked":["Defragment","Leap"],"picked":"Turbo","floor":11.0},{"not_picked":["Capacitor","Redo"],"picked":"Glacier","floor":14.0},{"not_picked":["Buffer","Core Surge"],"picked":"Echo Form","floor":16.0},{"not_picked":["Leap","Barrage","Ball Lightning"],"picked":"SKIP","floor":18.0},{"not_picked":["Redo","Turbo"],"picked":"Coolheaded","floor":20.0},{"not_picked":["Hologram+1","Genetic Algorithm"],"picked":"Compile Driver","floor":21.0},{"not_picked":["Darkness","Tempest","Hyperbeam"],"picked":"Singing Bowl","floor":28}],"player_experience":2204737,"relics_obtained":[{"floor":7.0,"key":"Orichalcum"},{"floor":9.0,"key":"Matryoshka"},{"floor":26.0,"key":"Ornamental Fan"},{"floor":26.0,"key":"Singing Bowl"},{"floor":28,"key":"Mercury Hourglass"}],"event_choices":[{"damage_healed":0.0,"max_hp_gain":0.0,"max_hp_loss":0.0,"gold_gain":75.0,"event_name":"World of Goop","player_choice":"Gather Gold","floor":5.0,"gold_loss":0.0,"damage_taken":11.0},{"damage_healed":0.0,"max_hp_gain":0.0,"max_hp_loss":0.0,"gold_gain":0.0,"event_name":"Shining Light","player_choice":"Ignored","floor":8.0,"gold_loss":0.0,"damage_taken":0.0},{"damage_healed":0.0,"max_hp_gain":0.0,"max_hp_loss":0.0,"gold_gain":0.0,"event_name":"Golden Wing","player_choice":"Ignored","floor":10.0,"gold_loss":0.0,"damage_taken":0.0},{"damage_healed":0.0,"max_hp_gain":0.0,"max_hp_loss":0.0,"gold_gain":0.0,"event_name":"Lab","player_choice":"Got Potions","floor":19.0,"gold_loss":0.0,"damage_taken":0.0},{"damage_healed":0.0,"max_hp_gain":0.0,"max_hp_loss":0.0,"gold_gain":0.0,"event_name":"Duplicator","player_choice":"Copied","floor":24.0,"gold_loss":0.0,"damage_taken":0.0,"cards_obtained":["Echo Form"]}],"is_beta":false,"boss_relics":[{"not_picked":["Inserter","White Beast Statue"],"picked":"Empty Cage"}],"items_purged_floors":[4,13,22],"is_endless":false,"potions_floor_spawned":[1,7,16,18,21],"killed_by":"Snake Plant","ascension_level":20}