{"gold_per_floor":[111,111,129,141,111,111,143,143,143,155,107,120,151,165,165,260,310,321,218,218,74,91,19,29,61,87,87,2,16,0,25,25,25],"floor_reached":33,"playtime":3021,"items_purged":[],"score":325,"play_id":"f7afa6a9-8b46-4106-9586-200ee31d0526","local_time":"20190630030758","is_ascension_mode":false,"campfire_choices":[{"data":"Strike_G","floor":6,"key":"SMITH"},{"floor":8,"key":"REST"},{"floor":15,"key":"REST"},{"floor":27,"key":"REST"},{"floor":32,"key":"REST"}],"neow_cost":"NONE","seed_source_timestamp":1017653671159183,"circlet_count":0,"master_deck":["Defend_G","Defend_G","Defend_G","Defend_G","Defend_G","Strike_G","Strike_G+1","Strike_G","Strike_G","Strike_G+1","Survivor","Neutralize","Poisoned Stab+1","Slice","Deadly Poison","Blade Dance","Catalyst","Noxious Fumes","Bane","Flying Knee","Doppelganger","Masterful Stab","All Out Attack","Quick Slash","All Out Attack","Leg Sweep","Dagger Spray","Finisher"],"relics":["Ring of the Snake","NeowsBlessing","Pear","Dodecahedron","Mummified Hand","Tiny House","PreservedInsect","Incense Burner","Centennial Puzzle","Omamori","Boot"],"potions_floor_usage":[7,16,16,16,24,29,29,29],"damage_taken":[{"damage":0,"enemies":"Cultist","floor":1,"turns":1},{"damage":0,"enemies":"Jaw Worm","floor":3,"turns":1},{"damage":0,"enemies":"Small Slimes","floor":4,"turns":1},{"damage":24,"enemies":"3 Sentries","floor":7,"turns":8},{"damage":12,"enemies":"Blue Slaver","floor":10,"turns":3},{"damage":3,"enemies":"2 Fungi Beasts","floor":12,"turns":3},{"damage":34,"enemies":"Lagavulin","floor":13,"turns":7},{"damage":4,"enemies":"Looter","floor":14,"turns":4},{"damage":30,"enemies":"Hexaghost","floor":16,"turns":9},{"damage":2,"enemies":"Shell Parasite","floor":18,"turns":5},{"damage":2,"enemies":"Chosen","floor":22,"turns":4},{"damage":26,"enemies":"Centurion and Healer","floor":24,"turns":6},{"damage":0,"enemies":"Gremlin Leader","floor":25,"turns":4},{"damage":27,"enemies":"Sentry and Sphere","floor":29,"turns":5},{"damage":86,"enemies":"Champ","floor":33,"turns":10}],"seed_played":"420794972049017918","potions_obtained":[{"floor":4,"key":"LiquidBronze"},{"floor":5,"key":"GamblersBrew"},{"floor":5,"key":"GamblersBrew"},{"floor":7,"key":"Swift Potion"},{"floor":10,"key":"Strength Potion"},{"floor":17,"key":"SteroidPotion"},{"floor":25,"key":"Poison Potion"}],"is_trial":false,"path_per_floor":["M","?","M","M","?","R","E","R","T","M","?","M","E","M","R","B",null,"M","$","?","$","M","$","M","E","T","R","?","M","?","T","R","B"],"character_chosen":"THE_SILENT","items_purchased":["Strength Potion","Fire Potion","PreservedInsect","All Out Attack"],"campfire_rested":4,"item_purchase_floors":[19,19,21,23],"current_hp_per_floor":[70,70,70,70,70,70,56,80,80,68,68,65,31,27,51,21,85,83,83,83,83,81,81,55,55,55,80,80,53,53,53,78,0],"gold":25,"neow_bonus":"THREE_ENEMY_KILL","is_prod":false,"is_daily":false,"chose_seed":false,"campfire_upgraded":1,"win_rate":0.0,"timestamp":1561882078,"path_taken":["M","?","M","M","?","R","E","R","T","?","?","M","E","M","R","BOSS","M","$","?","$","M","$","M","E","T","R","?","M","?","?","R","BOSS"],"build_version":"2019-01-23","purchased_purges":0,"victory":false,"max_hp_per_floor":[70,70,70,70,70,70,80,80,80,80,80,80,80,80,80,80,85,85,85,85,85,85,85,85,85,85,85,85,85,85,85,85,85],"card_choices":[{"not_picked":["Backflip","Flechettes"],"picked":"Poisoned Stab","floor":1},{"not_picked":["Leg Sweep","Prepared"],"picked":"Slice","floor":3},{"not_picked":["Escape Plan","Dodge and Roll"],"picked":"Deadly Poison","floor":4},{"not_picked":["Backflip","A Thousand Cuts"],"picked":"Blade Dance","floor":7},{"not_picked":["PiercingWail","Dodge and Roll"],"picked":"Catalyst","floor":10},{"not_picked":["Eviscerate","Deflect"],"picked":"Noxious Fumes","floor":12},{"not_picked":["Prepared","PiercingWail"],"picked":"Bane","floor":13},{"not_picked":["Crippling Poison","Acrobatics"],"picked":"Flying Knee","floor":14},{"not_picked":["Envenom","Burst"],"picked":"Doppelganger","floor":16},{"not_picked":["Poisoned Stab","Dodge and Roll"],"picked":"Masterful Stab","floor":17},{"not_picked":["Choke+1","Infinite Blades"],"picked":"All Out Attack","floor":18},{"not_picked":["Prepared+1","Infinite Blades"],"picked":"Quick Slash","floor":22},{"not_picked":["Deflect","Riddle With Holes"],"picked":"Leg Sweep","floor":24},{"not_picked":["Poisoned Stab","Prepared+1"],"picked":"Dagger Spray","floor":25},{"not_picked":["Tactician","Bane"],"picked":"Finisher","floor":29}],"player_experience":33736,"relics_obtained":[{"floor":7,"key":"Pear"},{"floor":9,"key":"Dodecahedron"},{"floor":13,"key":"Mummified Hand"},{"floor":25,"key":"Incense Burner"},{"floor":26,"key":"Centennial Puzzle"},{"floor":31,"key":"Boot"}],"event_choices":[{"damage_healed":0,"gold_gain":0,"player_choice":"Grow","damage_taken":0,"max_hp_gain":0,"max_hp_loss":0,"event_name":"Living Wall","floor":2,"gold_loss":0,"cards_upgraded":["Poisoned Stab"]},{"damage_healed":0,"gold_gain":0,"player_choice":"Bought 2 Potions","damage_taken":0,"max_hp_gain":0,"max_hp_loss":0,"event_name":"The Woman in Blue","floor":5,"gold_loss":0},{"damage_healed":0,"gold_gain":0,"player_choice":"Left Gold","damage_taken":0,"max_hp_gain":0,"max_hp_loss":0,"event_name":"World of Goop","floor":11,"gold_loss":48},{"damage_healed":0,"gold_gain":0,"player_choice":"Ignored","damage_taken":0,"max_hp_gain":0,"max_hp_loss":0,"event_name":"Ghosts","floor":20,"gold_loss":0},{"damage_healed":0,"gold_gain":0,"player_choice":"Obtained Relic","damage_taken":0,"relics_obtained":["Omamori"],"max_hp_gain":0,"max_hp_loss":0,"event_name":"Addict","floor":28,"gold_loss":85},{"damage_healed":0,"gold_gain":0,"player_choice":"Paid Fearfully","damage_taken":0,"max_hp_gain":0,"max_hp_loss":0,"event_name":"Masked Bandits","floor":30,"gold_loss":16}],"is_beta":false,"boss_relics":[{"not_picked":["Calling Bell","Snecko Eye"],"picked":"Tiny House"}],"items_purged_floors":[],"is_endless":false,"potions_floor_spawned":[4,7,10,13,25],"killed_by":"Champ","ascension_level":0}