{"gold_per_floor":[113,133,148,162,178,207,207,219,246,246,13,24,36,55,55,160,160,177,139,150,150,150,150],"floor_reached":23,"playtime":2228,"items_purged":["Normality"],"score":227,"play_id":"415eddce-ade9-4672-975c-ea3cc745e411","local_time":"20190828234541","is_ascension_mode":true,"campfire_choices":[{"floor":7,"key":"REST"},{"data":"Corruption","floor":10,"key":"SMITH"},{"data":"Bludgeon","floor":15,"key":"SMITH"}],"neow_cost":"NONE","seed_source_timestamp":2106713795100,"circlet_count":0,"master_deck":["Strike_R+1","Strike_R+1","Strike_R+1","Strike_R+1","Strike_R+1","Defend_R+1","Defend_R+1","Defend_R+1","Defend_R+1","Bash","Anger","Body Slam","Rampage","Barricade","Anger","Cleave","Corruption+1","Immolate","Flex","Bludgeon+1","Combust","Impervious","Parasite","Parasite","Flex","Flex+1","Decay"],"relics":["Burning Blood","Ginger","Pen Nib","Membership Card","Calling Bell","Happy Flower","Dodecahedron","Shovel"],"potions_floor_usage":[1,5,5,5,6,20],"damage_taken":[{"damage":3,"enemies":"Jaw Worm","floor":1,"turns":5},{"damage":4,"enemies":"2 Louse","floor":2,"turns":2},{"damage":6,"enemies":"Cultist","floor":3,"turns":4},{"damage":19,"enemies":"Large Slime","floor":4,"turns":6},{"damage":4,"enemies":"Lots of Slimes","floor":5,"turns":4},{"damage":25,"enemies":"Lagavulin","floor":6,"turns":5},{"damage":14,"enemies":"Blue Slaver","floor":8,"turns":4},{"damage":1,"enemies":"2 Fungi Beasts","floor":12,"turns":4},{"damage":11,"enemies":"Looter","floor":13,"turns":2},{"damage":6,"enemies":"Exordium Thugs","floor":14,"turns":4},{"damage":65,"enemies":"Hexaghost","floor":16,"turns":8},{"damage":19,"enemies":"2 Thieves","floor":18,"turns":4},{"damage":22,"enemies":"3 Byrds","floor":20,"turns":3},{"damage":73,"enemies":"Book of Stabbing","floor":23,"turns":4}],"seed_played":"7851157476183787481","potions_obtained":[{"floor":0,"key":"Ancient Potion"},{"floor":0,"key":"Block Potion"},{"floor":0,"key":"Fruit Juice"},{"floor":1,"key":"Poison Potion"},{"floor":2,"key":"Fire Potion"},{"floor":5,"key":"AttackPotion"},{"floor":14,"key":"FairyPotion"},{"floor":18,"key":"Explosive Potion"}],"is_trial":false,"path_per_floor":["M","M","M","M","M","E","R","M","T","R","$","M","M","M","R","B",null,"M","$","M","?","?","E"],"character_chosen":"IRONCLAD","items_purchased":["Membership Card","Immolate"],"campfire_rested":1,"item_purchase_floors":[11,11],"current_hp_per_floor":[85,85,85,72,74,55,80,72,72,72,72,77,72,72,72,13,85,72,72,56,56,56,0],"gold":150,"neow_bonus":"THREE_SMALL_POTIONS","is_prod":false,"is_daily":false,"chose_seed":false,"campfire_upgraded":2,"win_rate":0,"timestamp":1567053941,"path_taken":["M","M","M","M","M","E","R","M","T","R","$","M","M","M","R","BOSS","M","$","M","?","?","E"],"build_version":"2019-07-17","purchased_purges":1,"victory":false,"max_hp_per_floor":[85,85,85,85,85,85,85,85,85,85,85,85,85,85,85,85,85,85,85,85,85,85,85],"card_choices":[{"not_picked":["Pommel Strike","Battle Trance"],"picked":"Anger","floor":1},{"not_picked":["Havoc","Ghostly Armor"],"picked":"Body Slam","floor":2},{"not_picked":["Sever Soul","Perfected Strike"],"picked":"Rampage","floor":3},{"not_picked":["Headbutt","Clothesline"],"picked":"Barricade","floor":4},{"not_picked":["Disarm","Wild Strike"],"picked":"Anger","floor":5},{"not_picked":["Dual Wield","Pommel Strike"],"picked":"Cleave","floor":6},{"not_picked":["Seeing Red","Armaments"],"picked":"Corruption","floor":8},{"not_picked":["True Grit","Dual Wield"],"picked":"Flex","floor":12},{"not_picked":["Power Through","Shrug It Off"],"picked":"Bludgeon","floor":13},{"not_picked":["Feel No Pain","Cleave"],"picked":"Combust","floor":14},{"not_picked":["Offering","Fiend Fire"],"picked":"Impervious","floor":16},{"not_picked":["Warcry","Iron Wave"],"picked":"Flex","floor":18},{"not_picked":["Havoc+1","Warcry"],"picked":"Flex+1","floor":20}],"player_experience":361316,"relics_obtained":[{"floor":6,"key":"Ginger"},{"floor":9,"key":"Pen Nib"},{"floor":17,"key":"Happy Flower"},{"floor":17,"key":"Dodecahedron"},{"floor":17,"key":"Shovel"}],"event_choices":[{"damage_healed":0,"gold_gain":0,"player_choice":"Simplicity","damage_taken":0,"max_hp_gain":0,"max_hp_loss":0,"event_name":"Back to Basics","floor":21,"gold_loss":0,"cards_upgraded":["Strike_R","Strike_R","Strike_R","Strike_R","Strike_R","Defend_R","Defend_R","Defend_R","Defend_R"]},{"damage_healed":0,"gold_gain":0,"player_choice":"Smashed Altar","damage_taken":0,"max_hp_gain":0,"max_hp_loss":0,"event_name":"Forgotten Altar","floor":22,"gold_loss":0,"cards_obtained":["Decay"]}],"is_beta":false,"boss_relics":[{"not_picked":["Runic Cube","Coffee Dripper"],"picked":"Calling Bell"}],"items_purged_floors":[19],"is_endless":false,"potions_floor_spawned":[1,2,4,5,14,18],"killed_by":"Book of Stabbing","ascension_level":3}