{"gold_per_floor":[416,429,99,112,132,132,152,152,176,176,188,216,228,276,288],"floor_reached":15,"playtime":1306,"items_purged":["Strike_R"],"score":121,"play_id":"0b75b4aa-92c8-412e-982b-c3d82559c09c","local_time":"20190902141410","is_ascension_mode":true,"campfire_choices":[{"data":"Bash","floor":6,"key":"SMITH"},{"floor":11,"key":"REST"},{"floor":15,"key":"REST"}],"neow_cost":"PERCENT_DAMAGE","seed_source_timestamp":468763312839800,"circlet_count":0,"master_deck":["Strike_R","Strike_R","Strike_R","Defend_R","Defend_R","Defend_R","Defend_R","Bash+1","Clothesline","Cleave","Ghostly Armor","Pommel Strike"],"relics":["Burning Blood","Old Coin","Pear","Golden Idol","Ancient Tea Set","MawBank","Red Skull"],"potions_floor_usage":[14],"damage_taken":[{"damage":6,"enemies":"Cultist","floor":1,"turns":3},{"damage":5,"enemies":"Small Slimes","floor":2,"turns":4},{"damage":6,"enemies":"2 Louse","floor":4,"turns":3},{"damage":31,"enemies":"Exordium Thugs","floor":5,"turns":6},{"damage":4,"enemies":"2 Fungi Beasts","floor":7,"turns":4},{"damage":6,"enemies":"Exordium Wildlife","floor":12,"turns":3},{"damage":36,"enemies":"3 Sentries","floor":14,"turns":11}],"seed_played":"-534873457983576799","potions_obtained":[{"floor":5,"key":"Energy Potion"},{"floor":7,"key":"Poison Potion"},{"floor":12,"key":"EssenceOfSteel"}],"is_trial":false,"path_per_floor":["M","M","$","M","M","R","M","?","T","?","R","M","?","E","R"],"character_chosen":"IRONCLAD","items_purchased":["Pear"],"campfire_rested":2,"item_purchase_floors":[3],"current_hp_per_floor":[56,57,67,67,42,42,44,22,22,22,49,49,49,19,46],"gold":288,"neow_bonus":"ONE_RARE_RELIC","is_prod":false,"is_daily":false,"chose_seed":false,"campfire_upgraded":1,"win_rate":0,"timestamp":1567448050,"path_taken":["M","M","$","M","M","R","M","?","T","?","R","?","?","E","R"],"build_version":"2019-07-17","purchased_purges":1,"victory":false,"max_hp_per_floor":[80,80,90,90,90,90,90,90,90,90,90,90,90,90,90],"card_choices":[{"not_picked":["True Grit","Anger"],"picked":"Clothesline","floor":1},{"not_picked":["Twin Strike","Dropkick"],"picked":"Cleave","floor":2},{"not_picked":["Shrug It Off","Headbutt"],"picked":"Ghostly Armor","floor":4},{"not_picked":["Pommel Strike","Perfected Strike","Second Wind"],"picked":"SKIP","floor":5},{"not_picked":["Sentinel","Rage","Flex"],"picked":"SKIP","floor":7},{"not_picked":["Intimidate","Warcry","Perfected Strike"],"picked":"SKIP","floor":12},{"not_picked":["Feel No Pain","Entrench","Wild Strike"],"picked":"SKIP","floor":14}],"player_experience":141334,"relics_obtained":[{"floor":9,"key":"Ancient Tea Set"},{"floor":14,"key":"Red Skull"}],"event_choices":[{"damage_healed":0,"gold_gain":0,"player_choice":"Take Damage","damage_taken":22,"relics_obtained":["Golden Idol"],"max_hp_gain":0,"max_hp_loss":0,"event_name":"Golden Idol","floor":8,"gold_loss":0},{"damage_healed":0,"gold_gain":0,"player_choice":"Gave Potion","damage_taken":0,"relics_obtained":["MawBank"],"max_hp_gain":0,"max_hp_loss":0,"event_name":"WeMeetAgain","floor":10,"gold_loss":0},{"damage_healed":0,"gold_gain":0,"cards_transformed":["Strike_R"],"player_choice":"Transformed","damage_taken":0,"max_hp_gain":0,"max_hp_loss":0,"event_name":"Transmorgrifier","floor":13,"gold_loss":0,"cards_obtained":["Pommel Strike"]}],"is_beta":false,"boss_relics":[],"items_purged_floors":[3],"is_endless":false,"potions_floor_spawned":[5,7,12],"ascension_level":5}