{"gold_per_floor":[111,111,111,131,131,131,160,160,160,194,194,194,204,5,5,104,104,116,96,96,109,125,125],"floor_reached":23,"playtime":2326,"items_purged":[],"score":229,"play_id":"c285b9cf-450a-4d44-8853-4ef446fbcf6e","local_time":"20190805221327","is_ascension_mode":true,"campfire_choices":[{"data":"Twin Strike","floor":6,"key":"SMITH"},{"floor":8,"key":"REST"},{"floor":11,"key":"REST"},{"data":"Impervious","floor":15,"key":"SMITH"}],"neow_cost":"NONE","seed_source_timestamp":336605785542472,"circlet_count":0,"master_deck":["Strike_R","Strike_R","Strike_R","Strike_R","Defend_R","Defend_R","Defend_R","Defend_R","Bash","Headbutt","Impervious+1","Twin Strike+1","Sever Soul","Body Slam","Exhume","Iron Wave","Anger+1","Inflame+1"],"relics":["Burning Blood","WarpedTongs","Pantograph","Kunai","Ice Cream","Sling","Runic Cube"],"potions_floor_usage":[22,23,23,23],"damage_taken":[{"damage":1,"enemies":"2 Louse","floor":1,"turns":3},{"damage":12,"enemies":"Jaw Worm","floor":4,"turns":3},{"damage":28,"enemies":"3 Sentries","floor":7,"turns":8},{"damage":25,"enemies":"Gremlin Nob","floor":10,"turns":4},{"damage":0,"enemies":"Cultist","floor":13,"turns":2},{"damage":67,"enemies":"The Guardian","floor":16,"turns":12},{"damage":12,"enemies":"Chosen","floor":18,"turns":6},{"damage":26,"enemies":"2 Thieves","floor":19,"turns":4},{"damage":28,"enemies":"Snake Plant","floor":21,"turns":6},{"damage":50,"enemies":"Cultist and Chosen","floor":22,"turns":7},{"damage":29,"enemies":"Slavers","floor":23,"turns":1}],"seed_played":"-7325543539398109971","potions_obtained":[{"floor":1,"key":"Ancient Potion"},{"floor":13,"key":"Explosive Potion"},{"floor":16,"key":"BloodPotion"},{"floor":18,"key":"Explosive Potion"},{"floor":22,"key":"PowerPotion"}],"is_trial":false,"path_per_floor":["M","?","?","M","?","R","E","R","T","E","R","$","M","$","R","B",null,"M","M","?","M","M","E"],"character_chosen":"IRONCLAD","items_purchased":["Sling"],"campfire_rested":2,"item_purchase_floors":[14],"current_hp_per_floor":[88,88,88,82,82,82,60,86,86,67,88,88,88,88,88,27,88,82,62,62,40,18,0],"gold":125,"neow_bonus":"TEN_PERCENT_HP_BONUS","is_prod":false,"is_daily":false,"chose_seed":false,"campfire_upgraded":2,"win_rate":0,"timestamp":1565061207,"path_taken":["M","?","?","?","?","R","E","R","T","E","R","$","M","$","R","BOSS","M","M","?","?","M","E"],"build_version":"2019-07-17","purchased_purges":0,"victory":false,"max_hp_per_floor":[88,88,88,88,88,88,88,88,88,88,88,88,88,88,88,88,88,88,88,88,88,88,88],"card_choices":[{"not_picked":["Burning Pact","Carnage"],"picked":"Headbutt","floor":1},{"not_picked":["Battle Trance","Searing Blow"],"picked":"Twin Strike","floor":4},{"not_picked":["True Grit","Power Through"],"picked":"Sever Soul","floor":7},{"not_picked":["Wild Strike","Shrug It Off"],"picked":"Body Slam","floor":10},{"not_picked":["Flame Barrier","Disarm","Clothesline"],"picked":"SKIP","floor":13},{"not_picked":["Reaper","Fiend Fire"],"picked":"Exhume","floor":16},{"not_picked":["Wild Strike","Clothesline","Evolve"],"picked":"SKIP","floor":18},{"not_picked":["Thunderclap","Searing Blow"],"picked":"Iron Wave","floor":19},{"not_picked":["Seeing Red","Perfected Strike"],"picked":"Anger+1","floor":21},{"not_picked":["Heavy Blade","Armaments"],"picked":"Inflame+1","floor":22}],"player_experience":281789,"relics_obtained":[{"floor":7,"key":"Pantograph"},{"floor":9,"key":"Kunai"},{"floor":10,"key":"Ice Cream"}],"event_choices":[{"damage_healed":0,"gold_gain":0,"cards_transformed":["Strike_R"],"player_choice":"Change","damage_taken":0,"max_hp_gain":0,"max_hp_loss":0,"event_name":"Living Wall","floor":2,"gold_loss":0,"cards_obtained":["Impervious"]},{"damage_healed":0,"gold_gain":0,"player_choice":"Rummage","damage_taken":0,"relics_obtained":["WarpedTongs"],"max_hp_gain":0,"max_hp_loss":0,"event_name":"Accursed Blacksmith","floor":3,"gold_loss":0,"cards_obtained":["Pain"]},{"cards_removed":["Pain"],"damage_healed":0,"gold_gain":0,"player_choice":"Purged","damage_taken":0,"max_hp_gain":0,"max_hp_loss":0,"event_name":"Purifier","floor":5,"gold_loss":0},{"damage_healed":0,"gold_gain":0,"player_choice":"Got Potions","damage_taken":0,"max_hp_gain":0,"max_hp_loss":0,"event_name":"Lab","floor":20,"gold_loss":0}],"is_beta":false,"boss_relics":[{"not_picked":["Sozu","Orrery"],"picked":"Runic Cube"}],"items_purged_floors":[],"is_endless":false,"potions_floor_spawned":[1,13,16,18,19,22],"killed_by":"Slavers","ascension_level":3}