{"gold_per_floor":[112,112,39,39,114,114,114,114,191,222,222,222,253,270,270,369,369,383,383,433,134,154,154,178,178,178,203,251,251,251],"floor_reached":30,"playtime":1525,"items_purged":[],"score":338,"play_id":"67b17016-7b46-4be6-b9bb-2bf01fe21911","local_time":"20190703220359","is_ascension_mode":true,"campfire_choices":[{"floor":6,"key":"REST"},{"data":"Defragment","floor":8,"key":"SMITH"},{"floor":11,"key":"RECALL"},{"data":"Sweeping Beam","floor":15,"key":"SMITH"},{"floor":23,"key":"REST"},{"floor":25,"key":"REST"},{"floor":29,"key":"REST"}],"neow_cost":"NONE","seed_source_timestamp":1346525009128105,"circlet_count":0,"master_deck":["Defend_B","Defend_B","Defend_B","Defend_B","Zap","Dualcast","Conserve Battery","Defragment+1","Redo","Double Energy","Sweeping Beam+1","Beam Cell","Buffer","Darkness+1","Bite","Bite","Bite","Bite","Bite","Rebound+1","FTL"],"relics":["Cracked Core","NeowsBlessing","Whetstone","FossilizedHelix","Lizard Tail","StoneCalendar","Potion Belt","Matryoshka","Bottled Tornado","Oddly Smooth Stone","PreservedInsect"],"potions_floor_usage":[27,27,27],"damage_taken":[{"damage":0,"enemies":"2 Louse","floor":1,"turns":1},{"damage":0,"enemies":"Lagavulin","floor":10,"turns":1},{"damage":0,"enemies":"3 Sentries","floor":13,"turns":1},{"damage":0,"enemies":"Cultist","floor":14,"turns":3},{"damage":36,"enemies":"The Guardian","floor":16,"turns":10},{"damage":32,"enemies":"3 Byrds","floor":18,"turns":6},{"damage":30,"enemies":"Chosen","floor":22,"turns":6},{"damage":54,"enemies":"Slavers","floor":27,"turns":6},{"damage":58,"enemies":"Book of Stabbing","floor":30,"turns":6}],"seed_played":"-7461220593420804561","potions_obtained":[{"floor":10,"key":"Fire Potion"},{"floor":13,"key":"FocusPotion"},{"floor":16,"key":"AttackPotion"},{"floor":27,"key":"Strength Potion"}],"is_trial":false,"path_per_floor":["M","?","$","$","?","R","$","R","T","E","R","?","E","M","R","B",null,"M","?","?","$","M","R","T","R","T","E","T","R","E"],"character_chosen":"DEFECT","items_purchased":["Defragment","StoneCalendar"],"campfire_rested":4,"item_purchase_floors":[3,21],"current_hp_per_floor":[75,75,75,75,64,75,75,75,75,75,75,75,75,75,75,39,75,43,43,43,43,23,38,38,52,52,28,28,43,0],"gold":251,"neow_bonus":"THREE_ENEMY_KILL","is_prod":false,"is_daily":false,"chose_seed":false,"campfire_upgraded":2,"win_rate":0,"timestamp":1562209439,"path_taken":["M","?","?","$","?","R","$","R","T","E","R","?","E","M","R","BOSS","M","?","?","$","?","R","?","R","T","E","?","R","E"],"build_version":"2019-07-01","purchased_purges":0,"victory":false,"max_hp_per_floor":[75,75,75,75,75,75,75,75,75,75,75,75,75,75,75,75,75,75,52,52,52,52,52,52,52,52,52,52,52,52],"card_choices":[{"not_picked":["Capacitor","Storm"],"picked":"Conserve Battery","floor":1},{"not_picked":["Steam","Auto Shields"],"picked":"Redo","floor":10},{"not_picked":["All For One","Cold Snap"],"picked":"Sweeping Beam","floor":13},{"not_picked":["Turbo","Conserve Battery"],"picked":"Beam Cell","floor":14},{"not_picked":["Echo Form","All For One"],"picked":"Buffer","floor":16},{"not_picked":["Rebound","FTL+1"],"picked":"Darkness+1","floor":18},{"not_picked":["Conserve Battery","Hello World"],"picked":"Rebound+1","floor":22},{"not_picked":["Buffer","Aggregate+1"],"picked":"FTL","floor":27}],"player_experience":105094,"relics_obtained":[{"floor":10,"key":"Whetstone"},{"floor":13,"key":"FossilizedHelix"},{"floor":24,"key":"Potion Belt"},{"floor":26,"key":"Matryoshka"},{"floor":27,"key":"Bottled Tornado"},{"floor":28,"key":"Oddly Smooth Stone"},{"floor":28,"key":"PreservedInsect"}],"event_choices":[{"damage_healed":0,"gold_gain":0,"player_choice":"Full Heal","damage_taken":0,"max_hp_gain":0,"max_hp_loss":0,"event_name":"Wheel of Change","floor":2,"gold_loss":0},{"damage_healed":0,"gold_gain":75,"player_choice":"Gather Gold","damage_taken":11,"max_hp_gain":0,"max_hp_loss":0,"event_name":"World of Goop","floor":5,"gold_loss":0},{"damage_healed":0,"gold_gain":0,"cards_transformed":["Strike_B"],"player_choice":"Change","damage_taken":0,"max_hp_gain":0,"max_hp_loss":0,"event_name":"Living Wall","floor":12,"gold_loss":0,"cards_obtained":["Double Energy"]},{"damage_healed":0,"gold_gain":0,"player_choice":"Became a vampire","damage_taken":0,"max_hp_gain":0,"max_hp_loss":23,"event_name":"Vampires","floor":19,"gold_loss":0,"cards_obtained":["Bite","Bite","Bite","Bite","Bite"]},{"damage_healed":0,"gold_gain":100,"player_choice":"Bet on Murderer","damage_taken":0,"max_hp_gain":0,"max_hp_loss":0,"event_name":"The Joust","floor":20,"gold_loss":50}],"is_beta":false,"boss_relics":[{"not_picked":["Eternal Feather","Runic Pyramid"],"picked":"Lizard Tail"}],"items_purged_floors":[],"is_endless":false,"potions_floor_spawned":[10,13,16,22,27],"killed_by":"Book of Stabbing","ascension_level":1}