{"gold_per_floor":[109,68,68,68,143,176,176,193,193,193,223,7,37,56,56,129,129,149,149,149,163,163,163],"floor_reached":23,"playtime":663,"items_purged":[],"score":440,"play_id":"b7a2ed09-1b03-411b-a7f7-70d1f1afcc2a","local_time":"20190804122623","is_ascension_mode":true,"campfire_choices":[{"data":"Bash","floor":7.0,"key":"SMITH"},{"data":"Sword Boomerang","floor":10.0,"key":"SMITH"},{"data":"Cleave","floor":15.0,"key":"SMITH"}],"neow_cost":"NONE","seed_source_timestamp":2427148119100,"circlet_count":0,"master_deck":["AscendersBane","Strike_R","Strike_R","Strike_R","Strike_R","Strike_R","Defend_R","Defend_R","Defend_R","Defend_R","Bash+1","Carnage+1","Pummel","Sword Boomerang+1","Cleave+1","Pummel","Berserk","Decay","Inflame","RitualDagger"],"special_seed":0,"relics":["Burning Blood","NeowsBlessing","Centennial Puzzle","Kunai","Meat on the Bone","HandDrill","Orichalcum","Busted Crown","MutagenicStrength"],"potions_floor_usage":[23,23],"damage_taken":[{"damage":0.0,"enemies":"Jaw Worm","floor":1.0,"turns":1.0},{"damage":0.0,"enemies":"3 Sentries","floor":6.0,"turns":2.0},{"damage":0.0,"enemies":"Small Slimes","floor":8.0,"turns":1.0},{"damage":8.0,"enemies":"Gremlin Nob","floor":13.0,"turns":3.0},{"damage":0.0,"enemies":"2 Louse","floor":14.0,"turns":2.0},{"damage":63.0,"enemies":"Slime Boss","floor":16.0,"turns":11.0},{"damage":15.0,"enemies":"Shell Parasite","floor":18.0,"turns":2.0},{"damage":10.0,"enemies":"2 Thieves","floor":21.0,"turns":2.0},{"damage":47,"enemies":"Slavers","floor":23,"turns":4}],"seed_played":"1479352567467368904","potions_obtained":[{"floor":8.0,"key":"SpeedPotion"},{"floor":13.0,"key":"Swift Potion"},{"floor":21.0,"key":"FearPotion"}],"is_trial":false,"path_per_floor":["M","$","?","?","?","E","R","M","T","R","?","$","E","M","R","B",null,"M","?","?","M","?","E"],"character_chosen":"IRONCLAD","items_purchased":["Pummel","HandDrill"],"campfire_rested":0,"item_purchase_floors":[2,12],"current_hp_per_floor":[74,74,69,69,58,64,64,70,70,70,70,70,68,74,74,29,64,55,55,55,51,45,0],"gold":163,"neow_bonus":"THREE_ENEMY_KILL","is_prod":false,"is_daily":false,"chose_seed":false,"campfire_upgraded":3,"win_rate":0,"timestamp":1564943183,"path_taken":["M","$","?","?","?","E","R","M","T","R","?","?","E","M","R","BOSS","M","?","?","M","?","E"],"build_version":"2019-07-18","purchased_purges":0,"victory":false,"max_hp_per_floor":[75,75,75,75,75,75,75,75,75,75,75,75,75,75,75,75,75,75,75,75,75,75,75],"card_choices":[{"not_picked":["Clash","Havoc"],"picked":"Carnage","floor":1.0},{"not_picked":["Rage","Havoc"],"picked":"Sword Boomerang","floor":6.0},{"not_picked":["Feel No Pain","Thunderclap","Corruption"],"picked":"SKIP","floor":8.0},{"not_picked":["Headbutt","Entrench"],"picked":"Cleave","floor":13.0},{"not_picked":["Anger","Iron Wave"],"picked":"Pummel","floor":14.0},{"not_picked":["Exhume","Fiend Fire"],"picked":"Berserk","floor":16.0},{"not_picked":["Headbutt"],"picked":"SKIP","floor":18.0},{"not_picked":[],"picked":"Inflame","floor":21.0}],"player_experience":831672,"relics_obtained":[{"floor":6.0,"key":"Kunai"},{"floor":9.0,"key":"Meat on the Bone"},{"floor":13.0,"key":"Orichalcum"}],"event_choices":[{"damage_healed":0.0,"max_hp_gain":0.0,"max_hp_loss":0.0,"gold_gain":0.0,"event_name":"Scrap Ooze","player_choice":"Success","floor":3.0,"gold_loss":0.0,"damage_taken":5.0,"relics_obtained":["Centennial Puzzle"]},{"damage_healed":0.0,"max_hp_gain":0.0,"max_hp_loss":0.0,"gold_gain":0.0,"event_name":"Living Wall","player_choice":"Grow","floor":4.0,"gold_loss":0.0,"damage_taken":0.0,"cards_upgraded":["Carnage"]},{"damage_healed":0.0,"max_hp_gain":0.0,"max_hp_loss":0.0,"gold_gain":75.0,"event_name":"World of Goop","player_choice":"Gather Gold","floor":5.0,"gold_loss":0.0,"damage_taken":11.0},{"damage_healed":0.0,"max_hp_gain":0.0,"max_hp_loss":0.0,"gold_gain":30.0,"event_name":"Dead Adventurer","player_choice":"Searched \u00271\u0027 times","floor":11.0,"gold_loss":0.0,"damage_taken":0.0},{"damage_healed":0.0,"max_hp_gain":0.0,"max_hp_loss":0.0,"gold_gain":0.0,"event_name":"Forgotten Altar","player_choice":"Smashed Altar","floor":19.0,"gold_loss":0.0,"damage_taken":0.0,"cards_obtained":["Decay"]},{"damage_healed":0.0,"max_hp_gain":0.0,"max_hp_loss":0.0,"gold_gain":0.0,"event_name":"Drug Dealer","player_choice":"Inject Mutagens","floor":20.0,"gold_loss":0.0,"damage_taken":0.0,"relics_obtained":["MutagenicStrength"]},{"damage_healed":0.0,"max_hp_gain":0.0,"max_hp_loss":0.0,"gold_gain":0.0,"event_name":"Nest","player_choice":"Joined the Cult","floor":22.0,"gold_loss":0.0,"damage_taken":6.0,"cards_obtained":["RitualDagger"]}],"is_beta":true,"boss_relics":[{"not_picked":["Empty Cage","Ectoplasm"],"picked":"Busted Crown"}],"items_purged_floors":[],"is_endless":false,"potions_floor_spawned":[8,13,21],"killed_by":"Slavers","ascension_level":20}