{"gold_per_floor":[212,287,138,138,149,149,181,244,313,313,313,313,332,607,607,709,709,725,304,323,353,353,353,372,372,372,372,372,392,792,342,342,441,441,452,552,135,135,146,146,146,165,165,197,48,59,59,59,59,59,59,59,35,64,64],"floor_reached":55,"playtime":5232,"items_purged":["Regret"],"score":803,"play_id":"203efd19-bf39-42aa-b9cb-cbd4e81ed4b9","local_time":"20190716234309","is_ascension_mode":true,"campfire_choices":[{"floor":6,"key":"REST"},{"floor":10,"key":"REST"},{"floor":12,"key":"REST"},{"data":"1","floor":15,"key":"LIFT"},{"floor":23,"key":"REST"},{"data":"2","floor":25,"key":"LIFT"},{"floor":32,"key":"REST"},{"floor":40,"key":"REST"},{"data":"3","floor":47,"key":"LIFT"},{"floor":49,"key":"RECALL"},{"data":"Darkness","floor":52,"key":"SMITH"}],"neow_cost":"NONE","seed_source_timestamp":426265764342840,"circlet_count":0,"master_deck":["Strike_B","Strike_B","Strike_B","Defend_B","Defend_B","Defend_B","Defend_B","Zap","Dualcast","Loop+1","Darkness+1","Doom and Gloom+1","Lockon+1","Steam","Buffer+1","Self Repair+1","Dramatic Entrance+1","Ball Lightning+1","Compile Driver+1","Beam Cell+1","RitualDagger+1","Beam Cell+1","FTL+1","Biased Cognition+1","Barrage+1","Loop+1","Beam Cell+1","Compile Driver+1","Compile Driver+1","Conserve Battery","Auto Shields"],"relics":["Cracked Core","Lantern","Molten Egg 2","Girya","Frozen Egg 2","Philosopher\u0027s Stone","Darkstone Periapt","Red Mask","Bird Faced Urn","Pantograph","Old Coin","Matryoshka","Mummified Hand","Strange Spoon","Busted Crown","Calipers","Membership Card","Strawberry","Thread and Needle","Bag of Preparation","Smiling Mask","Emotion Chip","Pear"],"potions_floor_usage":[16,16,21,30,33,33,44,50,54,54],"damage_taken":[{"damage":10,"enemies":"Small Slimes","floor":1,"turns":4},{"damage":2,"enemies":"Jaw Worm","floor":5,"turns":4},{"damage":30,"enemies":"3 Sentries","floor":7,"turns":8},{"damage":28,"enemies":"Lagavulin Event","floor":8,"turns":4},{"damage":6,"enemies":"Cultist","floor":13,"turns":3},{"damage":31,"enemies":"Hexaghost","floor":16,"turns":8},{"damage":7,"enemies":"Shell Parasite","floor":18,"turns":4},{"damage":24,"enemies":"Spheric Guardian","floor":20,"turns":4},{"damage":19,"enemies":"Masked Bandits","floor":21,"turns":4},{"damage":18,"enemies":"Centurion and Healer","floor":24,"turns":5},{"damage":11,"enemies":"3 Cultists","floor":29,"turns":4},{"damage":16,"enemies":"Colosseum Slavers","floor":30,"turns":4},{"damage":20,"enemies":"Colosseum Nobs","floor":30,"turns":3},{"damage":63,"enemies":"Automaton","floor":33,"turns":7},{"damage":13,"enemies":"3 Darklings","floor":35,"turns":3},{"damage":41,"enemies":"Mind Bloom Boss Battle","floor":36,"turns":4},{"damage":16,"enemies":"3 Shapes","floor":39,"turns":3},{"damage":9,"enemies":"Maw","floor":42,"turns":6},{"damage":3,"enemies":"Giant Head","floor":44,"turns":6},{"damage":0,"enemies":"Transient","floor":46,"turns":5},{"damage":75,"enemies":"Time Eater","floor":50,"turns":6},{"damage":43,"enemies":"Shield and Spear","floor":54,"turns":5},{"damage":109,"enemies":"The Heart","floor":55,"turns":3}],"seed_played":"-6824232135805763466","potions_obtained":[{"floor":5,"key":"PowerPotion"},{"floor":7,"key":"EssenceOfSteel"},{"floor":8,"key":"Energy Potion"},{"floor":16,"key":"Strength Potion"},{"floor":18,"key":"EssenceOfSteel"},{"floor":24,"key":"Poison Potion"},{"floor":29,"key":"Fire Potion"},{"floor":33,"key":"Explosive Potion"},{"floor":39,"key":"EssenceOfSteel"},{"floor":42,"key":"Regen Potion"},{"floor":44,"key":"FocusPotion"}],"is_trial":false,"path_per_floor":["M","?","$","?","M","R","E","?","T","R","?","R","M","?","R","B",null,"M","$","M","?","?","R","M","R","T","?","?","M","?","$","R","B",null,"M","?","$","?","M","R","?","M","T","E","$","M","R","$","R","B",null,"R","$","E","B"],"character_chosen":"DEFECT","items_purchased":["Lantern","Dramatic Entrance+1","Darkstone Periapt","Mummified Hand","Strange Spoon","Membership Card","Strawberry","Thread and Needle","Emotion Chip","Conserve Battery"],"campfire_rested":6,"item_purchase_floors":[3,19,19,31,31,37,37,37,45,53],"current_hp_per_floor":[65,54,54,54,52,74,44,16,16,38,38,60,54,54,54,23,75,68,68,54,45,45,67,65,65,65,59,59,64,54,54,75,14,75,74,52,59,59,45,69,69,80,80,82,82,82,82,82,82,31,82,82,82,65,0],"gold":64,"neow_bonus":"HUNDRED_GOLD","is_prod":false,"is_daily":false,"chose_seed":false,"campfire_upgraded":1,"win_rate":0,"timestamp":1563338589,"path_taken":["M","?","$","?","M","R","E","?","T","R","?","R","M","?","R","BOSS","M","?","M","?","?","R","?","R","T","?","?","?","?","$","R","BOSS","M","?","$","?","M","R","?","?","T","E","$","M","R","?","R","BOSS","R","$","E","BOSS"],"build_version":"2019-07-05","purchased_purges":1,"victory":false,"max_hp_per_floor":[75,75,75,75,75,75,75,75,75,75,75,75,75,75,75,75,75,75,75,75,75,75,75,75,75,75,75,75,75,75,75,75,75,75,75,75,82,82,82,82,82,82,82,82,82,82,82,82,82,82,82,82,82,92,92],"card_choices":[{"not_picked":["Leap","Rebound"],"picked":"Loop","floor":1},{"not_picked":["Stack","Streamline"],"picked":"Darkness","floor":5},{"not_picked":["Steam Power","Stack"],"picked":"Doom and Gloom","floor":7},{"not_picked":["Loop","Force Field"],"picked":"Lockon+1","floor":8},{"not_picked":["Hologram","Stack"],"picked":"Steam","floor":13},{"not_picked":["Electrodynamics+1","Echo Form+1"],"picked":"Buffer+1","floor":16},{"not_picked":["Loop+1","Barrage+1"],"picked":"Self Repair+1","floor":18},{"not_picked":["Tempest+1","Loop+1"],"picked":"Ball Lightning+1","floor":20},{"not_picked":["Heatsinks+1","Streamline+1"],"picked":"Compile Driver+1","floor":21},{"not_picked":["White Noise","Hello World+1"],"picked":"Beam Cell+1","floor":24},{"not_picked":["Stack","Cold Snap+1"],"picked":"Beam Cell+1","floor":29},{"not_picked":["Loop+1","Stack"],"picked":"FTL+1","floor":30},{"not_picked":["All For One+1","Amplify"],"picked":"Biased Cognition+1","floor":33},{"not_picked":[],"picked":"Barrage+1","floor":35},{"not_picked":[],"picked":"Loop+1","floor":39},{"not_picked":[],"picked":"Beam Cell+1","floor":42},{"not_picked":[],"picked":"Compile Driver+1","floor":44},{"not_picked":[],"picked":"Compile Driver+1","floor":46},{"not_picked":[],"picked":"Auto Shields","floor":54}],"player_experience":162211,"relics_obtained":[{"floor":7,"key":"Molten Egg 2"},{"floor":8,"key":"Girya"},{"floor":9,"key":"Frozen Egg 2"},{"floor":21,"key":"Red Mask"},{"floor":26,"key":"Pantograph"},{"floor":30,"key":"Old Coin"},{"floor":30,"key":"Matryoshka"},{"floor":36,"key":"Calipers"},{"floor":43,"key":"Bag of Preparation"},{"floor":44,"key":"Smiling Mask"},{"floor":54,"key":"Pear"}],"event_choices":[{"damage_healed":0,"gold_gain":75,"player_choice":"Gather Gold","damage_taken":11,"max_hp_gain":0,"max_hp_loss":0,"event_name":"World of Goop","floor":2,"gold_loss":0},{"damage_healed":0,"gold_gain":0,"player_choice":"Ignored","damage_taken":0,"max_hp_gain":0,"max_hp_loss":0,"event_name":"Shining Light","floor":4,"gold_loss":0},{"damage_healed":0,"gold_gain":0,"player_choice":"Searched \u00271\u0027 times","damage_taken":0,"max_hp_gain":0,"max_hp_loss":0,"event_name":"Dead Adventurer","floor":8,"gold_loss":0},{"damage_healed":0,"gold_gain":0,"player_choice":"Grow","damage_taken":0,"max_hp_gain":0,"max_hp_loss":0,"event_name":"Living Wall","floor":11,"gold_loss":0,"cards_upgraded":["Loop"]},{"damage_healed":0,"gold_gain":275,"player_choice":"Desecrate","damage_taken":0,"max_hp_gain":0,"max_hp_loss":0,"event_name":"Golden Shrine","floor":14,"gold_loss":0,"cards_obtained":["Regret"]},{"damage_healed":0,"gold_gain":0,"player_choice":"Fought Bandits","damage_taken":0,"max_hp_gain":0,"max_hp_loss":0,"event_name":"Masked Bandits","floor":21,"gold_loss":0},{"damage_healed":0,"gold_gain":0,"player_choice":"Opened","damage_taken":0,"relics_obtained":["Bird Faced Urn"],"max_hp_gain":0,"max_hp_loss":0,"event_name":"The Mausoleum","floor":22,"gold_loss":0},{"damage_healed":0,"gold_gain":0,"player_choice":"Joined the Cult","damage_taken":6,"max_hp_gain":0,"max_hp_loss":0,"event_name":"Nest","floor":27,"gold_loss":0,"cards_obtained":["RitualDagger"]},{"damage_healed":0,"gold_gain":0,"cards_transformed":["Strike_B"],"player_choice":"Transformed","damage_taken":0,"max_hp_gain":0,"max_hp_loss":0,"event_name":"Transmorgrifier","floor":28,"gold_loss":0,"cards_obtained":["Static Discharge"]},{"damage_healed":0,"gold_gain":0,"player_choice":"Fight","damage_taken":0,"max_hp_gain":0,"max_hp_loss":0,"event_name":"Colosseum","floor":30,"gold_loss":0},{"damage_healed":0,"gold_gain":0,"player_choice":"Fought Nobs","damage_taken":0,"max_hp_gain":0,"max_hp_loss":0,"event_name":"Colosseum","floor":30,"gold_loss":0},{"damage_healed":0,"gold_gain":0,"player_choice":"Fight","damage_taken":0,"max_hp_gain":0,"max_hp_loss":0,"event_name":"MindBloom","floor":36,"gold_loss":0},{"damage_healed":0,"gold_gain":0,"player_choice":"Ignored","damage_taken":0,"max_hp_gain":0,"max_hp_loss":0,"event_name":"Tomb of Lord Red Mask","floor":38,"gold_loss":0},{"cards_removed":["Static Discharge"],"damage_healed":0,"gold_gain":0,"player_choice":"Removed Power","damage_taken":0,"max_hp_gain":0,"max_hp_loss":0,"event_name":"Falling","floor":41,"gold_loss":0}],"is_beta":false,"boss_relics":[{"not_picked":["Sozu","Runic Dome"],"picked":"Philosopher\u0027s Stone"},{"not_picked":["Tiny House","Snecko Eye"],"picked":"Busted Crown"}],"items_purged_floors":[19],"is_endless":false,"potions_floor_spawned":[5,7,8,16,18,24,29,30,33,39,42,44],"killed_by":"The Heart","ascension_level":2}