{"gold_per_floor":[113,131,62,12,12,12,341,341,409,424,424,437,437,454,454,555,555,572,150,176,101,113,113,133,133,133,133,133,33,64,76,76,176,176,186,186,186,199,217,217,249,249,249,260,260,279,294,311,311,311],"floor_reached":51,"playtime":3317,"items_purged":["Strike_B","Strike_B"],"score":722,"play_id":"402d85aa-79fb-4de8-9ae3-84ff5ee0aef5","local_time":"20190831134859","is_ascension_mode":false,"campfire_choices":[{"data":"Static Discharge","floor":6,"key":"SMITH"},{"data":"Zap","floor":11,"key":"SMITH"},{"data":"Chill","floor":13,"key":"SMITH"},{"data":"Leap","floor":15,"key":"SMITH"},{"floor":23,"key":"REST"},{"data":"Consume","floor":25,"key":"SMITH"},{"data":"Coolheaded","floor":27,"key":"SMITH"},{"data":"Hologram","floor":32,"key":"SMITH"},{"data":"Coolheaded","floor":40,"key":"SMITH"},{"data":"Reboot","floor":42,"key":"SMITH"},{"data":"Steam","floor":45,"key":"SMITH"},{"data":"Dualcast","floor":49,"key":"SMITH"}],"neow_cost":"NONE","seed_source_timestamp":1518435281871311,"circlet_count":0,"master_deck":["Defend_B","Defend_B","Zap+1","Dualcast+1","Genetic Algorithm","Chill+1","Static Discharge+1","Coolheaded+1","Leap+1","Consume+1","Reboot+1","Buffer+1","Steam+1","Capacitor+1","Self Repair+1","Hologram+1","Coolheaded+1","FTL","Electrodynamics+1","Rip and Tear"],"relics":["Cracked Core","Old Coin","Frozen Egg 2","Kunai","Inserter","Torii","Anchor","Incense Burner","Smiling Mask","Empty Cage","Omamori","Strawberry"],"potions_floor_usage":[22],"damage_taken":[{"damage":1,"enemies":"Cultist","floor":1,"turns":3},{"damage":0,"enemies":"2 Louse","floor":2,"turns":3},{"damage":24,"enemies":"3 Sentries","floor":7,"turns":7},{"damage":4,"enemies":"Jaw Worm","floor":10,"turns":2},{"damage":0,"enemies":"Blue Slaver","floor":12,"turns":4},{"damage":3,"enemies":"Lots of Slimes","floor":14,"turns":5},{"damage":16,"enemies":"Hexaghost","floor":16,"turns":11},{"damage":3,"enemies":"Chosen","floor":18,"turns":8},{"damage":11,"enemies":"2 Thieves","floor":21,"turns":5},{"damage":45,"enemies":"3 Cultists","floor":22,"turns":7},{"damage":0,"enemies":"Shelled Parasite and Fungi","floor":24,"turns":10},{"damage":0,"enemies":"Book of Stabbing","floor":30,"turns":9},{"damage":0,"enemies":"Snake Plant","floor":31,"turns":7},{"damage":28,"enemies":"Automaton","floor":33,"turns":17},{"damage":8,"enemies":"Orb Walker","floor":35,"turns":5},{"damage":0,"enemies":"3 Shapes","floor":38,"turns":6},{"damage":1,"enemies":"Maw","floor":39,"turns":9},{"damage":1,"enemies":"Nemesis","floor":41,"turns":9},{"damage":0,"enemies":"Jaw Worm Horde","floor":44,"turns":6},{"damage":20,"enemies":"Sphere and 2 Shapes","floor":46,"turns":7},{"damage":0,"enemies":"Writhing Mass","floor":47,"turns":8},{"damage":1,"enemies":"4 Shapes","floor":48,"turns":3},{"damage":7,"enemies":"Time Eater","floor":50,"turns":15}],"seed_played":"-1962082368606422046","potions_obtained":[{"floor":10,"key":"Weak Potion"},{"floor":22,"key":"SpeedPotion"},{"floor":30,"key":"EssenceOfSteel"},{"floor":31,"key":"Weak Potion"},{"floor":46,"key":"Regen Potion"}],"is_trial":false,"path_per_floor":["M","M","$","?","$","R","E","T","T","M","R","M","R","M","R","B",null,"M","$","T","M","M","R","M","R","T","R","?","$","E","M","R","B",null,"M","$","?","M","M","R","E","R","T","M","R","M","M","M","R","B",null],"character_chosen":"DEFECT","items_purchased":["Static Discharge","Steam","Torii"],"campfire_rested":1,"item_purchase_floors":[3,19,19],"current_hp_per_floor":[81,81,81,81,81,81,57,57,57,53,53,53,53,50,50,34,82,79,79,79,68,23,47,57,57,57,57,41,41,51,61,61,43,87,87,87,87,87,87,87,87,87,94,94,94,84,94,94,94,94],"gold":311,"neow_bonus":"TEN_PERCENT_HP_BONUS","is_prod":false,"is_daily":false,"chose_seed":false,"campfire_upgraded":11,"win_rate":0.0,"timestamp":1567252139,"path_taken":["M","M","?","?","?","R","E","?","T","M","R","M","R","M","R","BOSS","M","$","?","M","M","R","M","R","T","R","?","$","E","M","R","BOSS","M","$","?","?","M","R","E","R","T","M","R","M","?","M","R","BOSS"],"build_version":"2019-07-17","purchased_purges":2,"victory":true,"max_hp_per_floor":[82,82,82,82,82,82,82,82,82,82,82,82,82,82,82,82,82,82,82,82,82,82,82,82,82,82,82,87,87,87,87,87,87,87,87,87,87,87,87,87,87,87,94,94,94,94,94,94,94,94],"card_choices":[{"not_picked":["Sweeping Beam","Cold Snap"],"picked":"Genetic Algorithm","floor":1},{"not_picked":["Cold Snap","Aggregate"],"picked":"Chill","floor":2},{"not_picked":["Force Field","Capacitor"],"picked":"Coolheaded","floor":7},{"not_picked":["Go for the Eyes","Streamline"],"picked":"Leap","floor":10},{"not_picked":["Cold Snap","Undo"],"picked":"Consume","floor":12},{"not_picked":["Beam Cell","Gash"],"picked":"Reboot","floor":14},{"not_picked":["Thunder Strike","Creative AI+1"],"picked":"Buffer+1","floor":16},{"not_picked":["Stack","Hologram","Rebound"],"picked":"SKIP","floor":18},{"not_picked":["Hello World+1","Steam"],"picked":"Capacitor+1","floor":21},{"not_picked":["Beam Cell","Barrage+1"],"picked":"Self Repair+1","floor":22},{"not_picked":["Rebound","Conserve Battery+1"],"picked":"Hologram","floor":24},{"not_picked":["Genetic Algorithm","Meteor Strike"],"picked":"Coolheaded","floor":30},{"not_picked":["Coolheaded","Chill"],"picked":"FTL","floor":31},{"not_picked":["All For One","Thunder Strike"],"picked":"Electrodynamics+1","floor":33},{"not_picked":["Steam","Go for the Eyes","Stack+1"],"picked":"SKIP","floor":35},{"not_picked":["Melter+1","Beam Cell+1","Conserve Battery+1"],"picked":"SKIP","floor":38},{"not_picked":["Storm+1","Cold Snap+1","Streamline"],"picked":"SKIP","floor":39},{"not_picked":["Meteor Strike","Cold Snap","Hologram"],"picked":"SKIP","floor":41},{"not_picked":["Rebound","Turbo+1","Go for the Eyes"],"picked":"SKIP","floor":44},{"not_picked":["Rebound+1","Doom and Gloom","Ball Lightning+1"],"picked":"SKIP","floor":46},{"not_picked":["Beam Cell","Streamline","Barrage+1"],"picked":"SKIP","floor":47},{"not_picked":["Storm+1","Compile Driver","Lockon"],"picked":"SKIP","floor":48}],"player_experience":96930,"relics_obtained":[{"floor":7,"key":"Old Coin"},{"floor":8,"key":"Frozen Egg 2"},{"floor":9,"key":"Kunai"},{"floor":20,"key":"Anchor"},{"floor":26,"key":"Incense Burner"},{"floor":30,"key":"Smiling Mask"},{"floor":41,"key":"Omamori"},{"floor":43,"key":"Strawberry"}],"event_choices":[{"cards_removed":["Strike_B"],"damage_healed":0,"gold_gain":0,"player_choice":"Card Removal","damage_taken":0,"max_hp_gain":0,"max_hp_loss":0,"event_name":"The Cleric","floor":4,"gold_loss":50},{"damage_healed":0,"gold_gain":0,"player_choice":"Shed Blood","damage_taken":21,"max_hp_gain":5,"max_hp_loss":0,"event_name":"Forgotten Altar","floor":28,"gold_loss":0},{"damage_healed":0,"gold_gain":0,"cards_transformed":["Defend_B"],"player_choice":"Transformed","damage_taken":0,"max_hp_gain":0,"max_hp_loss":0,"event_name":"Transmorgrifier","floor":37,"gold_loss":0,"cards_obtained":["Rip and Tear"]}],"is_beta":false,"boss_relics":[{"not_picked":["Ectoplasm","Busted Crown"],"picked":"Inserter"},{"not_picked":["Black Star","Runic Pyramid"],"picked":"Empty Cage"}],"items_purged_floors":[19,29],"is_endless":false,"potions_floor_spawned":[10,22,30,31,33,35,46,48],"ascension_level":0}