{"gold_per_floor":[109,184,184,202,88,121,121,142,142,156,156,33,33,8,8,139,139,162,37,62,62,75,114,114,114,138,153,153,178,178,178,178,178],"floor_reached":33,"playtime":2767,"items_purged":["Strike_G","Strike_G","Strike_G"],"score":263,"play_id":"318f68f1-8d77-4a86-9d7e-5a809dfa3f4c","local_time":"20190827150649","is_ascension_mode":false,"campfire_choices":[{"floor":7,"key":"REST"},{"data":"Phantasmal Killer","floor":11,"key":"SMITH"},{"data":"Neutralize","floor":13,"key":"SMITH"},{"data":"Dodge and Roll","floor":15,"key":"SMITH"},{"floor":25,"key":"REST"},{"data":"Malaise","floor":30,"key":"SMITH"},{"data":"Tactician","floor":32,"key":"SMITH"}],"neow_cost":"NONE","seed_source_timestamp":1178072992311602,"circlet_count":0,"master_deck":["Strike_G","Defend_G","Defend_G","Defend_G","Defend_G","Defend_G","Survivor","Neutralize+1","Phantasmal Killer+1","Dagger Spray","Dash","Noxious Fumes","Skewer","Cloak And Dagger","Tactician+1","Acrobatics","Dodge and Roll+1","Glass Knife","Underhanded Strike+1","Prepared+1","Tools of the Trade","Malaise+1","Backstab","Flying Knee","Dagger Throw"],"relics":["Ring of the Snake","Bloody Idol","FossilizedHelix","Pocketwatch","Lizard Tail","Enchiridion","Dream Catcher","Bag of Marbles"],"potions_floor_usage":[],"damage_taken":[{"damage":0,"enemies":"Small Slimes","floor":1,"turns":5},{"damage":0,"enemies":"Jaw Worm","floor":4,"turns":3},{"damage":26,"enemies":"Gremlin Nob","floor":6,"turns":6},{"damage":0,"enemies":"Cultist","floor":8,"turns":3},{"damage":0,"enemies":"2 Fungi Beasts","floor":10,"turns":4},{"damage":14,"enemies":"Hexaghost","floor":16,"turns":12},{"damage":7,"enemies":"Chosen","floor":18,"turns":5},{"damage":10,"enemies":"3 Byrds","floor":20,"turns":5},{"damage":0,"enemies":"Centurion and Healer","floor":22,"turns":7},{"damage":44,"enemies":"Gremlin Leader","floor":23,"turns":13},{"damage":8,"enemies":"Snake Plant","floor":27,"turns":5},{"damage":0,"enemies":"3 Cultists","floor":29,"turns":5},{"damage":49,"enemies":"Collector","floor":33,"turns":10}],"seed_played":"28358057501661420","potions_obtained":[{"floor":4,"key":"FearPotion"},{"floor":6,"key":"Fire Potion"}],"is_trial":false,"path_per_floor":["M","?","?","M","$","E","R","M","T","M","R","$","R","$","R","B",null,"M","$","M","?","M","E","?","R","T","M","?","M","R","?","R","B"],"character_chosen":"THE_SILENT","items_purchased":["Noxious Fumes","Acrobatics","Dodge and Roll"],"campfire_rested":2,"item_purchase_floors":[5,12,14],"current_hp_per_floor":[70,59,42,42,42,16,37,37,37,37,37,37,37,37,37,23,70,63,63,53,37,37,35,35,56,56,48,48,48,48,48,48,0],"gold":178,"neow_bonus":"ONE_RANDOM_RARE_CARD","is_prod":false,"is_daily":false,"chose_seed":false,"campfire_upgraded":5,"win_rate":0.0,"timestamp":1566911209,"path_taken":["M","?","?","M","$","E","R","M","T","M","R","$","R","$","R","BOSS","M","$","M","?","M","E","?","R","T","M","?","M","R","?","R","BOSS"],"build_version":"2019-07-17","purchased_purges":3,"victory":false,"max_hp_per_floor":[70,70,70,70,70,70,70,70,70,70,70,70,70,70,70,70,70,70,70,70,70,70,70,70,70,70,70,70,70,70,70,70,70],"card_choices":[{"not_picked":["Slice","Deflect"],"picked":"Dagger Spray","floor":1},{"not_picked":["Slice","Tactician"],"picked":"Dash","floor":4},{"not_picked":["Wraith Form v2","Catalyst"],"picked":"Skewer","floor":6},{"not_picked":["Expertise","Riddle With Holes"],"picked":"Cloak And Dagger","floor":8},{"not_picked":["Poisoned Stab","Eviscerate"],"picked":"Tactician","floor":10},{"not_picked":["Unload","Storm of Steel"],"picked":"Glass Knife","floor":16},{"not_picked":["Blade Dance","Dash"],"picked":"Underhanded Strike+1","floor":18},{"not_picked":["Underhanded Strike","Deflect+1"],"picked":"Prepared+1","floor":20},{"not_picked":["Poisoned Stab","Outmaneuver"],"picked":"Tools of the Trade","floor":22},{"not_picked":["Noxious Fumes","Escape Plan"],"picked":"Malaise","floor":23},{"not_picked":["Sucker Punch","Flying Knee+1"],"picked":"Backstab","floor":25},{"not_picked":["Cloak And Dagger+1","Heel Hook"],"picked":"Flying Knee","floor":27},{"not_picked":["Calculated Gamble","Slice"],"picked":"Dagger Throw","floor":29}],"player_experience":37202,"relics_obtained":[{"floor":6,"key":"FossilizedHelix"},{"floor":9,"key":"Pocketwatch"},{"floor":21,"key":"Enchiridion"},{"floor":23,"key":"Dream Catcher"},{"floor":26,"key":"Bag of Marbles"}],"event_choices":[{"damage_healed":0,"gold_gain":75,"player_choice":"Gather Gold","damage_taken":11,"max_hp_gain":0,"max_hp_loss":0,"event_name":"World of Goop","floor":2,"gold_loss":0},{"damage_healed":0,"gold_gain":0,"player_choice":"Take Damage","damage_taken":17,"relics_obtained":["Golden Idol"],"max_hp_gain":0,"max_hp_loss":0,"event_name":"Golden Idol","floor":3,"gold_loss":0},{"damage_healed":0,"gold_gain":0,"player_choice":"Obtained Book","damage_taken":16,"max_hp_gain":0,"max_hp_loss":0,"event_name":"Cursed Tome","floor":21,"gold_loss":0},{"damage_healed":0,"gold_gain":0,"player_choice":"Ignored","damage_taken":0,"max_hp_gain":0,"max_hp_loss":0,"event_name":"The Mausoleum","floor":24,"gold_loss":0},{"cards_removed":["Strike_G"],"damage_healed":0,"gold_gain":0,"player_choice":"Elegance","damage_taken":0,"max_hp_gain":0,"max_hp_loss":0,"event_name":"Back to Basics","floor":28,"gold_loss":0},{"damage_healed":0,"gold_gain":0,"player_choice":"Gave Idol","damage_taken":0,"relics_obtained":["Bloody Idol"],"max_hp_gain":0,"max_hp_loss":0,"event_name":"Forgotten Altar","floor":31,"relics_lost":["Golden Idol"],"gold_loss":0}],"is_beta":false,"boss_relics":[{"not_picked":["Calling Bell","Runic Pyramid"],"picked":"Lizard Tail"}],"items_purged_floors":[5,12,19],"is_endless":false,"potions_floor_spawned":[4,6,16,23],"killed_by":"Collector","ascension_level":0}