{"gold_per_floor":[111,131,131,131,146,159,193,26,26,58,58,74,87,106,106,211,211,230,249,264,264,14,40,17,17],"floor_reached":25,"playtime":4586,"items_purged":["Strike_R"],"score":272,"play_id":"b36aeab8-5afc-40a8-9eea-ec39e3d128d0","local_time":"20190821122503","is_ascension_mode":true,"campfire_choices":[{"floor":11,"key":"RECALL"},{"floor":15,"key":"REST"}],"neow_cost":"PERCENT_DAMAGE","seed_source_timestamp":1034252197142600,"circlet_count":0,"master_deck":["Strike_R","Strike_R","Strike_R","Defend_R","Defend_R","Defend_R","Bash","Pommel Strike","Twin Strike","Heavy Blade","Perfected Strike","Juggernaut","Enlightenment","Armaments","Shrug It Off","Warcry","Cleave","Dual Wield","Clash","Demon Form","Sword Boomerang+1","Intimidate+1","Fire Breathing","Shrug It Off","Impatience","Feel No Pain","Warcry"],"relics":["Burning Blood","Mummified Hand","Oddly Smooth Stone","Busted Crown","Mercury Hourglass","Centennial Puzzle"],"potions_floor_usage":[7,7,13,14,14,16,16,25],"damage_taken":[{"damage":0,"enemies":"2 Louse","floor":1,"turns":4},{"damage":1,"enemies":"Cultist","floor":2,"turns":3},{"damage":1,"enemies":"Jaw Worm","floor":5,"turns":3},{"damage":7,"enemies":"3 Louse","floor":6,"turns":3},{"damage":26,"enemies":"3 Sentries","floor":7,"turns":5},{"damage":35,"enemies":"Gremlin Nob","floor":10,"turns":5},{"damage":13,"enemies":"2 Fungi Beasts","floor":12,"turns":3},{"damage":4,"enemies":"Large Slime","floor":13,"turns":5},{"damage":0,"enemies":"3 Louse","floor":14,"turns":4},{"damage":55,"enemies":"Hexaghost","floor":16,"turns":9},{"damage":17,"enemies":"Shell Parasite","floor":18,"turns":4},{"damage":24,"enemies":"2 Thieves","floor":19,"turns":3},{"damage":24,"enemies":"Shelled Parasite and Fungi","floor":20,"turns":5},{"damage":44,"enemies":"Slavers","floor":23,"turns":5},{"damage":13,"enemies":"Snake Plant","floor":25,"turns":3}],"seed_played":"-7357148400901966222","potions_obtained":[{"floor":1,"key":"PowerPotion"},{"floor":2,"key":"Regen Potion"},{"floor":12,"key":"EntropicBrew"},{"floor":14,"key":"SteroidPotion"},{"floor":23,"key":"EssenceOfSteel"}],"is_trial":false,"path_per_floor":["M","M","?","?","M","M","E","$","T","E","R","M","M","M","R","B",null,"M","M","M","?","$","E","$","M"],"character_chosen":"IRONCLAD","items_purchased":["Enlightenment","Armaments","Shrug It Off","Fire Breathing","Shrug It Off","Impatience","Warcry"],"campfire_rested":1,"item_purchase_floors":[8,8,8,22,22,22,24],"current_hp_per_floor":[78,83,76,76,81,80,74,74,74,45,45,38,40,46,74,25,96,85,67,49,49,49,11,11,0],"gold":17,"neow_bonus":"TWENTY_PERCENT_HP_BONUS","is_prod":false,"is_daily":false,"chose_seed":false,"campfire_upgraded":0,"win_rate":0,"timestamp":1566361503,"path_taken":["M","M","?","?","M","M","E","$","T","E","R","?","M","M","R","BOSS","M","M","M","?","$","E","$","M"],"build_version":"2019-07-17","purchased_purges":1,"victory":false,"max_hp_per_floor":[96,96,96,96,96,96,96,96,96,96,96,96,96,96,96,96,96,96,96,96,96,96,96,96,96],"card_choices":[{"not_picked":["Battle Trance","Shockwave"],"picked":"Pommel Strike","floor":1},{"not_picked":["Headbutt","Hemokinesis"],"picked":"Twin Strike","floor":2},{"not_picked":["Pommel Strike","Twin Strike"],"picked":"Heavy Blade","floor":5},{"not_picked":["Twin Strike","Second Wind"],"picked":"Perfected Strike","floor":6},{"not_picked":["Iron Wave","Dropkick"],"picked":"Juggernaut","floor":7},{"not_picked":["Shockwave","Twin Strike"],"picked":"Warcry","floor":10},{"not_picked":["Sword Boomerang","Thunderclap"],"picked":"Cleave","floor":12},{"not_picked":["Hemokinesis","Corruption"],"picked":"Dual Wield","floor":13},{"not_picked":["Corruption","Body Slam"],"picked":"Clash","floor":14},{"not_picked":["Double Tap","Juggernaut"],"picked":"Demon Form","floor":16},{"not_picked":[],"picked":"Sword Boomerang+1","floor":18},{"not_picked":[],"picked":"Intimidate+1","floor":19},{"not_picked":["Heavy Blade+1"],"picked":"SKIP","floor":20},{"not_picked":[],"picked":"Feel No Pain","floor":23}],"player_experience":24563,"relics_obtained":[{"floor":7,"key":"Mummified Hand"},{"floor":10,"key":"Oddly Smooth Stone"},{"floor":23,"key":"Centennial Puzzle"}],"event_choices":[{"cards_removed":["Strike_R"],"damage_healed":0,"gold_gain":0,"player_choice":"Card Removal","damage_taken":7,"max_hp_gain":0,"max_hp_loss":0,"event_name":"Golden Wing","floor":3,"gold_loss":0},{"cards_removed":["Defend_R"],"damage_healed":0,"gold_gain":0,"player_choice":"Offered Basic","damage_taken":0,"max_hp_gain":0,"max_hp_loss":0,"event_name":"Bonfire Elementals","floor":4,"gold_loss":0},{"damage_healed":0,"gold_gain":0,"player_choice":"Opened","damage_taken":0,"relics_obtained":["Mercury Hourglass"],"max_hp_gain":0,"max_hp_loss":0,"event_name":"The Mausoleum","floor":21,"gold_loss":0}],"is_beta":false,"boss_relics":[{"not_picked":["Runic Dome","Tiny House"],"picked":"Busted Crown"}],"items_purged_floors":[22],"is_endless":false,"potions_floor_spawned":[1,2,12,14,23],"killed_by":"Snake Plant","ascension_level":1}