{"gold_per_floor":[115,135,3,18,18,51,51,67,67,67,96,96,124,68,68,140,140,160,160,160,160],"floor_reached":21,"playtime":632,"items_purged":[],"score":390,"play_id":"96ffb767-188a-49ca-97ba-0fc3b060380a","local_time":"20190809102502","is_ascension_mode":true,"campfire_choices":[{"data":"Zap","floor":7,"key":"SMITH"},{"data":"Heatsinks","floor":10,"key":"SMITH"},{"data":"Double Energy","floor":12,"key":"SMITH"},{"data":"Amplify","floor":15,"key":"SMITH"}],"neow_cost":"TEN_PERCENT_HP_LOSS","seed_source_timestamp":1012113399455310,"circlet_count":0,"master_deck":["AscendersBane","Strike_B","Strike_B","Defend_B","Defend_B","Defend_B","Defend_B","Zap+1","Dualcast","Static Discharge","Storm","Ball Lightning","Rainbow","Coolheaded","Capacitor","Amplify+1","Heatsinks+1","Double Energy+1","Turbo","Seek","Self Repair+1","Decay"],"relics":["Cracked Core","DataDisk","Sundial","Calipers","Peace Pipe","Nuclear Battery"],"potions_floor_usage":[11,16,16],"damage_taken":[{"damage":10,"enemies":"Small Slimes","floor":1,"turns":3},{"damage":1,"enemies":"Cultist","floor":2,"turns":3},{"damage":5,"enemies":"Jaw Worm","floor":4,"turns":4},{"damage":6,"enemies":"Lagavulin","floor":6,"turns":7},{"damage":2,"enemies":"Exordium Thugs","floor":8,"turns":3},{"damage":24,"enemies":"3 Sentries","floor":11,"turns":5},{"damage":12,"enemies":"Lagavulin","floor":13,"turns":5},{"damage":4,"enemies":"Slime Boss","floor":16,"turns":5},{"damage":22,"enemies":"2 Thieves","floor":18,"turns":2},{"damage":13,"enemies":"Shell Parasite","floor":21,"turns":1}],"seed_played":"-8216385940680452428","potions_obtained":[{"floor":4,"key":"Energy Potion"},{"floor":11,"key":"Explosive Potion"},{"floor":13,"key":"Regen Potion"},{"floor":16,"key":"Ancient Potion"},{"floor":18,"key":"LiquidBronze"}],"is_trial":false,"path_per_floor":["M","M","$","M","?","E","R","M","T","R","E","R","E","?","R","B",null,"M","?","?","M"],"character_chosen":"DEFECT","items_purchased":["Coolheaded","Capacitor"],"campfire_rested":0,"item_purchase_floors":[3,3],"current_hp_per_floor":[54,53,53,48,48,42,42,40,40,40,16,16,4,4,4,5,49,27,10,10,0],"gold":160,"neow_bonus":"TRANSFORM_TWO_CARDS","is_prod":false,"is_daily":false,"chose_seed":false,"campfire_upgraded":4,"win_rate":0,"timestamp":1565317502,"path_taken":["M","M","$","M","?","E","R","M","T","R","E","R","E","?","R","BOSS","M","?","?","?"],"build_version":"2019-07-17","purchased_purges":0,"victory":false,"max_hp_per_floor":[64,64,64,64,64,64,64,64,64,64,64,64,64,64,64,64,64,64,69,69,69],"card_choices":[{"not_picked":["Steam","Coolheaded"],"picked":"Ball Lightning","floor":1},{"not_picked":["Redo","Steam"],"picked":"Rainbow","floor":2},{"not_picked":["Leap","Force Field","Go for the Eyes"],"picked":"SKIP","floor":4},{"not_picked":["Capacitor","Redo"],"picked":"Amplify","floor":6},{"not_picked":["Cold Snap","Hologram"],"picked":"Heatsinks","floor":8},{"not_picked":["Go for the Eyes","Multi-Cast"],"picked":"Double Energy","floor":11},{"not_picked":["Fission","Steam"],"picked":"Turbo","floor":13},{"not_picked":["All For One","Meteor Strike"],"picked":"Seek","floor":16},{"not_picked":["Reinforced Body+1","Barrage"],"picked":"Self Repair+1","floor":18}],"player_experience":2119700,"relics_obtained":[{"floor":6,"key":"DataDisk"},{"floor":9,"key":"Sundial"},{"floor":11,"key":"Calipers"},{"floor":13,"key":"Peace Pipe"}],"event_choices":[{"damage_healed":0,"gold_gain":0,"player_choice":"Ignored","damage_taken":0,"max_hp_gain":0,"max_hp_loss":0,"event_name":"Liars Game","floor":5,"gold_loss":0},{"damage_healed":0,"gold_gain":0,"player_choice":"Left Gold","damage_taken":0,"max_hp_gain":0,"max_hp_loss":0,"event_name":"World of Goop","floor":14,"gold_loss":56},{"damage_healed":0,"gold_gain":0,"player_choice":"Shed Blood","damage_taken":22,"max_hp_gain":5,"max_hp_loss":0,"event_name":"Forgotten Altar","floor":19,"gold_loss":0},{"damage_healed":0,"gold_gain":0,"player_choice":"Cursed","damage_taken":0,"max_hp_gain":0,"max_hp_loss":0,"event_name":"Wheel of Change","floor":20,"gold_loss":0,"cards_obtained":["Decay"]}],"is_beta":false,"boss_relics":[{"not_picked":["Lizard Tail","Black Star"],"picked":"Nuclear Battery"}],"items_purged_floors":[],"is_endless":false,"potions_floor_spawned":[4,11,13,16,18],"killed_by":"Shell Parasite","ascension_level":20}