{"gold_per_floor":[116,116,128,53,174,174,207,207,231,265,265,283,283,365,365,436,436,552,552,477,393,405,440,553,582,582,582,612,612,623,650,650,721,721,739,739,97,116,116,116,132,159,227,227,239,239,273,273,273,298,298,298],"floor_reached":52,"playtime":2420,"items_purged":["ReplayTheSpireMod:Doomed","Pain"],"score":1508,"play_id":"58bf83ee-317c-4fb8-b104-03a8a24f0906","local_time":"20190406205627","daily_mods":["Heirloom","Elite Swarm"],"is_ascension_mode":true,"campfire_choices":[{"data":"Sunder","floor":6.0,"key":"SMITH"},{"data":"Mirror Shield","floor":8.0,"key":"SMITH"},{"data":"Zap","floor":11.0,"key":"SMITH"},{"data":"Crystallizer","floor":15.0,"key":"SMITH"},{"data":"Buffer","floor":27.0,"key":"SMITH"},{"floor":29.0,"key":"REST"},{"floor":32.0,"key":"REST"},{"data":"Defragment","floor":40.0,"key":"SMITH"},{"floor":44.0,"key":"REST"},{"data":"Thunder Strike","floor":46.0,"key":"SMITH"},{"data":"Mirror Shield","floor":51.0,"key":"SMITH"}],"neow_cost":"","seed_source_timestamp":0,"circlet_count":0,"master_deck":["AscendersBane","Strike_B","Strike_B","Strike_B","Defend_B","Defend_B","Zap+1","Dualcast","Crystallizer+1","Sunder+1","Steam","Mirror Shield+1","Core Surge","Undo","Electrodynamics","FIFO Queue","Hologram","Buffer+1","Rebound","Echo Form","Seek","Coolheaded+1","Clumsy","Creative AI","Heatsinks+1","Apotheosis","Defragment+1","Madness","Madness","Rebound","Thunder Strike+1","infinitespire:Pacifist","Cold Snap+1","Mirror Shield+1","Echo Form+1"],"special_seed":0,"relics":["Cracked Core","infinitespire:Lychee Nut","Carrot","PreservedInsect","Kunai","Bottled Flame","Replay:Grab Bag","Cursed Key","Philosopher\u0027s Stone","aspiration:PoetsPen_weak","Calling Bell","Bag of Preparation","Mercury Hourglass","Ice Cream","infinitespire:Satchel","Nunchaku","Turnip","infinitespire:FocusingShard","Du-Vu Doll","Orichalcum","Black Star","Cables","infinitespire:EmpoweringShard","aspiration:FrozenJewel","Emotion Chip","ReplayTheSpireMod:Bottled Snecko","Meat on the Bone","Counterbalance","Golden Egg","Mirror"],"potions_floor_usage":[52,52],"damage_taken":[{"damage":0.0,"enemies":"Cultist","floor":1.0,"turns":3.0},{"damage":10.0,"enemies":"Small Slimes","floor":3.0,"turns":3.0},{"damage":1.0,"enemies":"2 Louse","floor":5.0,"turns":2.0},{"damage":24.0,"enemies":"3 Sentries","floor":7.0,"turns":6.0},{"damage":0.0,"enemies":"Gremlin Nob","floor":10.0,"turns":3.0},{"damage":0.0,"enemies":"Looter","floor":12.0,"turns":2.0},{"damage":3.0,"enemies":"Slime Boss","floor":16.0,"turns":9.0},{"damage":5.0,"enemies":"Chosen","floor":18.0,"turns":3.0},{"damage":20.0,"enemies":"Shell Parasite","floor":22.0,"turns":3.0},{"damage":19.0,"enemies":"Book of Stabbing","floor":23.0,"turns":3.0},{"damage":0.0,"enemies":"Cultist and Chosen","floor":24.0,"turns":4.0},{"damage":6.0,"enemies":"Slavers","floor":25.0,"turns":2.0},{"damage":22.0,"enemies":"Gremlin Leader","floor":28.0,"turns":4.0},{"damage":20.0,"enemies":"Snecko","floor":30.0,"turns":3.0},{"damage":21.0,"enemies":"Automaton","floor":33.0,"turns":8.0},{"damage":10.0,"enemies":"Orb Walker","floor":35.0,"turns":3.0},{"damage":4.0,"enemies":"3 Shapes","floor":38.0,"turns":3.0},{"damage":13.0,"enemies":"Maw","floor":41.0,"turns":7.0},{"damage":27.0,"enemies":"Reptomancer","floor":42.0,"turns":4.0},{"damage":0.0,"enemies":"Spire Growth","floor":45.0,"turns":6.0},{"damage":0.0,"enemies":"R_Hoarder","floor":47.0,"turns":5.0},{"damage":0.0,"enemies":"Reptomancer","floor":50.0,"turns":3.0},{"damage":143,"enemies":"infinitespire:MassOfShapes","floor":52,"turns":7}],"seed_played":"3241034726211380310","potions_obtained":[{"floor":5.0,"key":"PowerPotion"},{"floor":7.0,"key":"Elixir"},{"floor":16.0,"key":"FearPotion"},{"floor":24.0,"key":"FearPotion"},{"floor":28.0,"key":"SteroidPotion"},{"floor":33.0,"key":"Fruit Juice"},{"floor":42.0,"key":"Energy Potion"}],"is_trial":true,"path_per_floor":["M","?","M","?","M","R","E","R","T","E","R","M","?","T","R","B",null,"M","?","?","$","M","E","M","E","T","R","E","R","M","T","R","B",null,"M","?","$","M","?","R","M","E","T","R","M","R","E","PTL","PTL","E","R","B"],"character_chosen":"DEFECT","items_purchased":["infinitespire:Satchel","Cables","infinitespire:EmpoweringShard"],"campfire_rested":3,"item_purchase_floors":[21,37,37],"current_hp_per_floor":[53,46,41,41,43,43,25,25,25,30,30,33,33,33,33,36,49,49,49,49,49,34,20,26,23,23,23,7,22,7,7,22,7,42,37,37,37,38,28,28,26,5,5,22,28,28,34,34,34,39,39,0],"gold":298,"neow_bonus":"","is_prod":false,"is_daily":false,"chose_seed":false,"campfire_upgraded":8,"win_rate":0,"timestamp":1554605787,"path_taken":["M","?","M","?","M","R","E","R","T","E","R","M","?","?","R","BOSS","M","?","?","$","M","E","M","E","T","R","E","R","M","?","R","BOSS","M","?","$","M","?","R","M","E","T","R","M","R","E","PTL","PTL","E","R","BOSS"],"build_version":"2019-01-23","purchased_purges":2,"victory":false,"max_hp_per_floor":[53,53,53,53,53,53,53,53,53,53,53,53,53,53,53,53,53,53,53,53,53,53,53,53,53,53,53,53,53,53,53,53,53,53,53,53,53,53,53,53,58,58,58,58,58,58,58,58,58,58,58,58],"card_choices":[{"not_picked":["Gash","Sweeping Beam"],"picked":"Crystallizer","floor":1.0},{"not_picked":["Redo","Gash"],"picked":"Sunder","floor":3.0},{"not_picked":["Ball Lightning","Crystallizer"],"picked":"Steam","floor":5.0},{"not_picked":["Buffer","Meteor Strike"],"picked":"Mirror Shield","floor":7.0},{"not_picked":["Mirror Shield","Hyperbeam"],"picked":"Core Surge","floor":10.0},{"not_picked":["ReplayTheSpireMod:System Scan","Turbo"],"picked":"Undo","floor":12.0},{"not_picked":["All For One","Meteor Strike"],"picked":"Electrodynamics","floor":16.0},{"not_picked":["Panic Button","Beam Cell"],"picked":"FIFO Queue","floor":18.0},{"not_picked":["Ball Lightning","Cold Snap"],"picked":"Hologram","floor":22.0},{"not_picked":["Rainbow","Core Surge"],"picked":"Buffer","floor":23.0},{"not_picked":["Blizzard","BootSequence"],"picked":"Rebound","floor":24.0},{"not_picked":["Meteor Strike","Amplify"],"picked":"Echo Form","floor":25.0},{"not_picked":["Reboot","Amplify"],"picked":"Seek","floor":28.0},{"not_picked":["Melter","Go for the Eyes"],"picked":"Coolheaded+1","floor":30.0},{"not_picked":["Amplify","Rainbow"],"picked":"Creative AI","floor":33.0},{"not_picked":["Genetic Algorithm","Sweeping Beam+1"],"picked":"Heatsinks+1","floor":35.0},{"not_picked":["Discovery","Jack Of All Trades"],"picked":"Apotheosis","floor":36.0},{"not_picked":["Leap","BasicCrystalCard"],"picked":"Defragment","floor":38.0},{"not_picked":["Steam","Streamline"],"picked":"Rebound","floor":41.0},{"not_picked":["Fission","Machine Learning"],"picked":"Thunder Strike","floor":42.0},{"not_picked":["Leap","Streamline"],"picked":"Cold Snap+1","floor":45.0},{"not_picked":["Biased Cognition","Hyperbeam"],"picked":"Mirror Shield","floor":47.0},{"not_picked":["Fission","Biased Cognition"],"picked":"Echo Form","floor":50.0}],"player_experience":373746,"relics_obtained":[{"floor":7.0,"key":"Carrot"},{"floor":9.0,"key":"PreservedInsect"},{"floor":10.0,"key":"Kunai"},{"floor":14.0,"key":"Bottled Flame"},{"floor":17.0,"key":"Bag of Preparation"},{"floor":17.0,"key":"Mercury Hourglass"},{"floor":17.0,"key":"Ice Cream"},{"floor":23.0,"key":"Nunchaku"},{"floor":25.0,"key":"Turnip"},{"floor":26.0,"key":"infinitespire:FocusingShard"},{"floor":28.0,"key":"Du-Vu Doll"},{"floor":31.0,"key":"Orichalcum"},{"floor":42.0,"key":"aspiration:FrozenJewel"},{"floor":42.0,"key":"Emotion Chip"},{"floor":43.0,"key":"ReplayTheSpireMod:Bottled Snecko"},{"floor":47.0,"key":"Meat on the Bone"},{"floor":47.0,"key":"Counterbalance"},{"floor":50.0,"key":"Golden Egg"},{"floor":50.0,"key":"Mirror"}],"event_choices":[{"cards_removed":["Defend_B"],"damage_healed":0.0,"max_hp_gain":0.0,"max_hp_loss":0.0,"gold_gain":0.0,"event_name":"Golden Wing","player_choice":"Card Removal","floor":2.0,"gold_loss":0.0,"damage_taken":7.0},{"cards_removed":["Strike_B"],"damage_healed":0.0,"max_hp_gain":0.0,"max_hp_loss":0.0,"gold_gain":0.0,"event_name":"The Cleric","player_choice":"Card Removal","floor":4.0,"gold_loss":75.0,"damage_taken":0.0},{"damage_healed":0.0,"max_hp_gain":0.0,"max_hp_loss":0.0,"gold_gain":0.0,"event_name":"Ghosts","player_choice":"Ignored","floor":19.0,"gold_loss":0.0,"damage_taken":0.0},{"cards_removed":["ReplayTheSpireMod:Restless Dread"],"damage_healed":0.0,"max_hp_gain":0.0,"max_hp_loss":0.0,"gold_gain":0.0,"event_name":"Beggar","player_choice":"Gave Gold","floor":20.0,"gold_loss":75.0,"damage_taken":0.0},{"damage_healed":0.0,"max_hp_gain":0.0,"max_hp_loss":0.0,"gold_gain":0.0,"event_name":"SensoryStone","player_choice":"Memory 1","floor":36.0,"gold_loss":0.0,"damage_taken":0.0},{"damage_healed":0.0,"max_hp_gain":0.0,"max_hp_loss":0.0,"gold_gain":0.0,"event_name":"Winding Halls","player_choice":"Embrace Madness","floor":39.0,"gold_loss":0.0,"damage_taken":10.0,"cards_obtained":["Madness","Madness"]}],"is_beta":false,"boss_relics":[{"not_picked":["ChewingGum","Orrery"],"picked":"Replay:Grab Bag"},{"not_picked":["aspiration:FutureDiary","Velvet Choker"],"picked":"Cursed Key"},{"not_picked":["Abe\u0027s Treasure","Sozu"],"picked":"Philosopher\u0027s Stone"},{"not_picked":["aspiration:RitualDagger","Replay:Drink Me"],"picked":"aspiration:PoetsPen_weak"},{"not_picked":["Pandora\u0027s Box","Kintsugi"],"picked":"Calling Bell"},{"not_picked":["Eternal Feather","Snecko Heart"],"picked":"Black Star"}],"items_purged_floors":[21,37],"is_endless":false,"potions_floor_spawned":[5,7,12,16,24,28,33,38,42,45,47],"killed_by":"infinitespire:MassOfShapes","ascension_level":20}