{"gold_per_floor":[17,32,45,60,9,9,9,29,29,29,29,29,58,68,68,145,145,161,180,200,200,250,250,250,280,304,304,317,317,333,345,345,421,421,438,457,469,73,123,123,158,158,158,191,211,243,243,243,243,243,243,243,243,1,31,31],"floor_reached":57,"playtime":3646,"items_purged":[],"score":3149,"play_id":"a4a1c604-21aa-4c69-9b10-b720018da747","local_time":"20190805211951","is_ascension_mode":true,"campfire_choices":[{"data":"Zap","floor":6.0,"key":"SMITH"},{"data":"Coolheaded","floor":10.0,"key":"SMITH"},{"data":"Dualcast","floor":12.0,"key":"SMITH"},{"data":"Hologram","floor":15.0,"key":"SMITH"},{"data":"Turbo","floor":23.0,"key":"SMITH"},{"data":"Recycle","floor":27.0,"key":"SMITH"},{"data":"Consume","floor":29.0,"key":"SMITH"},{"data":"Chaos","floor":32.0,"key":"SMITH"},{"data":"Seek","floor":40.0,"key":"SMITH"},{"data":"Fusion","floor":47.0,"key":"SMITH"},{"floor":49.0,"key":"RECALL"},{"floor":53.0,"key":"REST"}],"neow_cost":"NO_GOLD","seed_source_timestamp":0,"circlet_count":0,"master_deck":["AscendersBane","Zap+1","Dualcast+1","Echo Form+1","Coolheaded+1","Compile Driver+1","Hologram+1","Ball Lightning+1","Lockon+1","Compile Driver+1","Hologram+1","Electrodynamics+1","Cold Snap+1","Glacier+1","Glacier+1","Skim+1","Echo Form+1","Consume+1","Reinforced Body+1","Turbo+1","Conserve Battery+1","Hologram+1","Recycle+1","Machine Learning+1","Reinforced Body+1","Steam Power+1","Chaos+1","Seek+1","Compile Driver+1","Glacier+1","Beam Cell+1","Defragment+1","Multi-Cast+1","Impatience+1","Go for the Eyes+1","Undo+1","Fusion+1","Defragment+1","Heatsinks+1","Static Discharge+1"],"special_seed":0,"relics":["Cracked Core","Omamori","Regal Pillow","Anchor","Gremlin Horn","Pandora\u0027s Box","Smiling Mask","Nuclear Battery","Ice Cream","Prayer Wheel","The Courier","Sundial","Frozen Egg 2","Bronze Scales","Mark of the Bloom","Medical Kit","Pantograph"],"potions_floor_usage":[56],"damage_taken":[{"damage":0.0,"enemies":"Cultist","floor":1.0,"turns":3.0},{"damage":0.0,"enemies":"Jaw Worm","floor":2.0,"turns":5.0},{"damage":1.0,"enemies":"2 Louse","floor":3.0,"turns":3.0},{"damage":16.0,"enemies":"2 Fungi Beasts","floor":4.0,"turns":3.0},{"damage":4.0,"enemies":"Red Slaver","floor":8.0,"turns":4.0},{"damage":0.0,"enemies":"3 Sentries","floor":13.0,"turns":4.0},{"damage":0.0,"enemies":"Exordium Wildlife","floor":14.0,"turns":5.0},{"damage":31.0,"enemies":"Hexaghost","floor":16.0,"turns":8.0},{"damage":13.0,"enemies":"Chosen","floor":18.0,"turns":4.0},{"damage":7.0,"enemies":"3 Byrds","floor":19.0,"turns":3.0},{"damage":10.0,"enemies":"Snake Plant","floor":20.0,"turns":3.0},{"damage":0.0,"enemies":"Slavers","floor":25.0,"turns":2.0},{"damage":2.0,"enemies":"Snecko","floor":28.0,"turns":6.0},{"damage":7.0,"enemies":"Chosen and Byrds","floor":30.0,"turns":6.0},{"damage":0.0,"enemies":"Snake Plant","floor":31.0,"turns":4.0},{"damage":15.0,"enemies":"Champ","floor":33.0,"turns":10.0},{"damage":1.0,"enemies":"Orb Walker","floor":35.0,"turns":3.0},{"damage":0.0,"enemies":"3 Shapes","floor":36.0,"turns":3.0},{"damage":5.0,"enemies":"Transient","floor":37.0,"turns":6.0},{"damage":1.0,"enemies":"2 Orb Walkers","floor":39.0,"turns":3.0},{"damage":0.0,"enemies":"Giant Head","floor":41.0,"turns":8.0},{"damage":0.0,"enemies":"Reptomancer","floor":44.0,"turns":5.0},{"damage":0.0,"enemies":"Sphere and 2 Shapes","floor":45.0,"turns":4.0},{"damage":8.0,"enemies":"Nemesis","floor":46.0,"turns":5.0},{"damage":0.0,"enemies":"Awakened One","floor":50.0,"turns":11.0},{"damage":0.0,"enemies":"Donu and Deca","floor":51.0,"turns":9.0},{"damage":0.0,"enemies":"Shield and Spear","floor":55.0,"turns":4.0},{"damage":20,"enemies":"The Heart","floor":56,"turns":10}],"seed_played":"5133324856061419078","potions_obtained":[{"floor":1.0,"key":"EssenceOfSteel"},{"floor":3.0,"key":"Explosive Potion"},{"floor":8.0,"key":"Block Potion"},{"floor":16.0,"key":"Regen Potion"},{"floor":19.0,"key":"LiquidBronze"},{"floor":20.0,"key":"AttackPotion"},{"floor":35.0,"key":"EssenceOfSteel"},{"floor":39.0,"key":"Swift Potion"},{"floor":46.0,"key":"GamblersBrew"},{"floor":55.0,"key":"Poison Potion"}],"is_trial":false,"path_per_floor":["M","M","M","M","$","R","?","M","T","R","T","R","E","M","R","B",null,"M","M","M","?","?","R","?","E","T","R","M","R","M","M","R","B",null,"M","M","M","$","?","R","E","?","T","E","M","E","R","?","R","B","B",null,"R","$","E","B",null],"character_chosen":"DEFECT","items_purchased":["Ball Lightning","Ice Cream","Swift Potion","Medical Kit","Heatsinks+1"],"campfire_rested":1,"item_purchase_floors":[5,38,38,54,54],"current_hp_per_floor":[64,64,63,47,47,47,47,43,43,43,43,43,43,43,43,12,56,43,45,35,35,35,35,35,35,35,35,33,33,26,26,26,11,56,55,55,50,50,49,49,49,49,49,49,49,41,41,41,41,41,41,41,41,41,41,21],"gold":31,"neow_bonus":"THREE_RARE_CARDS","is_prod":false,"is_daily":false,"chose_seed":false,"campfire_upgraded":10,"win_rate":0,"timestamp":1565011191,"path_taken":["M","M","M","M","$","R","?","M","T","R","?","R","E","?","R","BOSS","M","?","M","?","?","R","?","E","T","R","M","R","?","M","R","BOSS","M","M","M","?","?","R","E","?","T","E","M","E","R","?","R","BOSS","BOSS","R","$","E","BOSS"],"build_version":"2019-07-17","purchased_purges":0,"victory":true,"max_hp_per_floor":[71,71,71,71,71,71,71,71,71,71,71,71,71,71,71,71,71,71,71,71,71,71,71,71,71,71,71,71,71,71,71,71,71,71,71,71,71,71,71,71,71,71,71,71,71,71,71,71,71,71,71,71,71,71,71,71],"card_choices":[{"not_picked":["Amplify","Rainbow"],"picked":"Echo Form","floor":0.0},{"not_picked":["Lockon","Beam Cell"],"picked":"Coolheaded","floor":1.0},{"not_picked":["Barrage","Sweeping Beam","Force Field"],"picked":"SKIP","floor":2.0},{"not_picked":["Doom and Gloom","Lockon"],"picked":"Compile Driver","floor":3.0},{"not_picked":["Barrage","FTL"],"picked":"Hologram","floor":4.0},{"not_picked":["Auto Shields","Barrage"],"picked":"Lockon","floor":8.0},{"not_picked":["Auto Shields","Echo Form"],"picked":"Compile Driver","floor":13.0},{"not_picked":["Leap","Stack"],"picked":"Hologram","floor":14.0},{"not_picked":["Rainbow","Echo Form"],"picked":"Electrodynamics","floor":16.0},{"not_picked":["Hologram","Sweeping Beam"],"picked":"Turbo","floor":18.0},{"not_picked":["Gash","Doom and Gloom+1"],"picked":"Conserve Battery","floor":19.0},{"not_picked":["Redo","Sweeping Beam"],"picked":"Hologram+1","floor":20.0},{"not_picked":["Conserve Battery","Melter"],"picked":"Reinforced Body","floor":25.0},{"not_picked":["Ball Lightning","Barrage"],"picked":"Steam Power","floor":28.0},{"not_picked":["Echo Form","Coolheaded"],"picked":"Chaos","floor":30.0},{"not_picked":["Conserve Battery","Rebound","Beam Cell"],"picked":"SKIP","floor":31.0},{"not_picked":["Thunder Strike","Echo Form"],"picked":"Seek","floor":33.0},{"not_picked":["Lockon","Glacier"],"picked":"Compile Driver","floor":35.0},{"not_picked":["Redo","Compile Driver"],"picked":"Glacier","floor":36.0},{"not_picked":["Sweeping Beam","Streamline"],"picked":"Beam Cell+1","floor":37.0},{"not_picked":["Ball Lightning+1","Redo"],"picked":"Defragment","floor":39.0},{"not_picked":["Hyperbeam","Gash"],"picked":"Multi-Cast","floor":41.0},{"not_picked":["Swift Strike","Mayhem"],"picked":"Impatience","floor":42.0},{"not_picked":["Lockon","Self Repair"],"picked":"Go for the Eyes+1","floor":44.0},{"not_picked":["Steam","Conserve Battery"],"picked":"Undo+1","floor":45.0},{"not_picked":["Go for the Eyes","Auto Shields"],"picked":"Fusion","floor":45.0},{"not_picked":["Go for the Eyes","Core Surge"],"picked":"Defragment+1","floor":46.0},{"not_picked":["Go for the Eyes","Chill+1"],"picked":"Static Discharge+1","floor":55.0}],"player_experience":2101592,"relics_obtained":[{"floor":9.0,"key":"Regal Pillow"},{"floor":11.0,"key":"Anchor"},{"floor":13.0,"key":"Gremlin Horn"},{"floor":25.0,"key":"Smiling Mask"},{"floor":39.0,"key":"Prayer Wheel"},{"floor":41.0,"key":"The Courier"},{"floor":43.0,"key":"Sundial"},{"floor":44.0,"key":"Frozen Egg 2"},{"floor":46.0,"key":"Bronze Scales"},{"floor":55.0,"key":"Pantograph"}],"event_choices":[{"damage_healed":0.0,"max_hp_gain":0.0,"max_hp_loss":0.0,"gold_gain":0.0,"event_name":"Dead Adventurer","player_choice":"Searched \u00271\u0027 times","floor":7.0,"gold_loss":0.0,"damage_taken":0.0,"relics_obtained":["Omamori"]},{"damage_healed":0.0,"max_hp_gain":0.0,"max_hp_loss":0.0,"gold_gain":0.0,"event_name":"The Library","player_choice":"Read","floor":21.0,"gold_loss":0.0,"damage_taken":0.0,"cards_obtained":["Recycle"]},{"damage_healed":0.0,"max_hp_gain":0.0,"max_hp_loss":0.0,"gold_gain":50.0,"event_name":"Nest","player_choice":"Stole From Cult","floor":22.0,"gold_loss":0.0,"damage_taken":0.0},{"damage_healed":0.0,"max_hp_gain":0.0,"max_hp_loss":0.0,"gold_gain":0.0,"cards_transformed":["Darkness"],"event_name":"Transmorgrifier","player_choice":"Transformed","floor":24.0,"gold_loss":0.0,"damage_taken":0.0,"cards_obtained":["Machine Learning"]},{"damage_healed":0.0,"max_hp_gain":0.0,"max_hp_loss":0.0,"gold_gain":0.0,"event_name":"Mysterious Sphere","player_choice":"Fight","floor":39.0,"gold_loss":0.0,"damage_taken":0.0},{"damage_healed":0.0,"max_hp_gain":0.0,"max_hp_loss":0.0,"gold_gain":0.0,"event_name":"SensoryStone","player_choice":"Memory 1","floor":42.0,"gold_loss":0.0,"damage_taken":0.0},{"damage_healed":0.0,"max_hp_gain":0.0,"max_hp_loss":0.0,"gold_gain":0.0,"event_name":"MindBloom","player_choice":"Upgrade","floor":48.0,"gold_loss":0.0,"damage_taken":0.0,"cards_upgraded":["Echo Form","Compile Driver","Ball Lightning","Lockon","Compile Driver","Hologram","Electrodynamics","Cold Snap","Glacier","Glacier","Skim","Echo Form","Reinforced Body","Conserve Battery","Machine Learning","Reinforced Body","Steam Power","Compile Driver","Glacier","Defragment","Multi-Cast","Impatience"],"relics_obtained":["Mark of the Bloom"]}],"is_beta":false,"boss_relics":[{"not_picked":["Eternal Feather","Busted Crown"],"picked":"Pandora\u0027s Box"},{"not_picked":["Calling Bell","Empty Cage"],"picked":"Nuclear Battery"}],"items_purged_floors":[],"is_endless":false,"potions_floor_spawned":[1,3,8,16,19,20,35,39,41,46,55],"ascension_level":20}