{"gold_per_floor":[110,35,52,52,67,67,96,96,96,96,116,116,141,41,41,120,120,136,136,136,46,96,96,116,135,135,185,185,197,59,75,75,75],"floor_reached":33,"playtime":592,"items_purged":["Strike_B","Strike_B"],"score":506,"play_id":"4b37dedb-433d-42c6-bb03-54a95c791732","local_time":"20190813162002","is_ascension_mode":true,"campfire_choices":[{"data":"Zap","floor":6.0,"key":"SMITH"},{"data":"Dualcast","floor":8.0,"key":"SMITH"},{"data":"Multi-Cast","floor":10.0,"key":"SMITH"},{"data":"Turbo","floor":12.0,"key":"SMITH"},{"data":"Darkness","floor":15.0,"key":"SMITH"},{"data":"Panacea","floor":23.0,"key":"SMITH"},{"data":"Hologram","floor":28,"key":"SMITH"},{"data":"Biased Cognition","floor":32,"key":"SMITH"}],"neow_cost":"NONE","seed_source_timestamp":1378957892380279,"circlet_count":0,"master_deck":["AscendersBane","Strike_B","Defend_B","Defend_B","Defend_B","Defend_B","Zap+1","Dualcast+1","Ball Lightning","Hologram+1","Multi-Cast+1","Turbo+1","Darkness+1","Biased Cognition+1","Recycle+1","Panacea+1","Conserve Battery+1","Compile Driver+1","Heatsinks","Redo","BootSequence"],"special_seed":0,"relics":["Cracked Core","NeowsBlessing","FaceOfCleric","Nunchaku","Torii","Bag of Preparation","White Beast Statue","Emotion Chip"],"potions_floor_usage":[25,29],"damage_taken":[{"damage":0.0,"enemies":"Small Slimes","floor":1.0,"turns":1.0},{"damage":0.0,"enemies":"Cultist","floor":3.0,"turns":1.0},{"damage":0.0,"enemies":"Jaw Worm","floor":5.0,"turns":1.0},{"damage":10.0,"enemies":"Lagavulin","floor":7.0,"turns":7.0},{"damage":2.0,"enemies":"2 Fungi Beasts","floor":11.0,"turns":3.0},{"damage":6.0,"enemies":"Gremlin Nob","floor":13.0,"turns":3.0},{"damage":38.0,"enemies":"Slime Boss","floor":16.0,"turns":5.0},{"damage":2.0,"enemies":"3 Byrds","floor":18.0,"turns":2.0},{"damage":44.0,"enemies":"2 Thieves","floor":24.0,"turns":4.0},{"damage":0,"enemies":"Snecko","floor":25,"turns":1},{"damage":1,"enemies":"Sentry and Sphere","floor":29,"turns":3},{"damage":0,"enemies":"Snake Plant","floor":31,"turns":2},{"damage":0,"enemies":"Champ","floor":33,"turns":2}],"seed_played":"-4916151073786623041","potions_obtained":[{"floor":1.0,"key":"Block Potion"},{"floor":13.0,"key":"Regen Potion"},{"floor":16.0,"key":"Explosive Potion"},{"floor":18.0,"key":"Dexterity Potion"},{"floor":24.0,"key":"Swift Potion"},{"floor":25,"key":"LiquidBronze"},{"floor":29,"key":"SteroidPotion"}],"is_trial":false,"path_per_floor":["M","$","M","?","M","R","E","R","T","R","M","R","E","$","R","B",null,"M","?","?","$","?","R","M","M","T","?","R","M","$","M","R","B"],"character_chosen":"DEFECT","items_purchased":["Panacea","Heatsinks","Redo"],"campfire_rested":0,"item_purchase_floors":[21,30,30],"current_hp_per_floor":[64,64,64,64,65,65,56,56,56,56,55,55,50,50,50,13,60,59,59,59,59,59,59,16,17,17,17,17,26,26,27,27,27],"gold":75,"neow_bonus":"THREE_ENEMY_KILL","is_prod":false,"is_daily":false,"chose_seed":false,"campfire_upgraded":8,"win_rate":0,"timestamp":1565684402,"path_taken":["M","$","M","?","M","R","E","R","T","R","?","R","E","$","R","BOSS","M","?","?","$","?","R","M","?","T","?","R","?","$","M","R","BOSS"],"build_version":"2019-07-17","purchased_purges":2,"victory":false,"max_hp_per_floor":[71,71,71,71,72,72,73,73,73,73,74,74,75,75,75,76,76,77,77,77,77,77,77,78,79,79,79,79,80,80,81,81,81],"card_choices":[{"not_picked":["Lockon","Rebound"],"picked":"Ball Lightning","floor":1.0},{"not_picked":["Go for the Eyes","Leap","Redo"],"picked":"SKIP","floor":3.0},{"not_picked":["Sweeping Beam","Gash"],"picked":"Hologram","floor":5.0},{"not_picked":["Conserve Battery","Seek"],"picked":"Multi-Cast","floor":7.0},{"not_picked":["Cold Snap","Redo"],"picked":"Turbo","floor":11.0},{"not_picked":["Rebound","Beam Cell"],"picked":"Darkness","floor":13.0},{"not_picked":["Creative AI","Buffer"],"picked":"Biased Cognition","floor":16.0},{"not_picked":["Leap","Undo"],"picked":"Recycle+1","floor":18.0},{"not_picked":["Leap","Barrage"],"picked":"Conserve Battery+1","floor":24.0},{"not_picked":["Steam","Cold Snap"],"picked":"Compile Driver+1","floor":25},{"not_picked":["Blizzard","Gash","Rip and Tear"],"picked":"SKIP","floor":29},{"not_picked":["Capacitor","Rebound"],"picked":"BootSequence","floor":31}],"player_experience":2147324,"relics_obtained":[{"floor":7.0,"key":"Nunchaku"},{"floor":9.0,"key":"Torii"},{"floor":13.0,"key":"Bag of Preparation"},{"floor":26,"key":"Emotion Chip"}],"event_choices":[{"damage_healed":0.0,"max_hp_gain":0.0,"max_hp_loss":0.0,"gold_gain":0.0,"event_name":"FaceTrader","player_choice":"Trade","floor":4.0,"gold_loss":0.0,"damage_taken":0.0,"relics_obtained":["FaceOfCleric"]},{"damage_healed":0.0,"max_hp_gain":0.0,"max_hp_loss":0.0,"gold_gain":0.0,"event_name":"Vampires","player_choice":"Ignored","floor":19.0,"gold_loss":0.0,"damage_taken":0.0},{"cards_removed":["Strike_B"],"damage_healed":0.0,"max_hp_gain":0.0,"max_hp_loss":0.0,"gold_gain":0.0,"event_name":"Back to Basics","player_choice":"Elegance","floor":20.0,"gold_loss":0.0,"damage_taken":0.0},{"damage_healed":0.0,"max_hp_gain":0.0,"max_hp_loss":0.0,"gold_gain":50.0,"event_name":"Golden Shrine","player_choice":"Pray","floor":22.0,"gold_loss":0.0,"damage_taken":0.0},{"damage_healed":0,"gold_gain":50,"player_choice":"Pray","damage_taken":0,"max_hp_gain":0,"max_hp_loss":0,"event_name":"Golden Shrine","floor":27,"gold_loss":0}],"is_beta":false,"boss_relics":[{"not_picked":["Philosopher\u0027s Stone","Cursed Key"],"picked":"White Beast Statue"}],"items_purged_floors":[2,14],"is_endless":false,"potions_floor_spawned":[1,13,16,18,24,25,29,31],"killed_by":"Champ","ascension_level":20}