{"gold_per_floor":[115,115,133,143,155,155,180,27,27,27,39,39,57,37,37,140,140,157,157,17,28,28,55,55,0,27,53,87,103,121,52,52,152,152,163,173,188,199,74,74,84,84,84,84,84,99,99],"floor_reached":47,"playtime":4078,"items_purged":["Strike_B","Strike_B","Echo Form"],"score":467,"play_id":"ef64e244-6ebf-45e4-8b62-f346df7a1e54","local_time":"20190829163738","is_ascension_mode":false,"campfire_choices":[{"data":"Auto Shields","floor":6,"key":"SMITH"},{"floor":12,"key":"REST"},{"data":"Rebound","floor":15,"key":"SMITH"},{"floor":24,"key":"REST"},{"floor":32,"key":"REST"},{"data":"Creative AI","floor":40,"key":"SMITH"},{"data":"Defragment","floor":42,"key":"SMITH"}],"neow_cost":"NONE","seed_source_timestamp":1355015902807032,"circlet_count":0,"master_deck":["Defend_B","Defend_B","Defend_B","Defend_B","Zap","Dualcast","Auto Shields+1","Redo","Beam Cell","Conserve Battery","Chill","Self Repair","Skim","Rebound+1","Coolheaded+1","Defragment+1","Barrage+1","J.A.X.","Coolheaded+1","Conserve Battery+1","Machine Learning","Hologram","Creative AI+1","Electrodynamics","Chill+1","Leap+1","Stack+1"],"relics":["Cracked Core","Mummified Hand","Du-Vu Doll","Sundial","Empty Cage","Anchor","Happy Flower","Bag of Preparation","Pantograph","Lizard Tail","Darkstone Periapt"],"potions_floor_usage":[33,33,33,38,47],"damage_taken":[{"damage":6,"enemies":"Jaw Worm","floor":1,"turns":3},{"damage":1,"enemies":"Cultist","floor":3,"turns":5},{"damage":6,"enemies":"2 Louse","floor":4,"turns":3},{"damage":18,"enemies":"Exordium Thugs","floor":5,"turns":5},{"damage":30,"enemies":"Lagavulin","floor":7,"turns":8},{"damage":0,"enemies":"Large Slime","floor":11,"turns":7},{"damage":1,"enemies":"3 Louse","floor":13,"turns":6},{"damage":23,"enemies":"The Guardian","floor":16,"turns":15},{"damage":21,"enemies":"Chosen","floor":18,"turns":7},{"damage":16,"enemies":"3 Byrds","floor":21,"turns":9},{"damage":45,"enemies":"Slavers","floor":23,"turns":11},{"damage":28,"enemies":"Book of Stabbing","floor":28,"turns":10},{"damage":34,"enemies":"Centurion and Healer","floor":29,"turns":11},{"damage":0,"enemies":"Snecko","floor":30,"turns":6},{"damage":39,"enemies":"Collector","floor":33,"turns":9},{"damage":6,"enemies":"3 Shapes","floor":35,"turns":2},{"damage":7,"enemies":"3 Darklings","floor":36,"turns":6},{"damage":18,"enemies":"Sphere and 2 Shapes","floor":37,"turns":9},{"damage":13,"enemies":"4 Shapes","floor":38,"turns":5},{"damage":7,"enemies":"Maw","floor":41,"turns":11},{"damage":39,"enemies":"Transient","floor":46,"turns":5},{"damage":107,"enemies":"Giant Head","floor":47,"turns":11}],"seed_played":"-2660897873543357517","potions_obtained":[{"floor":1,"key":"SkillPotion"},{"floor":11,"key":"Energy Potion"},{"floor":14,"key":"EntropicBrew"},{"floor":16,"key":"LiquidBronze"},{"floor":30,"key":"Fire Potion"},{"floor":33,"key":"AttackPotion"},{"floor":36,"key":"Strength Potion"}],"is_trial":false,"path_per_floor":["M","?","M","M","M","R","E","$","T","$","M","R","M","?","R","B",null,"M","?","$","M","?","E","R","?","T","T","E","M","M","$","R","B",null,"M","M","M","M","$","R","M","R","T","?","?","M","E"],"character_chosen":"DEFECT","items_purchased":["Self Repair","Defragment","Creative AI"],"campfire_rested":3,"item_purchase_floors":[8,20,31],"current_hp_per_floor":[76,76,75,69,51,51,21,21,21,21,28,52,58,58,58,42,82,75,75,75,66,66,28,52,52,52,52,38,11,18,18,42,35,82,82,82,71,58,58,58,58,58,58,58,58,26,0],"gold":99,"neow_bonus":"TEN_PERCENT_HP_BONUS","is_prod":false,"is_daily":false,"chose_seed":false,"campfire_upgraded":4,"win_rate":0.0,"timestamp":1567089458,"path_taken":["M","?","M","M","M","R","E","$","T","$","?","R","M","?","R","BOSS","M","?","$","M","?","E","R","?","T","?","E","?","M","$","R","BOSS","M","M","M","M","$","R","?","R","T","?","?","?","E"],"build_version":"2019-07-17","purchased_purges":3,"victory":false,"max_hp_per_floor":[82,82,82,82,82,82,82,82,82,82,82,82,82,82,82,82,82,82,82,82,82,82,82,82,82,82,82,82,82,82,82,82,82,82,82,82,82,82,82,82,82,82,82,78,78,78,78],"card_choices":[{"not_picked":["Melter","Go for the Eyes"],"picked":"Auto Shields","floor":1},{"not_picked":["BootSequence","Rip and Tear"],"picked":"Redo","floor":3},{"not_picked":["Undo","Hologram"],"picked":"Beam Cell","floor":4},{"not_picked":["Beam Cell","Hologram"],"picked":"Conserve Battery","floor":5},{"not_picked":["Gash","Blizzard"],"picked":"Chill","floor":7},{"not_picked":["Reinforced Body","Consume"],"picked":"Skim","floor":11},{"not_picked":["Stack","Scrape"],"picked":"Rebound","floor":13},{"not_picked":["Biased Cognition","Machine Learning"],"picked":"Echo Form","floor":16},{"not_picked":["Conserve Battery","Genetic Algorithm"],"picked":"Coolheaded+1","floor":18},{"not_picked":["Conserve Battery+1","Reboot"],"picked":"Barrage+1","floor":21},{"not_picked":["Compile Driver","Stack"],"picked":"Coolheaded+1","floor":23},{"not_picked":["Hologram","Beam Cell"],"picked":"Conserve Battery+1","floor":28},{"not_picked":["Defragment","Ball Lightning"],"picked":"Machine Learning","floor":29},{"not_picked":["Ball Lightning","Static Discharge"],"picked":"Hologram","floor":30},{"not_picked":["Seek","Creative AI"],"picked":"Electrodynamics","floor":33},{"not_picked":["Barrage","Redo"],"picked":"Chill+1","floor":35},{"not_picked":["Stack+1","Beam Cell+1","Coolheaded"],"picked":"SKIP","floor":36},{"not_picked":["Hologram+1","Consume+1"],"picked":"Leap+1","floor":37},{"not_picked":["Ball Lightning","Skim+1","Cold Snap"],"picked":"SKIP","floor":38},{"not_picked":["Leap","Genetic Algorithm+1","Ball Lightning"],"picked":"SKIP","floor":41},{"not_picked":["Glacier+1","Streamline"],"picked":"Stack+1","floor":46}],"player_experience":82900,"relics_obtained":[{"floor":7,"key":"Du-Vu Doll"},{"floor":9,"key":"Sundial"},{"floor":23,"key":"Anchor"},{"floor":26,"key":"Happy Flower"},{"floor":27,"key":"Bag of Preparation"},{"floor":28,"key":"Pantograph"},{"floor":43,"key":"Darkstone Periapt"}],"event_choices":[{"damage_healed":0,"gold_gain":0,"player_choice":"Gave Potion","damage_taken":0,"relics_obtained":["Mummified Hand"],"max_hp_gain":0,"max_hp_loss":0,"event_name":"WeMeetAgain","floor":2,"gold_loss":0},{"damage_healed":0,"gold_gain":0,"player_choice":"Bought 1 Potion","damage_taken":0,"max_hp_gain":0,"max_hp_loss":0,"event_name":"The Woman in Blue","floor":14,"gold_loss":0},{"damage_healed":0,"gold_gain":0,"player_choice":"Ignored","damage_taken":0,"max_hp_gain":0,"max_hp_loss":0,"event_name":"The Mausoleum","floor":19,"gold_loss":0},{"damage_healed":0,"gold_gain":0,"player_choice":"Obtain J.A.X.","damage_taken":0,"max_hp_gain":0,"max_hp_loss":0,"event_name":"Drug Dealer","floor":22,"gold_loss":0,"cards_obtained":["J.A.X."]},{"damage_healed":0,"gold_gain":0,"player_choice":"Paid Fearfully","damage_taken":0,"max_hp_gain":0,"max_hp_loss":0,"event_name":"Masked Bandits","floor":25,"gold_loss":55},{"damage_healed":0,"gold_gain":0,"player_choice":"Max HP","damage_taken":0,"max_hp_gain":0,"max_hp_loss":4,"event_name":"Winding Halls","floor":44,"gold_loss":0},{"damage_healed":0,"gold_gain":0,"player_choice":"Ignored","damage_taken":0,"max_hp_gain":0,"max_hp_loss":0,"event_name":"Golden Shrine","floor":45,"gold_loss":0}],"is_beta":false,"boss_relics":[{"not_picked":["Pandora\u0027s Box","Ectoplasm"],"picked":"Empty Cage"},{"not_picked":["Runic Dome","FrozenCore"],"picked":"Lizard Tail"}],"items_purged_floors":[8,20,39],"is_endless":false,"potions_floor_spawned":[1,11,16,21,23,30,33,36,37,41],"killed_by":"Giant Head","ascension_level":0}