{"gold_per_floor":[116,116,129,146,96,96,131,145,170,193,207,307,307,326,326,422,422,439,454,84,184,184,184],"floor_reached":23,"playtime":975,"items_purged":["Strike_B"],"score":191,"play_id":"c844c6db-ec22-42ab-9e6e-8f35e9122f63","local_time":"20190502224623","is_ascension_mode":false,"campfire_choices":[{"data":"Barrage","floor":6,"key":"SMITH"},{"floor":13,"key":"REST"},{"data":"Consume","floor":15,"key":"SMITH"}],"neow_cost":"NONE","seed_source_timestamp":43696347658881,"circlet_count":0,"master_deck":["Strike_B","Defend_B","Defend_B","Defend_B","Defend_B","Zap","Dualcast","Ball Lightning","Barrage+1","Redo","Ball Lightning","Consume+1","Electrodynamics","Sweeping Beam","Defragment","Melter"],"relics":["Cracked Core","NeowsBlessing","Anchor","Lantern","Black Star","Bag of Marbles","Shovel","Dodecahedron"],"potions_floor_usage":[],"damage_taken":[{"damage":0,"enemies":"Small Slimes","floor":1,"turns":1},{"damage":0,"enemies":"Cultist","floor":3,"turns":1},{"damage":0,"enemies":"Jaw Worm","floor":4,"turns":1},{"damage":18,"enemies":"3 Sentries","floor":7,"turns":6},{"damage":6,"enemies":"Exordium Wildlife","floor":8,"turns":4},{"damage":4,"enemies":"2 Fungi Beasts","floor":11,"turns":3},{"damage":10,"enemies":"Lots of Slimes","floor":14,"turns":4},{"damage":41,"enemies":"Hexaghost","floor":16,"turns":8},{"damage":15,"enemies":"2 Thieves","floor":18,"turns":3},{"damage":5,"enemies":"Spheric Guardian","floor":19,"turns":3},{"damage":25,"enemies":"Colosseum Slavers","floor":21,"turns":3},{"damage":21,"enemies":"Colosseum Nobs","floor":21,"turns":3},{"damage":14,"enemies":"Snake Plant","floor":23,"turns":2}],"seed_played":"-1471784653016511529","potions_obtained":[{"floor":3,"key":"Swift Potion"},{"floor":7,"key":"Explosive Potion"},{"floor":8,"key":"Swift Potion"},{"floor":11,"key":"Regen Potion"}],"is_trial":false,"path_per_floor":["M","?","M","M","?","R","E","M","T","T","M","?","R","M","R","B",null,"M","M","$","?","?","M"],"character_chosen":"DEFECT","items_purchased":["Defragment","Bag of Marbles","Melter"],"campfire_rested":1,"item_purchase_floors":[20,20,20],"current_hp_per_floor":[75,75,75,75,75,75,57,51,51,51,47,47,69,59,59,18,75,60,55,55,9,9,0],"gold":184,"neow_bonus":"THREE_ENEMY_KILL","is_prod":false,"is_daily":false,"chose_seed":false,"campfire_upgraded":2,"win_rate":0,"timestamp":1556862383,"path_taken":["M","?","M","?","?","R","E","M","T","?","M","?","R","M","R","BOSS","M","M","?","?","?","M"],"build_version":"2019-01-23","purchased_purges":1,"victory":false,"max_hp_per_floor":[75,75,75,75,75,75,75,75,75,75,75,75,75,75,75,75,75,75,75,75,75,75,75],"card_choices":[{"not_picked":["Steam","Hologram","Rebound"],"picked":"SKIP","floor":1},{"not_picked":["Echo Form","Force Field"],"picked":"Ball Lightning","floor":3},{"not_picked":["Stack","Leap"],"picked":"Barrage","floor":4},{"not_picked":["Undo","Steam","Genetic Algorithm"],"picked":"SKIP","floor":7},{"not_picked":["Glacier","Heatsinks"],"picked":"Redo","floor":8},{"not_picked":["Chill","Hologram"],"picked":"Ball Lightning","floor":11},{"not_picked":["Gash","White Noise"],"picked":"Consume","floor":14},{"not_picked":["Creative AI","All For One"],"picked":"Electrodynamics","floor":16},{"not_picked":["Beam Cell+1","Coolheaded+1"],"picked":"Sweeping Beam","floor":18},{"not_picked":["Undo","Sunder","Cold Snap"],"picked":"SKIP","floor":19}],"player_experience":106290,"relics_obtained":[{"floor":7,"key":"Anchor"},{"floor":9,"key":"Lantern"},{"floor":21,"key":"Shovel"},{"floor":21,"key":"Dodecahedron"}],"event_choices":[{"cards_removed":["Strike_B"],"damage_healed":0,"gold_gain":0,"player_choice":"Purged","damage_taken":0,"max_hp_gain":0,"max_hp_loss":0,"event_name":"Purifier","floor":2,"gold_loss":0},{"cards_removed":["Strike_B"],"damage_healed":0,"gold_gain":0,"player_choice":"Card Removal","damage_taken":0,"max_hp_gain":0,"max_hp_loss":0,"event_name":"The Cleric","floor":5,"gold_loss":50},{"damage_healed":0,"gold_gain":100,"player_choice":"Pray","damage_taken":0,"max_hp_gain":0,"max_hp_loss":0,"event_name":"Golden Shrine","floor":12,"gold_loss":0},{"damage_healed":0,"gold_gain":0,"player_choice":"Fight","damage_taken":0,"max_hp_gain":0,"max_hp_loss":0,"event_name":"Colosseum","floor":21,"gold_loss":0},{"damage_healed":0,"gold_gain":0,"player_choice":"Fought Nobs","damage_taken":0,"max_hp_gain":0,"max_hp_loss":0,"event_name":"Colosseum","floor":21,"gold_loss":0},{"damage_healed":0,"gold_gain":0,"player_choice":"Ignored","damage_taken":0,"max_hp_gain":0,"max_hp_loss":0,"event_name":"Ghosts","floor":22,"gold_loss":0}],"is_beta":false,"boss_relics":[{"not_picked":["Philosopher\u0027s Stone","Empty Cage"],"picked":"Black Star"}],"items_purged_floors":[20],"is_endless":false,"potions_floor_spawned":[3,7,8,11,16,18,19],"killed_by":"Snake Plant","ascension_level":0}