{"gold_per_floor":[115,132,307,322,322,322,354,83,131,156,168,168,180,214,214,313,313,331,348,366,383,383,383,414,414,437,25,39,71,71,85,85,180,180,190,200,200,213,213,240,240,240,240,240,89,89,0,0,0,0],"floor_reached":51,"playtime":5948,"items_purged":[],"score":708,"play_id":"4b89ba51-d3be-4f85-9b1f-0cea6ab8c6d5","local_time":"20190901123750","is_ascension_mode":false,"campfire_choices":[{"data":"Bash","floor":6.0,"key":"SMITH"},{"data":"Metallicize","floor":12.0,"key":"SMITH"},{"data":"Carnage","floor":15.0,"key":"SMITH"},{"data":"Flame Barrier","floor":23.0,"key":"SMITH"},{"data":"Ghostly Armor","floor":25.0,"key":"SMITH"},{"floor":32.0,"key":"REST"},{"floor":41.0,"key":"REST"},{"floor":44,"key":"REST"},{"data":"Body Slam","floor":46,"key":"SMITH"},{"data":"Demon Form","floor":49,"key":"SMITH"}],"neow_cost":"NONE","seed_source_timestamp":371888220981200,"circlet_count":0,"master_deck":["Strike_R+1","Strike_R","Strike_R","Strike_R","Defend_R","Defend_R","Defend_R","Bash+1","Anger+1","Spot Weakness","Shrug It Off","Armaments","Metallicize+1","Iron Wave","Flame Barrier+1","Carnage+1","Demon Form+1","Headbutt","Ghostly Armor+1","Iron Wave+1","Searing Blow","Body Slam+1","Body Slam+1","Clash","Exhume","Rage","Heavy Blade+1","Flex","Juggernaut+1","Cleave","Finesse"],"special_seed":0,"relics":["Burning Blood","Bag of Preparation","ClockworkSouvenir","Whetstone","Vajra","Self Forming Clay","Empty Cage","MutagenicStrength","Calipers","Dream Catcher","Frozen Egg 2","Bag of Marbles","Omamori","Lizard Tail","Pear","Bottled Tornado","Mercury Hourglass","Blood Vial","Red Mask"],"potions_floor_usage":[50],"damage_taken":[{"damage":1.0,"enemies":"Jaw Worm","floor":1.0,"turns":5.0},{"damage":6.0,"enemies":"Small Slimes","floor":2.0,"turns":3.0},{"damage":5.0,"enemies":"Cultist","floor":4.0,"turns":4.0},{"damage":31.0,"enemies":"3 Sentries","floor":7.0,"turns":8.0},{"damage":9.0,"enemies":"Lagavulin","floor":10.0,"turns":8.0},{"damage":26.0,"enemies":"Lots of Slimes","floor":11.0,"turns":6.0},{"damage":0.0,"enemies":"2 Fungi Beasts","floor":13.0,"turns":3.0},{"damage":22.0,"enemies":"3 Sentries","floor":14.0,"turns":8.0},{"damage":10.0,"enemies":"Slime Boss","floor":16.0,"turns":10.0},{"damage":18.0,"enemies":"3 Byrds","floor":18.0,"turns":5.0},{"damage":6.0,"enemies":"Shell Parasite","floor":19.0,"turns":6.0},{"damage":0.0,"enemies":"Shelled Parasite and Fungi","floor":20.0,"turns":8.0},{"damage":5.0,"enemies":"Snecko","floor":21.0,"turns":5.0},{"damage":16.0,"enemies":"Gremlin Leader","floor":24.0,"turns":6.0},{"damage":14.0,"enemies":"Snake Plant","floor":28.0,"turns":5.0},{"damage":26.0,"enemies":"Slavers","floor":29.0,"turns":5.0},{"damage":10.0,"enemies":"Centurion and Healer","floor":31.0,"turns":5.0},{"damage":49.0,"enemies":"Automaton","floor":33.0,"turns":10.0},{"damage":6.0,"enemies":"Orb Walker","floor":35.0,"turns":3.0},{"damage":3.0,"enemies":"3 Shapes","floor":36.0,"turns":3.0},{"damage":27.0,"enemies":"3 Darklings","floor":38.0,"turns":5.0},{"damage":51.0,"enemies":"Reptomancer","floor":40.0,"turns":10.0},{"damage":107,"enemies":"Donu and Deca","floor":50,"turns":8}],"seed_played":"1146577799889386265","potions_obtained":[{"floor":10.0,"key":"Regen Potion"},{"floor":13.0,"key":"SteroidPotion"},{"floor":14.0,"key":"Dexterity Potion"},{"floor":20.0,"key":"Dexterity Potion"},{"floor":21.0,"key":"Ancient Potion"},{"floor":24.0,"key":"Swift Potion"},{"floor":29.0,"key":"Swift Potion"},{"floor":33.0,"key":"Strength Potion"},{"floor":35.0,"key":"Fire Potion"},{"floor":38.0,"key":"AttackPotion"},{"floor":40.0,"key":"SpeedPotion"}],"is_trial":false,"path_per_floor":["M","M","?","M","?","R","E","$","T","E","M","R","M","E","R","B",null,"M","M","M","M","?","R","E","R","T","$","M","E","$","M","R","B",null,"M","M","?","M","?","E","R","T","T","R","$","R","?","?","R","B",null],"character_chosen":"IRONCLAD","items_purchased":["Metallicize","ClockworkSouvenir","Frozen Egg 2","Bag of Marbles","Blood Vial"],"campfire_rested":3,"item_purchase_floors":[8,8,27,27,45],"current_hp_per_floor":[88,88,88,88,88,88,63,63,63,60,40,40,46,45,45,41,88,76,76,82,83,83,83,73,73,73,73,65,45,45,41,67,24,88,88,88,88,67,67,32,60,60,60,88,88,88,88,88,88,53],"gold":0,"neow_bonus":"TEN_PERCENT_HP_BONUS","is_prod":false,"is_daily":false,"chose_seed":false,"campfire_upgraded":7,"win_rate":0.0,"timestamp":1567355870,"path_taken":["M","M","?","M","?","R","E","?","T","E","M","R","?","E","R","BOSS","M","M","?","M","?","R","E","R","T","$","M","E","?","?","R","BOSS","M","M","?","M","?","E","R","?","T","R","?","R","?","?","R","BOSS"],"build_version":"2019-07-17","purchased_purges":0,"victory":true,"max_hp_per_floor":[88,88,88,88,88,88,88,88,88,88,88,88,88,88,88,88,88,88,88,88,88,88,88,88,88,88,88,88,88,88,88,88,88,88,88,88,88,88,84,94,94,94,94,94,94,94,94,94,94,94],"card_choices":[{"not_picked":["Perfected Strike","Thunderclap"],"picked":"Anger","floor":1.0},{"not_picked":["Clothesline","Flex"],"picked":"Spot Weakness","floor":2.0},{"not_picked":["Clothesline","Sword Boomerang"],"picked":"Shrug It Off","floor":4.0},{"not_picked":["Feel No Pain","Havoc"],"picked":"Armaments","floor":7.0},{"not_picked":["Combust","Anger","Dual Wield"],"picked":"SKIP","floor":10.0},{"not_picked":["Sever Soul","Shrug It Off"],"picked":"Iron Wave","floor":11.0},{"not_picked":["Bloodletting","Body Slam"],"picked":"Flame Barrier","floor":13.0},{"not_picked":["Twin Strike","Perfected Strike"],"picked":"Carnage","floor":14.0},{"not_picked":["Limit Break","Double Tap"],"picked":"Demon Form","floor":16.0},{"not_picked":["Burning Pact","Dual Wield"],"picked":"Headbutt","floor":18.0},{"not_picked":["Dual Wield","Wild Strike+1"],"picked":"Ghostly Armor","floor":19.0},{"not_picked":["Armaments+1","Carnage+1","Fire Breathing"],"picked":"SKIP","floor":20.0},{"not_picked":["Fire Breathing","Warcry"],"picked":"Iron Wave+1","floor":21.0},{"not_picked":["Exhume","Second Wind"],"picked":"Searing Blow","floor":24.0},{"not_picked":["Sever Soul","Ghostly Armor+1"],"picked":"Body Slam","floor":28.0},{"not_picked":["Second Wind","Bloodletting"],"picked":"Body Slam+1","floor":29.0},{"not_picked":["Anger","True Grit"],"picked":"Clothesline","floor":31.0},{"not_picked":["Battle Trance","Intimidate"],"picked":"Clash","floor":32.0},{"not_picked":["Berserk+1","Immolate"],"picked":"Exhume","floor":33.0},{"not_picked":["Sever Soul","Iron Wave"],"picked":"Rage","floor":35.0},{"not_picked":["Cleave+1","Feel No Pain+1"],"picked":"Heavy Blade+1","floor":36.0},{"not_picked":["Blood for Blood","Hemokinesis"],"picked":"Flex","floor":38.0},{"not_picked":["Shrug It Off","Heavy Blade"],"picked":"Juggernaut+1","floor":40.0},{"not_picked":["Twin Strike","Thunderclap"],"picked":"Cleave","floor":44},{"not_picked":["Deep Breath","PanicButton"],"picked":"Finesse","floor":48}],"player_experience":51578,"relics_obtained":[{"floor":7.0,"key":"Bag of Preparation"},{"floor":9.0,"key":"Whetstone"},{"floor":10.0,"key":"Vajra"},{"floor":14.0,"key":"Self Forming Clay"},{"floor":24.0,"key":"Calipers"},{"floor":26.0,"key":"Dream Catcher"},{"floor":29.0,"key":"Omamori"},{"floor":40.0,"key":"Pear"},{"floor":42.0,"key":"Bottled Tornado"},{"floor":43.0,"key":"Mercury Hourglass"}],"event_choices":[{"damage_healed":0.0,"max_hp_gain":0.0,"max_hp_loss":0.0,"gold_gain":175.0,"event_name":"Liars Game","player_choice":"AGREE","floor":3.0,"gold_loss":0.0,"damage_taken":0.0,"cards_obtained":["Doubt"]},{"cards_removed":["Doubt"],"damage_healed":0.0,"max_hp_gain":0.0,"max_hp_loss":0.0,"gold_gain":0.0,"event_name":"Living Wall","player_choice":"Forget","floor":5.0,"gold_loss":0.0,"damage_taken":0.0},{"damage_healed":0.0,"max_hp_gain":0.0,"max_hp_loss":0.0,"gold_gain":0.0,"event_name":"Drug Dealer","player_choice":"Inject Mutagens","floor":22.0,"gold_loss":0.0,"damage_taken":0.0,"relics_obtained":["MutagenicStrength"]},{"cards_removed":["Clothesline"],"damage_healed":0.0,"max_hp_gain":0.0,"max_hp_loss":0.0,"gold_gain":0.0,"event_name":"Falling","player_choice":"Removed Attack","floor":37.0,"gold_loss":0.0,"damage_taken":0.0},{"damage_healed":0.0,"max_hp_gain":0.0,"max_hp_loss":4.0,"gold_gain":0.0,"event_name":"Winding Halls","player_choice":"Max HP","floor":39.0,"gold_loss":0.0,"damage_taken":0.0},{"damage_healed":0,"gold_gain":0,"player_choice":"Paid","damage_taken":0,"relics_obtained":["Red Mask"],"max_hp_gain":0,"max_hp_loss":0,"event_name":"Tomb of Lord Red Mask","floor":47,"gold_loss":89},{"damage_healed":0,"gold_gain":0,"player_choice":"Memory 1","damage_taken":0,"max_hp_gain":0,"max_hp_loss":0,"event_name":"SensoryStone","floor":48,"gold_loss":0}],"is_beta":false,"boss_relics":[{"not_picked":["Philosopher\u0027s Stone","Fusion Hammer"],"picked":"Empty Cage"},{"not_picked":["Coffee Dripper","Velvet Choker"],"picked":"Lizard Tail"}],"items_purged_floors":[],"is_endless":false,"potions_floor_spawned":[10,13,14,20,21,24,29,33,35,38,40],"ascension_level":0}