{"gold_per_floor":[119,119,119,294,219,245,245,279,332,362,362,377,377,377,377,496,496,520,475],"floor_reached":19,"playtime":1486,"items_purged":["Regret"],"score":254,"play_id":"488c8819-279f-46c9-b993-f839d51fcfd2","local_time":"20190729205530","is_ascension_mode":true,"campfire_choices":[{"data":"Inflame","floor":7,"key":"SMITH"},{"floor":11,"key":"REST"},{"floor":13,"key":"REST"},{"data":"Double Tap","floor":15,"key":"SMITH"}],"neow_cost":"NONE","seed_source_timestamp":1543187640563900,"circlet_count":0,"master_deck":["Bash","Inflame+1","Doubt","Flex","Headbutt","Double Tap+1","Shrug It Off","Injury","Bludgeon","Bludgeon","Berserk","Body Slam","Spot Weakness","Clothesline","Brutality","Flex","Disarm","Reckless Charge","Searing Blow+1"],"relics":["Burning Blood","NeowsBlessing","War Paint","Mango","Smiling Mask","Centennial Puzzle","Boot","Shuriken","Golden Idol","Pandora\u0027s Box"],"potions_floor_usage":[10,18],"damage_taken":[{"damage":0,"enemies":"2 Louse","floor":1,"turns":1},{"damage":0,"enemies":"Gremlin Nob","floor":6,"turns":1},{"damage":0,"enemies":"Lagavulin","floor":8,"turns":1},{"damage":36,"enemies":"3 Sentries","floor":10,"turns":10},{"damage":21,"enemies":"Small Slimes","floor":12,"turns":3},{"damage":74,"enemies":"The Guardian","floor":16,"turns":15},{"damage":73,"enemies":"Shell Parasite","floor":18,"turns":6},{"damage":35,"enemies":"2 Thieves","floor":19,"turns":2}],"seed_played":"-6979762592793392579","potions_obtained":[{"floor":1,"key":"EssenceOfSteel"},{"floor":8,"key":"EssenceOfSteel"},{"floor":16,"key":"SpeedPotion"}],"is_trial":false,"path_per_floor":["M","?","?","?","$","E","R","E","T","E","R","M","R","?","R","B",null,"M","M"],"character_chosen":"IRONCLAD","items_purchased":[],"campfire_rested":2,"item_purchase_floors":[],"current_hp_per_floor":[80,68,82,82,82,88,88,94,94,64,92,77,94,94,94,26,94,27,0],"gold":475,"neow_bonus":"THREE_ENEMY_KILL","is_prod":false,"is_daily":false,"chose_seed":false,"campfire_upgraded":2,"win_rate":0,"timestamp":1564451730,"path_taken":["M","?","?","?","$","E","R","E","T","E","R","?","R","?","R","BOSS","M","M"],"build_version":"2019-07-17","purchased_purges":1,"victory":false,"max_hp_per_floor":[80,80,94,94,94,94,94,94,94,94,94,94,94,94,94,94,94,94,94],"card_choices":[{"not_picked":["Metallicize","Second Wind"],"picked":"Inflame","floor":1},{"not_picked":["Sentinel","Clothesline"],"picked":"Flex","floor":6},{"not_picked":["Disarm","Second Wind"],"picked":"Headbutt","floor":8},{"not_picked":["Dual Wield","Armaments"],"picked":"Double Tap","floor":10},{"not_picked":["Sword Boomerang","Havoc"],"picked":"Shrug It Off","floor":12},{"not_picked":["Double Tap","Feed"],"picked":"Bludgeon","floor":16},{"not_picked":["Battle Trance","Whirlwind"],"picked":"Searing Blow+1","floor":18}],"player_experience":234723,"relics_obtained":[{"floor":6,"key":"Smiling Mask"},{"floor":8,"key":"Centennial Puzzle"},{"floor":9,"key":"Boot"},{"floor":10,"key":"Shuriken"}],"event_choices":[{"damage_healed":0,"gold_gain":0,"player_choice":"Success","damage_taken":12,"relics_obtained":["War Paint"],"max_hp_gain":0,"max_hp_loss":0,"event_name":"Scrap Ooze","floor":2,"gold_loss":0},{"damage_healed":0,"gold_gain":0,"player_choice":"Box","damage_taken":0,"relics_obtained":["Mango"],"max_hp_gain":0,"max_hp_loss":0,"event_name":"Big Fish","floor":3,"gold_loss":0,"cards_obtained":["Regret"]},{"damage_healed":0,"gold_gain":175,"player_choice":"AGREE","damage_taken":0,"max_hp_gain":0,"max_hp_loss":0,"event_name":"Liars Game","floor":4,"gold_loss":0,"cards_obtained":["Doubt"]},{"damage_healed":0,"gold_gain":0,"player_choice":"Take Wound","damage_taken":0,"relics_obtained":["Golden Idol"],"max_hp_gain":0,"max_hp_loss":0,"event_name":"Golden Idol","floor":14,"gold_loss":0,"cards_obtained":["Injury"]}],"is_beta":false,"boss_relics":[{"not_picked":["Tiny House","Mark of Pain"],"picked":"Pandora\u0027s Box"}],"items_purged_floors":[5],"is_endless":false,"potions_floor_spawned":[1,8,16],"killed_by":"2 Thieves","ascension_level":2}