{"gold_per_floor":[118,218,108,118,135,162,162,162,188,188,198,198,198,216,216,216],"floor_reached":16,"playtime":854,"items_purged":["Strike_G"],"score":100,"play_id":"bd6d94d8-4ea4-4de2-82e5-4a165bff956c","local_time":"20190418141128","is_ascension_mode":false,"campfire_choices":[{"data":"Crippling Poison","floor":8,"key":"SMITH"},{"floor":10,"key":"REST"},{"data":"Noxious Fumes","floor":15,"key":"SMITH"}],"neow_cost":"NONE","seed_source_timestamp":3278957014841,"circlet_count":0,"master_deck":["Defend_G","Defend_G","Defend_G","Defend_G","Defend_G","Strike_G","Strike_G","Strike_G","Strike_G","Survivor","Neutralize+1","Deadly Poison","Crippling Poison+1","Backflip","All Out Attack","Bane","Noxious Fumes+1"],"relics":["Ring of the Snake","Happy Flower","WarpedTongs","Omamori"],"potions_floor_usage":[],"damage_taken":[{"damage":3,"enemies":"Jaw Worm","floor":1,"turns":6},{"damage":0,"enemies":"Cultist","floor":4,"turns":4},{"damage":0,"enemies":"Small Slimes","floor":5,"turns":3},{"damage":29,"enemies":"3 Sentries","floor":6,"turns":9},{"damage":9,"enemies":"Red Slaver","floor":11,"turns":3},{"damage":1,"enemies":"Blue Slaver","floor":14,"turns":3},{"damage":47,"enemies":"Slime Boss","floor":16,"turns":7}],"seed_played":"-4764440584040908163","potions_obtained":[{"floor":5,"key":"GamblersBrew"},{"floor":6,"key":"AttackPotion"}],"is_trial":false,"path_per_floor":["M","?","$","M","M","E","?","R","T","R","M","?","?","M","R","B"],"character_chosen":"THE_SILENT","items_purchased":["Crippling Poison"],"campfire_rested":1,"item_purchase_floors":[3],"current_hp_per_floor":[67,67,67,67,67,38,38,38,38,59,50,55,48,47,47,0],"gold":216,"neow_bonus":"UPGRADE_CARD","is_prod":false,"is_daily":false,"chose_seed":false,"campfire_upgraded":2,"win_rate":0,"timestamp":1555621888,"path_taken":["M","?","$","M","?","E","?","R","T","R","?","?","?","M","R","BOSS"],"build_version":"2019-01-23","purchased_purges":1,"victory":false,"max_hp_per_floor":[70,70,70,70,70,70,70,70,70,70,70,75,75,75,75,75],"card_choices":[{"not_picked":["Infinite Blades","Catalyst"],"picked":"Deadly Poison","floor":1},{"not_picked":["Crippling Poison","Cloak And Dagger"],"picked":"Backflip","floor":4},{"not_picked":["Sucker Punch","Leg Sweep"],"picked":"All Out Attack","floor":5},{"not_picked":["Prepared","A Thousand Cuts","Dagger Throw"],"picked":"SKIP","floor":6},{"not_picked":["Sucker Punch","Tactician"],"picked":"Bane","floor":11},{"not_picked":["Backflip","Deadly Poison"],"picked":"Noxious Fumes","floor":14}],"player_experience":71866,"relics_obtained":[{"floor":6,"key":"Happy Flower"},{"floor":9,"key":"Omamori"}],"event_choices":[{"damage_healed":0,"gold_gain":100,"player_choice":"Gold","damage_taken":0,"max_hp_gain":0,"max_hp_loss":0,"event_name":"Wheel of Change","floor":2,"gold_loss":0},{"damage_healed":0,"gold_gain":0,"player_choice":"Rummage","damage_taken":0,"relics_obtained":["WarpedTongs"],"max_hp_gain":0,"max_hp_loss":0,"event_name":"Accursed Blacksmith","floor":7,"gold_loss":0,"cards_obtained":["Pain"]},{"damage_healed":0,"gold_gain":0,"player_choice":"Donut","damage_taken":0,"max_hp_gain":5,"max_hp_loss":0,"event_name":"Big Fish","floor":12,"gold_loss":0},{"cards_removed":["Pain"],"damage_healed":0,"gold_gain":0,"player_choice":"Card Removal","damage_taken":7,"max_hp_gain":0,"max_hp_loss":0,"event_name":"Golden Wing","floor":13,"gold_loss":0}],"is_beta":false,"boss_relics":[],"items_purged_floors":[3],"is_endless":false,"potions_floor_spawned":[5,6],"killed_by":"Slime Boss","ascension_level":0}