{"gold_per_floor":[111,111,61,77,2,36,36,65,65,82,82,94,114,125,125,225,225,244,254,271,186,285,285,301,301,301,331,331,331,342,367,367,471,471,483,494,514,514,514,514,24,58,58,58,69,94,94,94,94,94],"floor_reached":51,"playtime":5612,"items_purged":["Strike_R","Strike_R"],"score":984,"play_id":"7a3a9db9-9d49-4b6c-bc20-2e96487ec7a6","local_time":"20190902131525","is_ascension_mode":true,"campfire_choices":[{"data":"Feed","floor":7,"key":"SMITH"},{"data":"1","floor":11,"key":"LIFT"},{"data":"2","floor":15,"key":"LIFT"},{"data":"3","floor":23,"key":"LIFT"},{"data":"Ghostly Armor","floor":25,"key":"SMITH"},{"floor":29,"key":"REST"},{"data":"Demon Form","floor":32,"key":"SMITH"},{"data":"Heavy Blade","floor":40,"key":"SMITH"},{"floor":44,"key":"REST"},{"data":"Heavy Blade","floor":49,"key":"SMITH"}],"neow_cost":"NONE","seed_source_timestamp":455271076724900,"circlet_count":0,"master_deck":["Defend_R","Defend_R","Defend_R+1","Defend_R","Bash+1","Feed+1","Iron Wave","Anger+1","Whirlwind+1","Double Tap","Limit Break","Feel No Pain","Ghostly Armor+1","Demon Form+1","Cleave+1","Iron Wave+1","Armaments","Uppercut+1","Exhume","Dropkick+1","Heavy Blade+1","Rampage+1","Enlightenment","Flex+1","Heavy Blade+1","The Bomb","Doubt"],"relics":["Burning Blood","Torii","Girya","Ornamental Fan","Odd Mushroom","Empty Cage","Oddly Smooth Stone","Meat on the Bone","Matryoshka","Orichalcum","Mark of Pain","Pocketwatch","Sundial","Whetstone","Centennial Puzzle"],"potions_floor_usage":[13,27,28,42,45,46,50],"damage_taken":[{"damage":0,"enemies":"2 Louse","floor":1,"turns":4},{"damage":0,"enemies":"Small Slimes","floor":4,"turns":3},{"damage":12,"enemies":"Lagavulin","floor":6,"turns":6},{"damage":11,"enemies":"Gremlin Nob","floor":8,"turns":4},{"damage":8,"enemies":"Jaw Worm","floor":10,"turns":5},{"damage":9,"enemies":"Red Slaver","floor":12,"turns":2},{"damage":12,"enemies":"The Mushroom Lair","floor":13,"turns":2},{"damage":0,"enemies":"3 Louse","floor":14,"turns":4},{"damage":0,"enemies":"Slime Boss","floor":16,"turns":8},{"damage":2,"enemies":"Chosen","floor":18,"turns":6},{"damage":28,"enemies":"Shell Parasite","floor":19,"turns":5},{"damage":47,"enemies":"Shelled Parasite and Fungi","floor":20,"turns":6},{"damage":17,"enemies":"Centurion and Healer","floor":24,"turns":4},{"damage":39,"enemies":"Book of Stabbing","floor":27,"turns":6},{"damage":37,"enemies":"Colosseum Slavers","floor":28,"turns":5},{"damage":18,"enemies":"Sentry and Sphere","floor":30,"turns":7},{"damage":10,"enemies":"Gremlin Leader","floor":31,"turns":6},{"damage":57,"enemies":"Champ","floor":33,"turns":8},{"damage":1,"enemies":"Orb Walker","floor":35,"turns":3},{"damage":14,"enemies":"3 Darklings","floor":36,"turns":6},{"damage":36,"enemies":"Transient","floor":37,"turns":5},{"damage":80,"enemies":"Giant Head","floor":42,"turns":8},{"damage":24,"enemies":"Writhing Mass","floor":45,"turns":4},{"damage":9,"enemies":"Nemesis","floor":46,"turns":5},{"damage":66,"enemies":"Time Eater","floor":50,"turns":6}],"seed_played":"-8723328802840371663","potions_obtained":[{"floor":4,"key":"BloodPotion"},{"floor":8,"key":"Explosive Potion"},{"floor":13,"key":"LiquidBronze"},{"floor":14,"key":"Explosive Potion"},{"floor":36,"key":"SkillPotion"},{"floor":37,"key":"Strength Potion"},{"floor":42,"key":"SteroidPotion"}],"is_trial":false,"path_per_floor":["M","?","?","M","$","E","R","E","T","M","R","M","?","M","R","B",null,"M","M","M","?","?","R","M","R","T","E","?","R","M","E","R","B",null,"M","M","M","?","?","R","$","E","T","R","M","E","?","?","R","B",null],"character_chosen":"IRONCLAD","items_purchased":["Pocketwatch","Enlightenment"],"campfire_rested":2,"item_purchase_floors":[41,41],"current_hp_per_floor":[83,66,66,75,75,69,69,68,68,70,70,71,65,75,75,85,106,110,92,55,55,55,55,48,48,48,27,38,74,74,70,70,35,126,126,118,88,88,88,88,88,26,26,63,57,70,70,130,130,82],"gold":94,"neow_bonus":"ONE_RANDOM_RARE_CARD","is_prod":false,"is_daily":false,"chose_seed":false,"campfire_upgraded":5,"win_rate":0,"timestamp":1567444525,"path_taken":["M","?","?","M","$","E","R","E","T","M","R","M","?","M","R","BOSS","M","M","M","?","?","R","M","R","T","E","?","R","M","E","R","BOSS","M","M","M","?","?","R","$","E","T","R","M","E","?","?","R","BOSS"],"build_version":"2019-07-17","purchased_purges":2,"victory":true,"max_hp_per_floor":[83,83,83,86,86,86,86,90,90,94,94,98,98,102,102,106,106,110,114,118,118,118,118,122,122,122,122,122,122,122,122,122,126,126,126,126,126,126,126,126,126,126,126,126,126,130,130,130,130,130],"card_choices":[{"not_picked":["Perfected Strike","Thunderclap"],"picked":"Iron Wave","floor":1},{"not_picked":["Carnage","Armaments"],"picked":"Anger","floor":4},{"not_picked":["Fire Breathing","Anger"],"picked":"Whirlwind","floor":6},{"not_picked":["Thunderclap","Armaments"],"picked":"Double Tap","floor":8},{"not_picked":["Shrug It Off","Infernal Blade"],"picked":"Limit Break","floor":10},{"not_picked":["Thunderclap","Second Wind"],"picked":"Feel No Pain","floor":12},{"not_picked":["Bloodletting","Sentinel"],"picked":"Ghostly Armor","floor":13},{"not_picked":["Second Wind","Combust","Sword Boomerang"],"picked":"SKIP","floor":14},{"not_picked":["Reaper","Exhume"],"picked":"Demon Form","floor":16},{"not_picked":["Pommel Strike","Perfected Strike+1"],"picked":"Cleave+1","floor":18},{"not_picked":["Perfected Strike","Clash","Rampage"],"picked":"SKIP","floor":19},{"not_picked":["Flex","Wild Strike"],"picked":"Iron Wave+1","floor":20},{"not_picked":["Rupture","Havoc","Sword Boomerang+1"],"picked":"SKIP","floor":24},{"not_picked":["Warcry","Iron Wave+1"],"picked":"Armaments","floor":27},{"not_picked":["Pommel Strike","Sword Boomerang"],"picked":"Uppercut+1","floor":30},{"not_picked":["Limit Break","Perfected Strike+1","Pommel Strike"],"picked":"SKIP","floor":31},{"not_picked":["Double Tap","Immolate"],"picked":"Exhume","floor":33},{"not_picked":["Anger","Dual Wield"],"picked":"Dropkick+1","floor":35},{"not_picked":["Feel No Pain+1","Evolve"],"picked":"Heavy Blade","floor":36},{"not_picked":["Armaments+1","Flex"],"picked":"Rampage+1","floor":37},{"not_picked":["Corruption","Feel No Pain","Havoc"],"picked":"SKIP","floor":42},{"not_picked":["Dropkick+1","Evolve"],"picked":"Flex+1","floor":45},{"not_picked":["Searing Blow","Thunderclap+1"],"picked":"Heavy Blade","floor":46},{"not_picked":["Dramatic Entrance","PanicButton"],"picked":"The Bomb","floor":47}],"player_experience":133567,"relics_obtained":[{"floor":6,"key":"Torii"},{"floor":8,"key":"Girya"},{"floor":9,"key":"Ornamental Fan"},{"floor":13,"key":"Odd Mushroom"},{"floor":26,"key":"Meat on the Bone"},{"floor":27,"key":"Matryoshka"},{"floor":31,"key":"Orichalcum"},{"floor":42,"key":"Sundial"},{"floor":43,"key":"Whetstone"},{"floor":46,"key":"Centennial Puzzle"}],"event_choices":[{"damage_healed":0,"gold_gain":0,"player_choice":"Entered Light","damage_taken":17,"max_hp_gain":0,"max_hp_loss":0,"event_name":"Shining Light","floor":2,"gold_loss":0,"cards_upgraded":["Defend_R","Bash"]},{"cards_removed":["Strike_R"],"damage_healed":0,"gold_gain":0,"player_choice":"Card Removal","damage_taken":0,"max_hp_gain":0,"max_hp_loss":0,"event_name":"The Cleric","floor":3,"gold_loss":50},{"damage_healed":0,"gold_gain":0,"player_choice":"Fought Mushrooms","damage_taken":0,"max_hp_gain":0,"max_hp_loss":0,"event_name":"Mushrooms","floor":13,"gold_loss":0},{"damage_healed":0,"gold_gain":0,"player_choice":"Obtained Relic","damage_taken":0,"relics_obtained":["Oddly Smooth Stone"],"max_hp_gain":0,"max_hp_loss":0,"event_name":"Addict","floor":21,"gold_loss":85},{"damage_healed":0,"gold_gain":99,"player_choice":"Stole From Cult","damage_taken":0,"max_hp_gain":0,"max_hp_loss":0,"event_name":"Nest","floor":22,"gold_loss":0},{"damage_healed":0,"gold_gain":0,"player_choice":"Fight","damage_taken":0,"max_hp_gain":0,"max_hp_loss":0,"event_name":"Colosseum","floor":28,"gold_loss":0},{"damage_healed":0,"gold_gain":0,"player_choice":"Fled From Nobs","damage_taken":0,"max_hp_gain":0,"max_hp_loss":0,"event_name":"Colosseum","floor":28,"gold_loss":0},{"damage_healed":0,"gold_gain":0,"player_choice":"Ignored","damage_taken":0,"max_hp_gain":0,"max_hp_loss":0,"event_name":"Mysterious Sphere","floor":38,"gold_loss":0},{"damage_healed":0,"gold_gain":0,"player_choice":"Ignored","damage_taken":0,"max_hp_gain":0,"max_hp_loss":0,"event_name":"Tomb of Lord Red Mask","floor":39,"gold_loss":0},{"damage_healed":0,"gold_gain":0,"player_choice":"Memory 1","damage_taken":0,"max_hp_gain":0,"max_hp_loss":0,"event_name":"SensoryStone","floor":47,"gold_loss":0},{"damage_healed":60,"gold_gain":0,"player_choice":"Heal","damage_taken":0,"max_hp_gain":0,"max_hp_loss":0,"event_name":"MindBloom","floor":48,"gold_loss":0,"cards_obtained":["Doubt"]}],"is_beta":false,"boss_relics":[{"not_picked":["Eternal Feather","Lizard Tail"],"picked":"Empty Cage"},{"not_picked":["Runic Cube","Fusion Hammer"],"picked":"Mark of Pain"}],"items_purged_floors":[5,41],"is_endless":false,"potions_floor_spawned":[4,8,13,14,18,20,24,36,37,42],"ascension_level":4}