{"gold_per_floor":[115,190,77,95,43,43,43,62,62,137,137,166,166,179,179,279,279,292,303,14,14,25,38,38,38],"floor_reached":25,"playtime":1348,"items_purged":["Strike_B"],"score":201,"play_id":"d43f4402-2dab-430b-b848-6075c2c8c1e9","local_time":"20190425191557","is_ascension_mode":false,"campfire_choices":[{"data":"Seek","floor":6,"key":"SMITH"},{"data":"Zap","floor":11,"key":"SMITH"},{"data":"Sweeping Beam","floor":13,"key":"SMITH"},{"data":"Defragment","floor":15,"key":"SMITH"}],"neow_cost":"NONE","seed_source_timestamp":7023524467313,"circlet_count":0,"master_deck":["Defend_B","Defend_B","Defend_B","Zap+1","Dualcast","Seek+1","Conserve Battery","Melter","Ball Lightning","Core Surge","Sweeping Beam+1","Defragment+1","Echo Form","Biased Cognition+1","Biased Cognition+1","Capacitor","Ball Lightning"],"relics":["Cracked Core","Matryoshka","Oddly Smooth Stone","Astrolabe","Bird Faced Urn"],"potions_floor_usage":[],"damage_taken":[{"damage":0,"enemies":"Small Slimes","floor":1,"turns":4},{"damage":1,"enemies":"2 Louse","floor":4,"turns":3},{"damage":0,"enemies":"Cultist","floor":8,"turns":3},{"damage":15,"enemies":"3 Sentries","floor":12,"turns":7},{"damage":0,"enemies":"Looter","floor":14,"turns":3},{"damage":4,"enemies":"Slime Boss","floor":16,"turns":8},{"damage":28,"enemies":"2 Thieves","floor":18,"turns":4},{"damage":12,"enemies":"Chosen","floor":19,"turns":4},{"damage":17,"enemies":"Shelled Parasite and Fungi","floor":22,"turns":4},{"damage":21,"enemies":"Snake Plant","floor":23,"turns":5},{"damage":18,"enemies":"3 Cultists","floor":25,"turns":2}],"seed_played":"-5174007792167279382","potions_obtained":[{"floor":8,"key":"FearPotion"},{"floor":14,"key":"Fire Potion"},{"floor":23,"key":"Block Potion"}],"is_trial":false,"path_per_floor":["M","?","$","M","$","R","?","M","T","?","R","E","R","M","R","B",null,"M","M","$","?","M","M","?","M"],"character_chosen":"DEFECT","items_purchased":["Melter","Ball Lightning","Bird Faced Urn"],"campfire_rested":0,"item_purchase_floors":[3,5,20],"current_hp_per_floor":[75,64,64,63,63,63,63,63,63,56,56,41,41,41,41,37,75,47,35,35,35,24,13,13,0],"gold":38,"neow_bonus":"TRANSFORM_CARD","is_prod":false,"is_daily":false,"chose_seed":false,"campfire_upgraded":4,"win_rate":0.0,"timestamp":1556244957,"path_taken":["M","?","$","M","$","R","?","M","T","?","R","E","R","M","R","BOSS","M","M","?","?","M","M","?","?"],"build_version":"2019-01-23","purchased_purges":1,"victory":false,"max_hp_per_floor":[75,75,75,75,75,75,75,75,75,75,75,75,75,75,75,75,75,75,75,75,75,75,75,75,75],"card_choices":[{"not_picked":["Turbo","Steam"],"picked":"Conserve Battery","floor":1},{"not_picked":["Rebound","Chaos","Turbo"],"picked":"SKIP","floor":4},{"not_picked":["Tempest","Skim"],"picked":"Core Surge","floor":8},{"not_picked":["Tempest","Hello World"],"picked":"Sweeping Beam","floor":12},{"not_picked":["Stack","Steam"],"picked":"Defragment","floor":14},{"not_picked":["Seek","Buffer"],"picked":"Echo Form","floor":16},{"not_picked":["Hologram","Beam Cell"],"picked":"Capacitor","floor":18},{"not_picked":["Glacier","Redo+1"],"picked":"Ball Lightning","floor":19},{"not_picked":["Steam","Darkness","Scrape+1"],"picked":"SKIP","floor":22},{"not_picked":["Darkness","Sweeping Beam","Redo+1"],"picked":"SKIP","floor":23}],"player_experience":88424,"relics_obtained":[{"floor":9,"key":"Matryoshka"},{"floor":12,"key":"Oddly Smooth Stone"}],"event_choices":[{"damage_healed":0,"gold_gain":75,"player_choice":"Gather Gold","damage_taken":11,"max_hp_gain":0,"max_hp_loss":0,"event_name":"World of Goop","floor":2,"gold_loss":0},{"damage_healed":0,"gold_gain":0,"player_choice":"Ignored","damage_taken":0,"max_hp_gain":0,"max_hp_loss":0,"event_name":"Liars Game","floor":7,"gold_loss":0},{"damage_healed":0,"gold_gain":75,"player_choice":"Touch","damage_taken":7,"max_hp_gain":0,"max_hp_loss":0,"event_name":"FaceTrader","floor":10,"gold_loss":0},{"damage_healed":0,"gold_gain":0,"player_choice":"Ignored","damage_taken":0,"max_hp_gain":0,"max_hp_loss":0,"event_name":"Beggar","floor":21,"gold_loss":0},{"cards_removed":["Reprogram"],"damage_healed":0,"gold_gain":0,"player_choice":"Purged","damage_taken":0,"max_hp_gain":0,"max_hp_loss":0,"event_name":"Purifier","floor":24,"gold_loss":0}],"is_beta":false,"boss_relics":[{"not_picked":["White Beast Statue","Pandora\u0027s Box"],"picked":"Astrolabe"}],"items_purged_floors":[3],"is_endless":false,"potions_floor_spawned":[8,12,14,18,23],"killed_by":"3 Cultists","ascension_level":0}