{"gold_per_floor":[211,225,243,35,46,73,73,108,108,73,73,73,91,102,102,102],"floor_reached":16,"playtime":2139,"items_purged":[],"score":123,"play_id":"f3247ab5-8a48-4945-918f-89778d85099c","local_time":"20190826183757","is_ascension_mode":true,"campfire_choices":[{"floor":11.0,"key":"REST"},{"floor":15.0,"key":"REST"}],"neow_cost":"NONE","seed_source_timestamp":0,"circlet_count":0,"master_deck":["Strike_G","Strike_G","Strike_G","Strike_G","Strike_G","Defend_G","Defend_G","Defend_G","Defend_G","Defend_G","Survivor","Neutralize","Dagger Throw","Dodge and Roll","Slice","Blur","Endless Agony","Dagger Spray","Deflect","Cloak And Dagger"],"special_seed":0,"relics":["Ring of the Snake","Lee\u0027s Waffle","Snake Skull","Meat on the Bone","FossilizedHelix"],"potions_floor_usage":[16,16],"damage_taken":[{"damage":1.0,"enemies":"Cultist","floor":1.0,"turns":5.0},{"damage":0.0,"enemies":"Small Slimes","floor":2.0,"turns":3.0},{"damage":2.0,"enemies":"Jaw Worm","floor":3.0,"turns":6.0},{"damage":2.0,"enemies":"Exordium Thugs","floor":5.0,"turns":4.0},{"damage":32.0,"enemies":"3 Sentries","floor":6.0,"turns":20.0},{"damage":42.0,"enemies":"Gremlin Nob","floor":8.0,"turns":6.0},{"damage":0.0,"enemies":"Looter","floor":13.0,"turns":4.0},{"damage":0.0,"enemies":"3 Louse","floor":14.0,"turns":5.0},{"damage":81,"enemies":"The Guardian","floor":16,"turns":22}],"seed_played":"2284997180884924545","potions_obtained":[{"floor":2.0,"key":"Explosive Potion"},{"floor":6.0,"key":"Swift Potion"},{"floor":8.0,"key":"Block Potion"},{"floor":13.0,"key":"Block Potion"}],"is_trial":false,"path_per_floor":["M","M","M","$","M","E","$","E","T","?","R","?","M","M","R","B"],"character_chosen":"THE_SILENT","items_purchased":["Lee\u0027s Waffle"],"campfire_rested":2,"item_purchase_floors":[4],"current_hp_per_floor":[69,69,67,77,75,43,43,1,1,20,43,43,43,43,66,0],"gold":102,"neow_bonus":"HUNDRED_GOLD","is_prod":false,"is_daily":false,"chose_seed":false,"campfire_upgraded":0,"win_rate":0,"timestamp":1566862677,"path_taken":["M","M","?","$","M","E","$","E","T","?","R","?","M","M","R","BOSS"],"build_version":"2019-07-17","purchased_purges":0,"victory":false,"max_hp_per_floor":[70,70,70,77,77,77,77,77,77,77,77,77,77,77,77,77],"card_choices":[{"not_picked":["Underhanded Strike","Blade Dance"],"picked":"Dagger Throw","floor":1.0},{"not_picked":["Deadly Poison","Bane"],"picked":"Dodge and Roll","floor":2.0},{"not_picked":["Bane","Backflip"],"picked":"Slice","floor":3.0},{"not_picked":["Expertise","Acrobatics"],"picked":"Blur","floor":5.0},{"not_picked":["Well Laid Plans","Acrobatics"],"picked":"Endless Agony","floor":6.0},{"not_picked":["Backstab","Heel Hook"],"picked":"Dagger Spray","floor":8.0},{"not_picked":["Riddle With Holes","Infinite Blades"],"picked":"Deflect","floor":13.0},{"not_picked":["Blade Dance","Quick Slash"],"picked":"Cloak And Dagger","floor":14.0}],"player_experience":346067,"relics_obtained":[{"floor":6.0,"key":"Snake Skull"},{"floor":8.0,"key":"Meat on the Bone"},{"floor":9.0,"key":"FossilizedHelix"}],"event_choices":[{"damage_healed":19.0,"max_hp_gain":0.0,"max_hp_loss":0.0,"gold_gain":0.0,"event_name":"The Cleric","player_choice":"Healed","floor":10.0,"gold_loss":35.0,"damage_taken":0.0},{"damage_healed":0.0,"max_hp_gain":0.0,"max_hp_loss":0.0,"gold_gain":0.0,"event_name":"Golden Wing","player_choice":"Ignored","floor":12.0,"gold_loss":0.0,"damage_taken":0.0}],"is_beta":false,"boss_relics":[],"items_purged_floors":[],"is_endless":false,"potions_floor_spawned":[2,6,8,13],"killed_by":"The Guardian","ascension_level":2}