{"gold_per_floor":[109,123,137,149,165,165,151,151,151,151,171,185,220,235,235,235],"floor_reached":16,"playtime":1285,"items_purged":[],"score":108,"play_id":"04e49a55-5512-4502-9060-c6ff771bdc7a","local_time":"20190901105030","is_ascension_mode":false,"campfire_choices":[{"data":"Pommel Strike","floor":6,"key":"SMITH"},{"data":"Rage","floor":8,"key":"SMITH"},{"data":"Shrug It Off","floor":15,"key":"SMITH"}],"neow_cost":"NONE","seed_source_timestamp":370171213310500,"circlet_count":0,"master_deck":["Strike_R","Strike_R","Strike_R","Strike_R","Strike_R","Defend_R","Defend_R","Defend_R","Defend_R","Bash","Pommel Strike","Pommel Strike+1","Shrug It Off+1","Searing Blow","Headbutt","Rage+1","Iron Wave","Warcry","Anger","Body Slam"],"relics":["Burning Blood","Magic Flower","Question Card"],"potions_floor_usage":[4,11,16],"damage_taken":[{"damage":1,"enemies":"Cultist","floor":1,"turns":3},{"damage":5,"enemies":"Small Slimes","floor":2,"turns":3},{"damage":6,"enemies":"Jaw Worm","floor":3,"turns":4},{"damage":5,"enemies":"Lots of Slimes","floor":4,"turns":2},{"damage":7,"enemies":"Blue Slaver","floor":5,"turns":4},{"damage":17,"enemies":"Exordium Thugs","floor":7,"turns":6},{"damage":0,"enemies":"Large Slime","floor":11,"turns":2},{"damage":0,"enemies":"Exordium Wildlife","floor":12,"turns":3},{"damage":51,"enemies":"Gremlin Nob","floor":13,"turns":6},{"damage":0,"enemies":"2 Fungi Beasts","floor":14,"turns":3},{"damage":53,"enemies":"Slime Boss","floor":16,"turns":9}],"seed_played":"-4670275934849345051","potions_obtained":[{"floor":1,"key":"Explosive Potion"},{"floor":5,"key":"GamblersBrew"},{"floor":7,"key":"Fire Potion"},{"floor":13,"key":"Regen Potion"},{"floor":14,"key":"Regen Potion"}],"is_trial":false,"path_per_floor":["M","M","M","M","M","R","M","R","T","$","M","M","E","M","R","B"],"character_chosen":"IRONCLAD","items_purchased":[],"campfire_rested":0,"item_purchase_floors":[],"current_hp_per_floor":[80,80,80,80,79,79,68,68,68,68,77,80,38,47,47,0],"gold":235,"neow_bonus":"THREE_CARDS","is_prod":false,"is_daily":false,"chose_seed":false,"campfire_upgraded":3,"win_rate":0.0,"timestamp":1567349430,"path_taken":["M","?","M","M","M","R","M","R","T","$","?","?","E","M","R","BOSS"],"build_version":"2019-07-17","purchased_purges":0,"victory":false,"max_hp_per_floor":[80,80,80,80,80,80,80,80,80,80,80,80,80,80,80,80],"card_choices":[{"not_picked":["Armaments","Twin Strike"],"picked":"Pommel Strike","floor":0},{"not_picked":["Uppercut","Whirlwind"],"picked":"Pommel Strike","floor":1},{"not_picked":["Carnage","Spot Weakness"],"picked":"Shrug It Off","floor":2},{"not_picked":["Shockwave","Clash"],"picked":"Searing Blow","floor":3},{"not_picked":["Uppercut","Pommel Strike"],"picked":"Headbutt","floor":4},{"not_picked":["Warcry","Power Through"],"picked":"Rage","floor":5},{"not_picked":["Bludgeon","Second Wind"],"picked":"Iron Wave","floor":7},{"not_picked":["Pommel Strike","Twin Strike"],"picked":"Warcry","floor":11},{"not_picked":["Evolve","Shockwave","Warcry"],"picked":"SKIP","floor":12},{"not_picked":["Perfected Strike","Flex"],"picked":"Anger","floor":13},{"not_picked":["Whirlwind","Cleave","Rampage"],"picked":"Body Slam","floor":14}],"player_experience":49892,"relics_obtained":[{"floor":9,"key":"Magic Flower"},{"floor":13,"key":"Question Card"}],"event_choices":[],"is_beta":false,"boss_relics":[],"items_purged_floors":[],"is_endless":false,"potions_floor_spawned":[1,5,7,13,14],"killed_by":"Slime Boss","ascension_level":0}