{"gold_per_floor":[109,128,128,139,89,121,121,150,150,180,192,206,236,246,246,342,342,342],"floor_reached":18,"playtime":1917,"items_purged":[],"score":230,"play_id":"5b6a73dd-7e25-4c04-b983-070b67e7637e","local_time":"20190902100715","is_ascension_mode":true,"campfire_choices":[{"data":"Bash","floor":7,"key":"SMITH"},{"floor":15,"key":"REST"}],"neow_cost":"NONE","seed_source_timestamp":453334253164500,"circlet_count":0,"master_deck":["Strike_R","Strike_R","Strike_R","Strike_R","Defend_R","Defend_R","Defend_R","Defend_R","Bash+1","Clothesline","Metallicize","Shrug It Off","Inflame","Feed","Normality","Decay","Normality"],"relics":["Burning Blood","Oddly Smooth Stone","Bottled Flame","Bottled Tornado","Ancient Tea Set","Kunai","Centennial Puzzle","Calling Bell","Magic Flower","Meat on the Bone","Pen Nib"],"potions_floor_usage":[8,13,13,18],"damage_taken":[{"damage":0,"enemies":"Small Slimes","floor":1,"turns":3},{"damage":8,"enemies":"2 Louse","floor":2,"turns":3},{"damage":3,"enemies":"Cultist","floor":4,"turns":3},{"damage":21,"enemies":"Gremlin Nob","floor":6,"turns":5},{"damage":10,"enemies":"3 Sentries","floor":8,"turns":12},{"damage":35,"enemies":"Gremlin Nob","floor":10,"turns":5},{"damage":6,"enemies":"Exordium Wildlife","floor":11,"turns":4},{"damage":3,"enemies":"2 Fungi Beasts","floor":12,"turns":3},{"damage":1,"enemies":"Lagavulin","floor":13,"turns":8},{"damage":17,"enemies":"Gremlin Gang","floor":14,"turns":9},{"damage":32,"enemies":"Hexaghost","floor":16,"turns":13},{"damage":23,"enemies":"3 Byrds","floor":18,"turns":5}],"seed_played":"-3879874329110572150","potions_obtained":[{"floor":2,"key":"LiquidBronze"},{"floor":6,"key":"FearPotion"},{"floor":10,"key":"EssenceOfSteel"},{"floor":12,"key":"PowerPotion"},{"floor":16,"key":"Weak Potion"}],"is_trial":false,"path_per_floor":["M","M","?","M","?","E","R","E","T","E","M","M","E","M","R","B",null,"M"],"character_chosen":"IRONCLAD","items_purchased":[],"campfire_rested":1,"item_purchase_floors":[],"current_hp_per_floor":[88,86,74,77,77,62,62,58,58,29,29,32,37,26,52,26,88,65],"gold":342,"neow_bonus":"TEN_PERCENT_HP_BONUS","is_prod":false,"is_daily":false,"chose_seed":false,"campfire_upgraded":1,"win_rate":0,"timestamp":1567433235,"path_taken":["M","M","?","M","?","E","R","E","T","E","M","M","E","M","R","BOSS","M"],"build_version":"2019-07-17","purchased_purges":0,"victory":false,"max_hp_per_floor":[88,88,88,88,88,88,88,88,88,88,88,88,88,88,88,88,88,88],"card_choices":[{"not_picked":["Cleave","Dropkick"],"picked":"Clothesline","floor":1},{"not_picked":["Burning Pact","Second Wind"],"picked":"Metallicize","floor":2},{"not_picked":["Flex","Dual Wield"],"picked":"Shrug It Off","floor":4},{"not_picked":["Entrench","Sentinel","Rupture"],"picked":"SKIP","floor":6},{"not_picked":["Feel No Pain","Dual Wield","Perfected Strike"],"picked":"SKIP","floor":8},{"not_picked":["Pommel Strike","Body Slam"],"picked":"Inflame","floor":10},{"not_picked":["Burning Pact","Carnage","Dual Wield"],"picked":"SKIP","floor":11},{"not_picked":["Clothesline","Bloodletting","Pummel"],"picked":"SKIP","floor":12},{"not_picked":["Flex","Combust","Feel No Pain"],"picked":"SKIP","floor":13},{"not_picked":["Offering","Dropkick","Clash"],"picked":"SKIP","floor":14},{"not_picked":["Impervious","Limit Break"],"picked":"Feed","floor":16}],"player_experience":131650,"relics_obtained":[{"floor":6,"key":"Bottled Flame"},{"floor":8,"key":"Bottled Tornado"},{"floor":9,"key":"Ancient Tea Set"},{"floor":10,"key":"Kunai"},{"floor":13,"key":"Centennial Puzzle"},{"floor":17,"key":"Magic Flower"},{"floor":17,"key":"Meat on the Bone"},{"floor":17,"key":"Pen Nib"}],"event_choices":[{"damage_healed":0,"gold_gain":0,"player_choice":"Success","damage_taken":12,"relics_obtained":["Oddly Smooth Stone"],"max_hp_gain":0,"max_hp_loss":0,"event_name":"Scrap Ooze","floor":3,"gold_loss":0},{"cards_removed":["Strike_R"],"damage_healed":0,"gold_gain":0,"player_choice":"Card Removal","damage_taken":0,"max_hp_gain":0,"max_hp_loss":0,"event_name":"The Cleric","floor":5,"gold_loss":50}],"is_beta":false,"boss_relics":[{"not_picked":["Cursed Key","Tiny House"],"picked":"Calling Bell"}],"items_purged_floors":[],"is_endless":false,"potions_floor_spawned":[2,6,10,12,16],"killed_by":"3 Byrds","ascension_level":4}