{"gold_per_floor":[116,134,97,97,117,150,160,160,160,6,40,51,51,61,61,140,140,160,0,0,16,34,34,34,51,51,82,82,82,96,107,107,107],"floor_reached":33,"playtime":2307,"items_purged":[],"score":513,"play_id":"aff9bb18-02c2-421e-b274-60dd29d824da","local_time":"20190829181746","is_ascension_mode":true,"campfire_choices":[{"data":"Neutralize","floor":8.0,"key":"SMITH"},{"floor":13.0,"key":"REST"},{"floor":15.0,"key":"REST"},{"floor":23.0,"key":"REST"},{"floor":28.0,"key":"REST"},{"floor":32,"key":"REST"}],"neow_cost":"TEN_PERCENT_HP_LOSS","seed_source_timestamp":0,"circlet_count":0,"master_deck":["AscendersBane","Strike_G+1","Strike_G+1","Strike_G+1","Strike_G+1","Defend_G+1","Defend_G+1","Defend_G+1","Defend_G+1","Defend_G+1","Survivor","Neutralize+1","All Out Attack","Cloak And Dagger","Well Laid Plans","All Out Attack","Predator","Reflex","Tactician","Calculated Gamble","Envenom","Underhanded Strike","Unload","Shame"],"special_seed":0,"relics":["Ring of the Serpent","Mango","Paper Crane","Ornamental Fan","Bag of Marbles","Singing Bowl","Shovel","Centennial Puzzle","Letter Opener"],"potions_floor_usage":[31],"damage_taken":[{"damage":6.0,"enemies":"Cultist","floor":1.0,"turns":4.0},{"damage":15.0,"enemies":"Small Slimes","floor":2.0,"turns":4.0},{"damage":6.0,"enemies":"Jaw Worm","floor":5.0,"turns":3.0},{"damage":20.0,"enemies":"3 Sentries","floor":6.0,"turns":5.0},{"damage":6.0,"enemies":"Blue Slaver","floor":7.0,"turns":3.0},{"damage":10.0,"enemies":"Lagavulin","floor":11.0,"turns":6.0},{"damage":8.0,"enemies":"Exordium Thugs","floor":12.0,"turns":4.0},{"damage":6.0,"enemies":"Gremlin Gang","floor":14.0,"turns":2.0},{"damage":37.0,"enemies":"Slime Boss","floor":16.0,"turns":11.0},{"damage":18.0,"enemies":"Chosen","floor":18.0,"turns":5.0},{"damage":19.0,"enemies":"3 Byrds","floor":21.0,"turns":5.0},{"damage":11.0,"enemies":"Centurion and Healer","floor":22.0,"turns":8.0},{"damage":12.0,"enemies":"3 Cultists","floor":25.0,"turns":5.0},{"damage":17.0,"enemies":"Book of Stabbing","floor":27.0,"turns":7.0},{"damage":34.0,"enemies":"Snake Plant","floor":30.0,"turns":6.0},{"damage":0,"enemies":"Snecko","floor":31,"turns":5},{"damage":31,"enemies":"Champ","floor":33,"turns":9}],"seed_played":"9048217950314425291","potions_obtained":[{"floor":2.0,"key":"Energy Potion"},{"floor":11.0,"key":"Weak Potion"},{"floor":14.0,"key":"Fire Potion"},{"floor":22.0,"key":"EssenceOfSteel"},{"floor":30.0,"key":"Energy Potion"}],"is_trial":false,"path_per_floor":["M","M","$","?","M","E","M","R","T","$","E","M","R","M","R","B",null,"M","?","?","M","M","R","$","M","T","E","R","?","M","M","R","B"],"character_chosen":"THE_SILENT","items_purchased":["Well Laid Plans","Bag of Marbles"],"campfire_rested":5,"item_purchase_floors":[3,10],"current_hp_per_floor":[67,52,52,52,46,26,20,20,20,20,10,4,26,20,42,5,58,42,42,42,23,14,38,38,26,26,11,35,35,3,5,30,0],"gold":107,"neow_bonus":"ONE_RARE_RELIC","is_prod":false,"is_daily":false,"chose_seed":false,"campfire_upgraded":1,"win_rate":0,"timestamp":1567124266,"path_taken":["M","?","$","?","?","E","M","R","T","$","E","M","R","M","R","BOSS","M","?","?","?","M","R","$","?","T","E","R","?","M","M","R","BOSS"],"build_version":"2019-08-26","purchased_purges":0,"victory":false,"max_hp_per_floor":[74,74,74,74,74,74,74,74,74,74,74,76,76,76,76,76,76,78,78,78,78,80,80,80,80,80,82,82,82,84,86,86,86],"card_choices":[{"not_picked":["Poisoned Stab","Acrobatics"],"picked":"All Out Attack","floor":1.0},{"not_picked":["Sucker Punch","Distraction"],"picked":"Cloak And Dagger","floor":2.0},{"not_picked":["Blade Dance","Prepared"],"picked":"All Out Attack","floor":5.0},{"not_picked":["Cloak And Dagger","Unload"],"picked":"Predator","floor":6.0},{"not_picked":["Choke","Acrobatics"],"picked":"Reflex","floor":7.0},{"not_picked":["Eviscerate","Crippling Poison"],"picked":"Tactician","floor":11.0},{"not_picked":["Poisoned Stab","Blade Dance","Catalyst"],"picked":"Singing Bowl","floor":12.0},{"not_picked":["Dagger Throw","Flying Knee"],"picked":"Calculated Gamble","floor":14.0},{"not_picked":["Doppelganger","Corpse Explosion"],"picked":"Envenom","floor":16.0},{"not_picked":["Outmaneuver","Deflect","Cloak And Dagger"],"picked":"Singing Bowl","floor":18.0},{"not_picked":["Bane","Distraction"],"picked":"Underhanded Strike","floor":21.0},{"not_picked":["Deadly Poison","Catalyst","Backflip"],"picked":"Singing Bowl","floor":22.0},{"not_picked":["Dagger Spray","Catalyst"],"picked":"Unload","floor":25.0},{"not_picked":["PiercingWail","Slice","Catalyst"],"picked":"Singing Bowl","floor":27.0},{"not_picked":["Heel Hook","Deadly Poison","Concentrate"],"picked":"Singing Bowl","floor":30.0},{"not_picked":["Dagger Throw","Deflect","Backstab"],"picked":"Singing Bowl","floor":31}],"player_experience":841677,"relics_obtained":[{"floor":6.0,"key":"Paper Crane"},{"floor":9.0,"key":"Ornamental Fan"},{"floor":11.0,"key":"Singing Bowl"},{"floor":26.0,"key":"Shovel"},{"floor":27.0,"key":"Centennial Puzzle"}],"event_choices":[{"cards_removed":["Strike_G"],"damage_healed":0.0,"max_hp_gain":0.0,"max_hp_loss":0.0,"gold_gain":0.0,"event_name":"Bonfire Elementals","player_choice":"Offered Basic","floor":4.0,"gold_loss":0.0,"damage_taken":0.0},{"damage_healed":0.0,"max_hp_gain":0.0,"max_hp_loss":0.0,"gold_gain":0.0,"event_name":"Masked Bandits","player_choice":"Paid Fearfully","floor":19.0,"gold_loss":160.0,"damage_taken":0.0},{"damage_healed":0.0,"max_hp_gain":0.0,"max_hp_loss":0.0,"gold_gain":0.0,"event_name":"Back to Basics","player_choice":"Simplicity","floor":20.0,"gold_loss":0.0,"damage_taken":0.0,"cards_upgraded":["Strike_G","Strike_G","Strike_G","Strike_G","Defend_G","Defend_G","Defend_G","Defend_G","Defend_G"]},{"damage_healed":0.0,"max_hp_gain":0.0,"max_hp_loss":0.0,"gold_gain":0.0,"event_name":"Addict","player_choice":"Stole Relic","floor":29.0,"gold_loss":0.0,"damage_taken":0.0,"relics_obtained":["Letter Opener"],"cards_obtained":["Shame"]}],"is_beta":true,"boss_relics":[{"not_picked":["Philosopher\u0027s Stone","Eternal Feather"],"picked":"Ring of the Serpent"}],"items_purged_floors":[],"is_endless":false,"potions_floor_spawned":[2,11,12,14,22,30],"killed_by":"Champ","ascension_level":15}