{"gold_per_floor":[116,116,61,74,90,90,101,66,92,92,92,120,133,133,133,230,230,213,128,128,145,157,157,174,174,174,174,191,191],"floor_reached":29,"playtime":2531,"items_purged":[],"score":298,"play_id":"8d3f3636-f154-41b9-8433-bf641173d9b2","local_time":"20190727021441","is_ascension_mode":true,"campfire_choices":[{"data":"Bash","floor":6,"key":"SMITH"},{"data":"Anger","floor":10,"key":"SMITH"},{"floor":15,"key":"REST"},{"floor":23,"key":"REST"},{"floor":27,"key":"REST"}],"neow_cost":"NONE","seed_source_timestamp":1302090792276748,"circlet_count":0,"master_deck":["Strike_R","Strike_R","Strike_R","Strike_R","Defend_R","Defend_R","Defend_R","Defend_R","Bash+1","Rupture","Seeing Red","Clothesline","Anger+1","Uppercut","Flex","Flex","Berserk","Flex","Anger+1","Double Tap","Anger+1","Anger"],"relics":["Burning Blood","Regal Pillow","Red Skull","Blood Vial","Runic Cube","Mango","MutagenicStrength","Centennial Puzzle"],"potions_floor_usage":[12],"damage_taken":[{"damage":0,"enemies":"Small Slimes","floor":1,"turns":5},{"damage":1,"enemies":"Cultist","floor":4,"turns":4},{"damage":4,"enemies":"2 Louse","floor":5,"turns":5},{"damage":26,"enemies":"Large Slime","floor":7,"turns":10},{"damage":25,"enemies":"Gremlin Nob","floor":12,"turns":5},{"damage":20,"enemies":"Exordium Thugs","floor":13,"turns":5},{"damage":71,"enemies":"The Guardian","floor":16,"turns":8},{"damage":30,"enemies":"2 Thieves","floor":18,"turns":4},{"damage":37,"enemies":"Shell Parasite","floor":21,"turns":7},{"damage":42,"enemies":"Snake Plant","floor":22,"turns":4},{"damage":48,"enemies":"Shelled Parasite and Fungi","floor":24,"turns":4},{"damage":33,"enemies":"Centurion and Healer","floor":28,"turns":4},{"damage":48,"enemies":"Cultist and Chosen","floor":29,"turns":4}],"seed_played":"-4977438053909291894","potions_obtained":[{"floor":5,"key":"PowerPotion"},{"floor":7,"key":"Block Potion"},{"floor":12,"key":"Strength Potion"},{"floor":22,"key":"SteroidPotion"}],"is_trial":false,"path_per_floor":["M","$","?","M","M","R","M","?","T","R","?","E","M","$","R","B",null,"M","?","?","M","M","R","M","?","T","R","M","M"],"character_chosen":"IRONCLAD","items_purchased":[],"campfire_rested":3,"item_purchase_floors":[],"current_hp_per_floor":[88,88,88,88,88,88,68,88,88,88,88,69,57,57,88,23,88,64,78,78,49,15,60,20,20,20,65,40,0],"gold":191,"neow_bonus":"TEN_PERCENT_HP_BONUS","is_prod":false,"is_daily":false,"chose_seed":false,"campfire_upgraded":2,"win_rate":0,"timestamp":1564211681,"path_taken":["M","$","?","?","M","R","M","?","T","R","?","E","M","$","R","BOSS","M","?","?","M","M","R","M","?","T","R","M","?"],"build_version":"2019-07-17","purchased_purges":0,"victory":false,"max_hp_per_floor":[88,88,88,88,88,88,88,88,88,88,88,88,88,88,88,88,88,88,102,102,102,102,102,102,102,102,102,102,102],"card_choices":[{"not_picked":["Shrug It Off","Sentinel"],"picked":"Rupture","floor":1},{"not_picked":["Iron Wave","Sword Boomerang"],"picked":"Seeing Red","floor":4},{"not_picked":["Perfected Strike","Clash"],"picked":"Clothesline","floor":5},{"not_picked":["Perfected Strike","Ghostly Armor"],"picked":"Anger","floor":7},{"not_picked":["Brutality","Body Slam"],"picked":"Flex","floor":12},{"not_picked":["Disarm","Metallicize"],"picked":"Flex","floor":13},{"not_picked":["Exhume","Demon Form"],"picked":"Berserk","floor":16},{"not_picked":["Sword Boomerang","Clash"],"picked":"Flex","floor":18},{"not_picked":["Rupture","Clothesline"],"picked":"Anger+1","floor":21},{"not_picked":["Body Slam","Twin Strike"],"picked":"Double Tap","floor":22},{"not_picked":["Seeing Red+1","Heavy Blade"],"picked":"Anger+1","floor":24},{"not_picked":["Perfected Strike","Sentinel"],"picked":"Anger","floor":28}],"player_experience":187965,"relics_obtained":[{"floor":9,"key":"Red Skull"},{"floor":12,"key":"Blood Vial"},{"floor":26,"key":"Centennial Puzzle"}],"event_choices":[{"damage_healed":0,"gold_gain":0,"player_choice":"Paid Gold","damage_taken":0,"relics_obtained":["Regal Pillow"],"max_hp_gain":0,"max_hp_loss":0,"event_name":"WeMeetAgain","floor":3,"gold_loss":55},{"damage_healed":22,"gold_gain":0,"player_choice":"Healed","damage_taken":0,"max_hp_gain":0,"max_hp_loss":0,"event_name":"The Cleric","floor":8,"gold_loss":35},{"damage_healed":0,"gold_gain":0,"cards_transformed":["Strike_R"],"player_choice":"Transformed","damage_taken":0,"max_hp_gain":0,"max_hp_loss":0,"event_name":"Transmorgrifier","floor":11,"gold_loss":0,"cards_obtained":["Uppercut"]},{"damage_healed":0,"gold_gain":0,"player_choice":"Obtained Relic","damage_taken":0,"relics_obtained":["Mango"],"max_hp_gain":0,"max_hp_loss":0,"event_name":"Addict","floor":19,"gold_loss":85},{"damage_healed":0,"gold_gain":0,"player_choice":"Inject Mutagens","damage_taken":0,"relics_obtained":["MutagenicStrength"],"max_hp_gain":0,"max_hp_loss":0,"event_name":"Drug Dealer","floor":20,"gold_loss":0},{"damage_healed":0,"gold_gain":0,"player_choice":"Bought 0 Potions","damage_taken":0,"max_hp_gain":0,"max_hp_loss":0,"event_name":"The Woman in Blue","floor":25,"gold_loss":0}],"is_beta":false,"boss_relics":[{"not_picked":["Cursed Key","Empty Cage"],"picked":"Runic Cube"}],"items_purged_floors":[],"is_endless":false,"potions_floor_spawned":[5,7,12,22,24],"killed_by":"Cultist and Chosen","ascension_level":2}