{"gold_per_floor":[119,139,152,172,24,24,57,57,57,57,73,86,119,119,119,224,224,238,337,354,0,0,0,15,15,62,62,93,93,113,128,128,228,528,545,565,565,565],"floor_reached":38,"playtime":7349,"items_purged":[],"score":497,"play_id":"d945dda9-8f04-4e4a-a1d9-affc0d009001","local_time":"20190817173632","is_ascension_mode":true,"campfire_choices":[{"data":"Dagger Spray","floor":6,"key":"SMITH"},{"floor":8,"key":"REST"},{"data":"Endless Agony","floor":10,"key":"SMITH"},{"floor":15,"key":"REST"},{"floor":23,"key":"REST"},{"floor":25,"key":"REST"},{"floor":29,"key":"REST"},{"floor":32,"key":"REST"}],"neow_cost":"NONE","seed_source_timestamp":335989372272933,"circlet_count":0,"master_deck":["Strike_G","Strike_G","Defend_G","Defend_G","Defend_G","Defend_G","Defend_G","Survivor","Neutralize","Blade Dance","Dagger Spray+1","Endless Agony+1","Prepared","PiercingWail","Dagger Spray","Riddle With Holes","Masterful Stab","Corpse Explosion","Dagger Throw+1","Bullet Time+1","Well Laid Plans+1","Flechettes+1","Catalyst","Poisoned Stab","Slice","Flying Knee","Endless Agony+1","Dash+1","Footwork","Die Die Die","Clumsy","Clumsy"],"relics":["Ring of the Snake","Bronze Scales","Oddly Smooth Stone","Darkstone Periapt","Kunai","Dream Catcher","Astrolabe","Snake Skull","MealTicket","Nilry\u0027s Codex","Boot","Strawberry","Calling Bell","Blood Vial","Singing Bowl","Old Coin"],"potions_floor_usage":[13,20,33,33,33,35,38],"damage_taken":[{"damage":0,"enemies":"Cultist","floor":1,"turns":5},{"damage":2,"enemies":"2 Louse","floor":2,"turns":3},{"damage":0,"enemies":"Small Slimes","floor":3,"turns":3},{"damage":0,"enemies":"Blue Slaver","floor":4,"turns":4},{"damage":9,"enemies":"3 Sentries","floor":7,"turns":6},{"damage":0,"enemies":"2 Fungi Beasts","floor":11,"turns":2},{"damage":6,"enemies":"Exordium Thugs","floor":12,"turns":4},{"damage":23,"enemies":"Lagavulin","floor":13,"turns":8},{"damage":29,"enemies":"Hexaghost","floor":16,"turns":11},{"damage":0,"enemies":"3 Byrds","floor":18,"turns":2},{"damage":20,"enemies":"2 Thieves","floor":20,"turns":3},{"damage":12,"enemies":"Cultist and Chosen","floor":24,"turns":4},{"damage":45,"enemies":"Slavers","floor":28,"turns":4},{"damage":11,"enemies":"Chosen and Byrds","floor":30,"turns":3},{"damage":19,"enemies":"Centurion and Healer","floor":31,"turns":4},{"damage":45,"enemies":"Collector","floor":33,"turns":11},{"damage":74,"enemies":"3 Darklings","floor":35,"turns":4},{"damage":13,"enemies":"3 Shapes","floor":36,"turns":3},{"damage":39,"enemies":"Maw","floor":38,"turns":8}],"seed_played":"8277137537214555700","potions_obtained":[{"floor":1,"key":"Regen Potion"},{"floor":4,"key":"SneckoOil"},{"floor":13,"key":"SpeedPotion"},{"floor":18,"key":"Poison Potion"},{"floor":28,"key":"Dexterity Potion"},{"floor":33,"key":"Fire Potion"},{"floor":36,"key":"Regen Potion"}],"is_trial":false,"path_per_floor":["M","M","M","M","$","R","E","R","T","R","M","M","E","?","R","B",null,"M","?","M","$","?","R","M","R","T","$","E","R","M","M","R","B",null,"M","M","?","M"],"character_chosen":"THE_SILENT","items_purchased":["Oddly Smooth Stone","Snake Skull","MealTicket"],"campfire_rested":6,"item_purchase_floors":[5,21,21],"current_hp_per_floor":[70,68,68,68,68,68,59,70,70,70,70,64,53,53,70,41,70,70,70,50,50,34,55,43,64,64,70,32,55,44,25,48,3,95,23,14,14,0],"gold":565,"neow_bonus":"RANDOM_COMMON_RELIC","is_prod":false,"is_daily":false,"chose_seed":false,"campfire_upgraded":2,"win_rate":0,"timestamp":1566081392,"path_taken":["M","?","M","M","$","R","E","R","T","R","M","M","E","?","R","BOSS","M","?","M","$","?","R","M","R","T","$","E","R","M","M","R","BOSS","M","M","?","?"],"build_version":"2019-07-17","purchased_purges":0,"victory":false,"max_hp_per_floor":[70,70,70,70,70,70,70,70,70,70,70,70,70,70,70,70,70,70,70,70,70,70,70,70,70,70,70,77,77,77,77,77,77,95,97,99,99,99],"card_choices":[{"not_picked":["Riddle With Holes","Underhanded Strike"],"picked":"Blade Dance","floor":1},{"not_picked":["Acrobatics","Slice"],"picked":"Dagger Spray","floor":2},{"not_picked":["Blade Dance","Sucker Punch"],"picked":"Endless Agony","floor":3},{"not_picked":["Concentrate","Terror"],"picked":"Prepared","floor":4},{"not_picked":["Concentrate","Phantasmal Killer"],"picked":"PiercingWail","floor":7},{"not_picked":["Dodge and Roll","Outmaneuver","Well Laid Plans"],"picked":"SKIP","floor":11},{"not_picked":["Blade Dance","Reflex"],"picked":"Dagger Spray","floor":12},{"not_picked":["Bullet Time","Underhanded Strike"],"picked":"Riddle With Holes","floor":13},{"not_picked":["Sucker Punch","Bane"],"picked":"Masterful Stab","floor":15},{"not_picked":["Die Die Die","Wraith Form v2"],"picked":"Corpse Explosion","floor":16},{"not_picked":["Masterful Stab","Outmaneuver"],"picked":"Flechettes+1","floor":18},{"not_picked":["Setup","Concentrate+1"],"picked":"Catalyst","floor":20},{"not_picked":["Quick Slash","Deflect"],"picked":"Poisoned Stab","floor":23},{"not_picked":["Leg Sweep+1","Outmaneuver"],"picked":"Slice","floor":24},{"not_picked":["Tactician","Blade Dance"],"picked":"Flying Knee","floor":25},{"not_picked":["Prepared","Heel Hook"],"picked":"Endless Agony+1","floor":28},{"not_picked":["Dagger Spray","Setup","Terror"],"picked":"SKIP","floor":30},{"not_picked":["Cloak And Dagger+1","Outmaneuver+1"],"picked":"Dash+1","floor":31},{"not_picked":["Sucker Punch","Blade Dance"],"picked":"Footwork","floor":32},{"not_picked":["After Image","Malaise"],"picked":"Die Die Die","floor":33},{"not_picked":["Poisoned Stab","Sucker Punch+1","Cloak And Dagger+1"],"picked":"Singing Bowl","floor":35},{"not_picked":["Cloak And Dagger+1","Heel Hook+1","Prepared"],"picked":"Singing Bowl","floor":36}],"player_experience":317452,"relics_obtained":[{"floor":7,"key":"Darkstone Periapt"},{"floor":9,"key":"Kunai"},{"floor":13,"key":"Dream Catcher"},{"floor":22,"key":"Nilry\u0027s Codex"},{"floor":26,"key":"Boot"},{"floor":28,"key":"Strawberry"},{"floor":34,"key":"Blood Vial"},{"floor":34,"key":"Singing Bowl"},{"floor":34,"key":"Old Coin"}],"event_choices":[{"damage_healed":0,"gold_gain":0,"player_choice":"Ignored","damage_taken":0,"max_hp_gain":0,"max_hp_loss":0,"event_name":"Shining Light","floor":14,"gold_loss":0},{"damage_healed":0,"gold_gain":99,"player_choice":"Stole From Cult","damage_taken":0,"max_hp_gain":0,"max_hp_loss":0,"event_name":"Nest","floor":19,"gold_loss":0},{"damage_healed":0,"gold_gain":0,"player_choice":"Obtained Book","damage_taken":16,"max_hp_gain":0,"max_hp_loss":0,"event_name":"Cursed Tome","floor":22,"gold_loss":0},{"cards_removed":["Pain"],"damage_healed":0,"gold_gain":0,"player_choice":"Purged","damage_taken":0,"max_hp_gain":0,"max_hp_loss":0,"event_name":"Purifier","floor":37,"gold_loss":0}],"is_beta":false,"boss_relics":[{"not_picked":["Eternal Feather","HoveringKite"],"picked":"Astrolabe"},{"not_picked":["Ring of the Serpent","Tiny House"],"picked":"Calling Bell"}],"items_purged_floors":[],"is_endless":false,"potions_floor_spawned":[1,4,13,18,28,33,36],"killed_by":"Maw","ascension_level":2}