{"gold_per_floor":[116,116,116,133,133,158,158,183,183,203,203,203,213,228,228,299,299,313,313,323,165,165,165,91,101,101,121,134,49,49,64,64,64],"floor_reached":33,"playtime":5726,"items_purged":[],"score":564,"play_id":"bc538ea1-d88f-4593-b0d2-d22a6690f766","local_time":"20190804141139","is_ascension_mode":true,"campfire_choices":[{"data":"Genetic Algorithm","floor":7,"key":"SMITH"},{"floor":12,"key":"REST"},{"data":"Redo","floor":15,"key":"SMITH"},{"data":"Dualcast","floor":23,"key":"SMITH"},{"floor":30,"key":"REST"},{"floor":32,"key":"REST"}],"neow_cost":"NONE","seed_source_timestamp":3740141945100,"circlet_count":0,"master_deck":["AscendersBane","Strike_B","Strike_B+1","Defend_B","Defend_B","Defend_B","Zap","Dualcast+1","Genetic Algorithm+1","Sweeping Beam","Redo+1","Auto Shields","Electrodynamics","Thunder Strike+1","Conserve Battery","Self Repair","Defragment","Buffer","Chill"],"relics":["Cracked Core","NeowsBlessing","Symbiotic Virus","Ornamental Fan","Peace Pipe","Sozu","Whetstone","Nloth\u0027s Gift","Pocketwatch","Strawberry"],"potions_floor_usage":[16,27],"damage_taken":[{"damage":0,"enemies":"Jaw Worm","floor":1,"turns":1},{"damage":0,"enemies":"2 Louse","floor":4,"turns":1},{"damage":0,"enemies":"Gremlin Nob","floor":6,"turns":1},{"damage":30,"enemies":"Lagavulin","floor":8,"turns":5},{"damage":6,"enemies":"Cultist","floor":10,"turns":3},{"damage":3,"enemies":"Exordium Thugs","floor":13,"turns":4},{"damage":0,"enemies":"Looter","floor":14,"turns":3},{"damage":10,"enemies":"Slime Boss","floor":16,"turns":7},{"damage":13,"enemies":"Chosen","floor":18,"turns":5},{"damage":11,"enemies":"2 Thieves","floor":20,"turns":3},{"damage":23,"enemies":"Shelled Parasite and Fungi","floor":25,"turns":4},{"damage":15,"enemies":"Chosen and Byrds","floor":27,"turns":5},{"damage":10,"enemies":"Snake Plant","floor":28,"turns":4},{"damage":6,"enemies":"Centurion and Healer","floor":31,"turns":4},{"damage":82,"enemies":"Collector","floor":33,"turns":10}],"seed_played":"582426387156007914","potions_obtained":[{"floor":1,"key":"Block Potion"},{"floor":13,"key":"SteroidPotion"},{"floor":14,"key":"FocusPotion"}],"is_trial":false,"path_per_floor":["M","?","?","M","$","E","R","E","T","M","?","R","M","M","R","B",null,"M","?","M","$","?","R","$","M","T","M","M","?","R","M","R","B"],"character_chosen":"DEFECT","items_purchased":["Whetstone","Defragment"],"campfire_rested":3,"item_purchase_floors":[21,24],"current_hp_per_floor":[64,57,57,57,57,57,57,27,27,21,21,42,39,39,39,29,61,48,48,44,44,44,44,44,28,28,20,17,24,47,48,71,0],"gold":64,"neow_bonus":"THREE_ENEMY_KILL","is_prod":false,"is_daily":false,"chose_seed":false,"campfire_upgraded":3,"win_rate":0,"timestamp":1564949499,"path_taken":["M","?","?","?","?","E","R","E","T","M","?","R","M","M","R","BOSS","M","?","?","$","?","R","$","M","T","?","M","?","R","M","R","BOSS"],"build_version":"2019-07-18","purchased_purges":0,"victory":false,"max_hp_per_floor":[71,71,71,71,71,71,71,71,71,71,71,71,71,71,71,71,71,71,71,71,71,71,71,71,71,71,71,71,78,78,78,78,78],"card_choices":[{"not_picked":["Skim","Compile Driver"],"picked":"Genetic Algorithm","floor":1},{"not_picked":["Ball Lightning","Redo"],"picked":"Sweeping Beam","floor":4},{"not_picked":["Gash","Force Field","Turbo"],"picked":"SKIP","floor":6},{"not_picked":["Turbo","Gash"],"picked":"Redo","floor":8},{"not_picked":["Leap","FTL"],"picked":"Auto Shields","floor":10},{"not_picked":["Conserve Battery","Undo"],"picked":"Electrodynamics","floor":13},{"not_picked":["Steam","Go for the Eyes","Compile Driver"],"picked":"SKIP","floor":14},{"not_picked":["Seek","Fission"],"picked":"Thunder Strike","floor":16},{"not_picked":["Turbo+1","Gash"],"picked":"Conserve Battery","floor":18},{"not_picked":["Sweeping Beam","Redo","Recycle"],"picked":"SKIP","floor":20},{"not_picked":["Streamline","Fission","Ball Lightning"],"picked":"SKIP","floor":25},{"not_picked":["Sweeping Beam","Gash"],"picked":"Buffer","floor":27},{"not_picked":["Rebound","Barrage"],"picked":"Chill","floor":28},{"not_picked":["Aggregate","Static Discharge","Fusion"],"picked":"SKIP","floor":31}],"player_experience":832684,"relics_obtained":[{"floor":6,"key":"Symbiotic Virus"},{"floor":8,"key":"Darkstone Periapt"},{"floor":9,"key":"Ornamental Fan"},{"floor":26,"key":"Pocketwatch"}],"event_choices":[{"cards_removed":["Strike_B"],"damage_healed":0,"gold_gain":0,"player_choice":"Card Removal","damage_taken":7,"max_hp_gain":0,"max_hp_loss":0,"event_name":"Golden Wing","floor":2,"gold_loss":0},{"cards_removed":["Defend_B"],"damage_healed":0,"gold_gain":0,"player_choice":"Offered Basic","damage_taken":0,"max_hp_gain":0,"max_hp_loss":0,"event_name":"Bonfire Elementals","floor":3,"gold_loss":0},{"damage_healed":0,"gold_gain":0,"player_choice":"Searched \u00271\u0027 times","damage_taken":0,"relics_obtained":["Peace Pipe"],"max_hp_gain":0,"max_hp_loss":0,"event_name":"Dead Adventurer","floor":11,"gold_loss":0},{"damage_healed":0,"gold_gain":0,"cards_transformed":["Strike_B"],"player_choice":"Transformed","damage_taken":0,"max_hp_gain":0,"max_hp_loss":0,"event_name":"Transmorgrifier","floor":19,"gold_loss":0,"cards_obtained":["Self Repair"]},{"damage_healed":0,"gold_gain":0,"player_choice":"Traded Relic","damage_taken":0,"relics_obtained":["Nloth\u0027s Gift"],"max_hp_gain":0,"max_hp_loss":0,"event_name":"N\u0027loth","floor":22,"relics_lost":["Darkstone Periapt"],"gold_loss":0},{"damage_healed":0,"gold_gain":0,"player_choice":"Obtained Relic","damage_taken":0,"relics_obtained":["Strawberry"],"max_hp_gain":0,"max_hp_loss":0,"event_name":"Addict","floor":29,"gold_loss":85}],"is_beta":true,"boss_relics":[{"not_picked":["Lizard Tail","Coffee Dripper"],"picked":"Sozu"}],"items_purged_floors":[],"is_endless":false,"potions_floor_spawned":[1,13,14,20,28],"killed_by":"Collector","ascension_level":20}