{"gold_per_floor":[112,132,142,27,27,61,61,76,103,103,123,148,160,14,14,117,117,135,135,135,153,153,153,173,184,184,184],"floor_reached":27,"playtime":1778,"items_purged":["Defend_G"],"score":215,"play_id":"66e4a0ae-d852-450c-b1c9-4f4bdd452fe0","local_time":"20190429163455","is_ascension_mode":false,"campfire_choices":[{"data":"Finisher","floor":7,"key":"SMITH"},{"floor":15,"key":"REST"},{"floor":23,"key":"REST"}],"neow_cost":"NONE","seed_source_timestamp":19520918548284,"circlet_count":0,"master_deck":["Defend_G","Defend_G","Defend_G","Defend_G","Strike_G","Strike_G","Strike_G","Strike_G","Strike_G","Survivor","Neutralize","Cloak And Dagger","Finisher+1","Infinite Blades","Backflip","Blade Dance","Backflip","Blade Dance","RitualDagger","Cloak And Dagger","Prepared+1"],"relics":["Ring of the Snake","Bag of Marbles","Art of War","Juzu Bracelet","Odd Mushroom","Blood Vial","Molten Egg 2"],"potions_floor_usage":[21],"damage_taken":[{"damage":0,"enemies":"2 Louse","floor":1,"turns":3},{"damage":2,"enemies":"Small Slimes","floor":2,"turns":4},{"damage":1,"enemies":"Cultist","floor":3,"turns":3},{"damage":15,"enemies":"Gremlin Nob","floor":6,"turns":4},{"damage":2,"enemies":"Exordium Wildlife","floor":8,"turns":4},{"damage":15,"enemies":"2 Fungi Beasts","floor":11,"turns":3},{"damage":12,"enemies":"The Mushroom Lair","floor":12,"turns":4},{"damage":0,"enemies":"Looter","floor":13,"turns":4},{"damage":24,"enemies":"Slime Boss","floor":16,"turns":12},{"damage":10,"enemies":"2 Thieves","floor":18,"turns":4},{"damage":27,"enemies":"Shell Parasite","floor":21,"turns":5},{"damage":14,"enemies":"Colosseum Slavers","floor":22,"turns":5},{"damage":25,"enemies":"Shelled Parasite and Fungi","floor":24,"turns":5},{"damage":21,"enemies":"Centurion and Healer","floor":25,"turns":9},{"damage":21,"enemies":"Book of Stabbing","floor":27,"turns":1}],"seed_played":"2119247036621734833","potions_obtained":[{"floor":2,"key":"GhostInAJar"},{"floor":3,"key":"FearPotion"},{"floor":8,"key":"LiquidBronze"},{"floor":16,"key":"GhostInAJar"},{"floor":21,"key":"Fruit Juice"}],"is_trial":false,"path_per_floor":["M","M","M","$","?","E","R","M","T","?","M","?","M","$","R","B",null,"M","?","?","M","?","R","M","M","T","E"],"character_chosen":"THE_SILENT","items_purchased":["Infinite Blades","Blood Vial"],"campfire_rested":2,"item_purchase_floors":[4,14],"current_hp_per_floor":[77,75,74,74,62,47,47,45,45,45,30,18,18,18,41,19,77,67,67,61,41,29,53,30,11,11,0],"gold":184,"neow_bonus":"TEN_PERCENT_HP_BONUS","is_prod":false,"is_daily":false,"chose_seed":false,"campfire_upgraded":1,"win_rate":0,"timestamp":1556580895,"path_taken":["M","M","M","$","?","E","R","M","T","?","M","?","M","$","R","BOSS","M","?","?","M","?","R","M","M","T","E"],"build_version":"2019-01-23","purchased_purges":1,"victory":false,"max_hp_per_floor":[77,77,77,77,77,77,77,77,77,77,77,77,77,77,77,77,77,77,77,77,82,82,82,82,82,82,82],"card_choices":[{"not_picked":["PiercingWail","Deflect"],"picked":"Cloak And Dagger","floor":1},{"not_picked":["Deadly Poison","Leg Sweep"],"picked":"Finisher","floor":2},{"not_picked":["Endless Agony","Well Laid Plans","PiercingWail"],"picked":"SKIP","floor":3},{"not_picked":["Unload","Slice","Expertise"],"picked":"SKIP","floor":6},{"not_picked":["Skewer","Flechettes","Riddle With Holes"],"picked":"SKIP","floor":8},{"not_picked":["Crippling Poison","PiercingWail"],"picked":"Backflip","floor":11},{"not_picked":["Endless Agony","Bane"],"picked":"Blade Dance","floor":13},{"not_picked":["Dagger Spray","Dagger Throw+1"],"picked":"Backflip","floor":18},{"not_picked":["Slice","Sucker Punch","Quick Slash"],"picked":"SKIP","floor":21},{"not_picked":["Backflip","PiercingWail+1"],"picked":"Cloak And Dagger","floor":24},{"not_picked":["Bane+1","Predator"],"picked":"Prepared+1","floor":25}],"player_experience":99233,"relics_obtained":[{"floor":6,"key":"Art of War"},{"floor":9,"key":"Juzu Bracelet"},{"floor":12,"key":"Odd Mushroom"},{"floor":26,"key":"Molten Egg 2"}],"event_choices":[{"damage_healed":0,"gold_gain":0,"player_choice":"Success","damage_taken":12,"relics_obtained":["Bag of Marbles"],"max_hp_gain":0,"max_hp_loss":0,"event_name":"Scrap Ooze","floor":5,"gold_loss":0},{"damage_healed":0,"gold_gain":0,"player_choice":"Ignored","damage_taken":0,"max_hp_gain":0,"max_hp_loss":0,"event_name":"NoteForYourself","floor":10,"gold_loss":0},{"damage_healed":0,"gold_gain":0,"player_choice":"Fought Mushrooms","damage_taken":0,"max_hp_gain":0,"max_hp_loss":0,"event_name":"Mushrooms","floor":12,"gold_loss":0},{"damage_healed":0,"gold_gain":0,"player_choice":"Read","damage_taken":0,"max_hp_gain":0,"max_hp_loss":0,"event_name":"The Library","floor":19,"gold_loss":0,"cards_obtained":["Blade Dance"]},{"damage_healed":0,"gold_gain":0,"player_choice":"Joined the Cult","damage_taken":6,"max_hp_gain":0,"max_hp_loss":0,"event_name":"Nest","floor":20,"gold_loss":0,"cards_obtained":["RitualDagger"]},{"damage_healed":0,"gold_gain":0,"player_choice":"Fight","damage_taken":0,"max_hp_gain":0,"max_hp_loss":0,"event_name":"Colosseum","floor":22,"gold_loss":0},{"damage_healed":0,"gold_gain":0,"player_choice":"Fled From Nobs","damage_taken":0,"max_hp_gain":0,"max_hp_loss":0,"event_name":"Colosseum","floor":22,"gold_loss":0}],"is_beta":false,"boss_relics":[{"not_picked":["Calling Bell","Coffee Dripper","Fusion Hammer"]}],"items_purged_floors":[4],"is_endless":false,"potions_floor_spawned":[2,3,8,12,16,18,21],"killed_by":"Book of Stabbing","ascension_level":0}