{"gold_per_floor":[113,113,188,188,207,207,225,238,238,267,267,286,286,319,319,319],"floor_reached":16,"playtime":1418,"items_purged":[],"score":127,"play_id":"ab34508b-fea7-4ba9-864c-32dba13ffe53","local_time":"20190720012651","is_ascension_mode":true,"campfire_choices":[{"floor":6,"key":"REST"},{"floor":13,"key":"REST"},{"floor":15,"key":"REST"}],"neow_cost":"NONE","seed_source_timestamp":695509306922175,"circlet_count":0,"master_deck":["Strike_B","Strike_B","Strike_B","Strike_B","Defend_B","Defend_B","Defend_B","Defend_B","Zap","Dualcast","Redo","Conserve Battery","Hyperbeam","Doom and Gloom+1","Capacitor+1","Sweeping Beam","Leap"],"relics":["Cracked Core","Blood Vial","Matryoshka","Frozen Egg 2","Smiling Mask"],"potions_floor_usage":[14,16],"damage_taken":[{"damage":5,"enemies":"2 Louse","floor":1,"turns":2},{"damage":4,"enemies":"Small Slimes","floor":5,"turns":3},{"damage":6,"enemies":"Cultist","floor":7,"turns":4},{"damage":9,"enemies":"Blue Slaver","floor":8,"turns":3},{"damage":13,"enemies":"3 Sentries","floor":10,"turns":3},{"damage":22,"enemies":"Lots of Slimes","floor":12,"turns":2},{"damage":20,"enemies":"Lagavulin","floor":14,"turns":5},{"damage":69,"enemies":"Hexaghost","floor":16,"turns":11}],"seed_played":"4542324319280414853","potions_obtained":[{"floor":5,"key":"SpeedPotion"},{"floor":7,"key":"FairyPotion"},{"floor":12,"key":"Fire Potion"}],"is_trial":false,"path_per_floor":["M","?","?","$","M","R","M","M","T","E","?","M","R","E","R","B"],"character_chosen":"DEFECT","items_purchased":[],"campfire_rested":3,"item_purchase_floors":[],"current_hp_per_floor":[70,70,63,63,61,75,69,62,62,51,51,31,53,35,57,0],"gold":319,"neow_bonus":"RANDOM_COMMON_RELIC","is_prod":false,"is_daily":false,"chose_seed":false,"campfire_upgraded":0,"win_rate":0,"timestamp":1563604011,"path_taken":["M","?","?","$","M","R","M","?","T","E","?","M","R","E","R","BOSS"],"build_version":"2019-07-17","purchased_purges":0,"victory":false,"max_hp_per_floor":[75,75,75,75,75,75,75,75,75,75,75,75,75,75,75,75],"card_choices":[{"not_picked":["Rebound","Aggregate"],"picked":"Redo","floor":1},{"not_picked":["Stack","Consume"],"picked":"Conserve Battery","floor":5},{"not_picked":["Coolheaded","Hologram"],"picked":"Hyperbeam","floor":7},{"not_picked":["Defragment","Stack"],"picked":"Doom and Gloom","floor":8},{"not_picked":["Conserve Battery","Machine Learning"],"picked":"Capacitor","floor":10},{"not_picked":["Undo","Go for the Eyes"],"picked":"Sweeping Beam","floor":12},{"not_picked":["Coolheaded","Sunder"],"picked":"Leap","floor":14}],"player_experience":175639,"relics_obtained":[{"floor":9,"key":"Matryoshka"},{"floor":10,"key":"Frozen Egg 2"},{"floor":14,"key":"Smiling Mask"}],"event_choices":[{"damage_healed":0,"gold_gain":0,"player_choice":"Ignored","damage_taken":0,"max_hp_gain":0,"max_hp_loss":0,"event_name":"Golden Wing","floor":2,"gold_loss":0},{"damage_healed":0,"gold_gain":75,"player_choice":"Touch","damage_taken":7,"max_hp_gain":0,"max_hp_loss":0,"event_name":"FaceTrader","floor":3,"gold_loss":0},{"damage_healed":0,"gold_gain":0,"player_choice":"Upgraded","damage_taken":0,"max_hp_gain":0,"max_hp_loss":0,"event_name":"Upgrade Shrine","floor":11,"gold_loss":0,"cards_upgraded":["Doom and Gloom"]}],"is_beta":false,"boss_relics":[],"items_purged_floors":[],"is_endless":false,"potions_floor_spawned":[5,7,12],"killed_by":"Hexaghost","ascension_level":3}