{"gold_per_floor":[116,128,128,17,17,52,52,106,200,222,234,266,293,324,336,450,462,486,513,545,229,244,244,272,285,337,337,348,348,348,360,360,360],"floor_reached":33,"playtime":1664,"items_purged":["Strike_B","Strike_B"],"score":296,"play_id":"4b35b65e-b91d-41cb-b838-7b0215cf6cc7","local_time":"20190605205309","is_ascension_mode":false,"campfire_choices":[{"data":"Sweeping Beam","floor":11,"key":"SMITH"},{"data":"Zap","floor":15,"key":"SMITH"},{"floor":23,"key":"REST"},{"floor":30,"key":"REST"},{"floor":32,"key":"REST"}],"neow_cost":"NONE","seed_source_timestamp":36588992761981,"circlet_count":0,"master_deck":["Strike_B+1","Strike_B+1","Defend_B+1","Defend_B+1","Defend_B+1","Defend_B+1","Zap+1","Dualcast","Sweeping Beam+1","Static Discharge+1","Ball Lightning","Barrage","Go for the Eyes+1","Purity"],"relics":["Cracked Core","NeowsBlessing","Juzu Bracelet","MawBank","The Courier","Busted Crown","Letter Opener","Turnip","Blood Vial"],"potions_floor_usage":[20],"damage_taken":[{"damage":0,"enemies":"2 Louse","floor":1,"turns":1},{"damage":0,"enemies":"Jaw Worm","floor":2,"turns":1},{"damage":0,"enemies":"Gremlin Nob","floor":6,"turns":1},{"damage":1,"enemies":"Cultist","floor":10,"turns":3},{"damage":3,"enemies":"Exordium Wildlife","floor":12,"turns":2},{"damage":0,"enemies":"3 Louse","floor":13,"turns":3},{"damage":1,"enemies":"Exordium Thugs","floor":14,"turns":3},{"damage":37,"enemies":"The Guardian","floor":16,"turns":7},{"damage":21,"enemies":"3 Byrds","floor":18,"turns":2},{"damage":16,"enemies":"Shell Parasite","floor":19,"turns":3},{"damage":16,"enemies":"Centurion and Healer","floor":20,"turns":5},{"damage":22,"enemies":"Snake Plant","floor":22,"turns":2},{"damage":20,"enemies":"Gremlin Leader","floor":24,"turns":5},{"damage":5,"enemies":"Cultist and Chosen","floor":25,"turns":4},{"damage":8,"enemies":"Snecko","floor":28,"turns":5},{"damage":1,"enemies":"Centurion and Healer","floor":31,"turns":7},{"damage":71,"enemies":"Champ","floor":33,"turns":13}],"seed_played":"4085996101592799873","potions_obtained":[{"floor":6,"key":"Swift Potion"},{"floor":10,"key":"SpeedPotion"},{"floor":14,"key":"Energy Potion"},{"floor":20,"key":"Fruit Juice"},{"floor":22,"key":"Swift Potion"}],"is_trial":false,"path_per_floor":["M","M","?","$","?","E","?","T","T","M","R","M","M","M","R","B",null,"M","M","M","$","M","R","E","M","T","?","M","?","R","M","R","B"],"character_chosen":"DEFECT","items_purchased":["Static Discharge","Barrage","Letter Opener"],"campfire_rested":3,"item_purchase_floors":[4,21,21],"current_hp_per_floor":[75,75,80,80,80,80,80,80,80,79,79,76,76,75,75,38,80,59,43,32,32,10,35,15,10,10,10,4,4,29,30,55,0],"gold":360,"neow_bonus":"THREE_ENEMY_KILL","is_prod":false,"is_daily":false,"chose_seed":false,"campfire_upgraded":2,"win_rate":0,"timestamp":1559793189,"path_taken":["M","M","?","$","?","E","?","?","T","M","R","M","M","M","R","BOSS","M","M","M","$","M","R","E","M","T","?","M","?","R","M","R","BOSS"],"build_version":"2019-01-23","purchased_purges":2,"victory":false,"max_hp_per_floor":[75,75,80,80,80,80,80,80,80,80,80,80,80,80,80,80,80,80,80,85,85,85,85,85,85,85,85,85,85,85,85,85,85],"card_choices":[{"not_picked":["Coolheaded","Sunder"],"picked":"Sweeping Beam","floor":1},{"not_picked":["Redo","Skim","Auto Shields"],"picked":"SKIP","floor":2},{"not_picked":["Conserve Battery","Skim","Sunder"],"picked":"SKIP","floor":6},{"not_picked":["Rebound","Conserve Battery"],"picked":"Ball Lightning","floor":10},{"not_picked":["Heatsinks","Compile Driver","Aggregate"],"picked":"SKIP","floor":12},{"not_picked":["Beam Cell","Heatsinks","FTL"],"picked":"SKIP","floor":13},{"not_picked":["Double Energy","Self Repair","Lockon"],"picked":"SKIP","floor":14},{"not_picked":["Go for the Eyes"],"picked":"SKIP","floor":18},{"not_picked":["Beam Cell"],"picked":"SKIP","floor":19},{"not_picked":["Steam+1"],"picked":"SKIP","floor":20},{"not_picked":[],"picked":"Go for the Eyes+1","floor":22},{"not_picked":["Sunder"],"picked":"SKIP","floor":24},{"not_picked":["Steam"],"picked":"SKIP","floor":25},{"not_picked":["Redo"],"picked":"SKIP","floor":28},{"not_picked":["Compile Driver"],"picked":"SKIP","floor":31}],"player_experience":202742,"relics_obtained":[{"floor":6,"key":"Juzu Bracelet"},{"floor":8,"key":"MawBank"},{"floor":9,"key":"The Courier"},{"floor":24,"key":"Turnip"},{"floor":26,"key":"Blood Vial"}],"event_choices":[{"damage_healed":0,"gold_gain":0,"player_choice":"Donut","damage_taken":0,"max_hp_gain":5,"max_hp_loss":0,"event_name":"Big Fish","floor":3,"gold_loss":0},{"damage_healed":0,"gold_gain":0,"player_choice":"Grow","damage_taken":0,"max_hp_gain":0,"max_hp_loss":0,"event_name":"Living Wall","floor":5,"gold_loss":0,"cards_upgraded":["Static Discharge"]},{"damage_healed":0,"gold_gain":0,"player_choice":"Ignored","damage_taken":0,"max_hp_gain":0,"max_hp_loss":0,"event_name":"NoteForYourself","floor":7,"gold_loss":0},{"damage_healed":0,"gold_gain":0,"player_choice":"Simplicity","damage_taken":0,"max_hp_gain":0,"max_hp_loss":0,"event_name":"Back to Basics","floor":27,"gold_loss":0,"cards_upgraded":["Strike_B","Strike_B","Defend_B","Defend_B","Defend_B","Defend_B"]},{"damage_healed":0,"gold_gain":0,"player_choice":"1 cards matched","damage_taken":0,"max_hp_gain":0,"max_hp_loss":0,"event_name":"Match and Keep!","floor":29,"gold_loss":0,"cards_obtained":["Purity"]}],"is_beta":false,"boss_relics":[{"not_picked":["FrozenCore","Runic Dome"],"picked":"Busted Crown"}],"items_purged_floors":[4,21],"is_endless":false,"potions_floor_spawned":[6,10,14,16,20,22,25,28],"killed_by":"Champ","ascension_level":0}