{"gold_per_floor":[117,37,37,37,37,37,70,31,31,31,61,76,104,119,119,193,193,206,206,206,206,33,33,50,50,74,90,108,142,142,170,170,241,241,261,261,261,661,709,735,750,424,424,424,424,424,114,114,114,114,114,114,114,30,63,63],"floor_reached":57,"playtime":2331,"items_purged":["Hello World","Hello World"],"score":3056,"play_id":"3f7aa0c9-6d5a-492d-8655-28a3b5d4ff20","local_time":"20190815180137","is_ascension_mode":true,"campfire_choices":[{"data":"Zap","floor":6.0,"key":"SMITH"},{"data":"Heatsinks","floor":10.0,"key":"SMITH"},{"data":"Dualcast","floor":15.0,"key":"SMITH"},{"data":"Turbo","floor":23.0,"key":"SMITH"},{"data":"Turbo","floor":25.0,"key":"SMITH"},{"floor":30.0,"key":"REST"},{"floor":32.0,"key":"REST"},{"floor":44.0,"key":"RECALL"},{"data":"Recycle","floor":46.0,"key":"SMITH"},{"data":"Heatsinks","floor":49.0,"key":"SMITH"},{"data":"Biased Cognition","floor":53.0,"key":"SMITH"}],"neow_cost":"NONE","seed_source_timestamp":1554680644828058,"circlet_count":0,"master_deck":["AscendersBane","Zap+1","Dualcast+1","Tempest","Heatsinks+1","Rainbow","Storm","Reinforced Body","Conserve Battery","Undo","Seek","Biased Cognition+1","White Noise","White Noise","Lockon","Turbo+1","Meteor Strike","Heatsinks+1","Turbo+1","Recycle+1","Coolheaded+1","Storm","Amplify+1","Coolheaded+1","Stack+1","Reboot+1","Glacier+1","Coolheaded+1","Capacitor","Hologram+1"],"special_seed":0,"relics":["Cracked Core","NeowsBlessing","Torii","Ornamental Fan","Pen Nib","Turnip","Question Card","Pandora\u0027s Box","Bag of Preparation","Toxic Egg 2","Juzu Bracelet","Empty Cage","FossilizedHelix","Old Coin","Mango","Girya","Gremlin Horn","TheAbacus"],"potions_floor_usage":[56,56],"damage_taken":[{"damage":0.0,"enemies":"Small Slimes","floor":1.0,"turns":1.0},{"damage":0.0,"enemies":"3 Sentries","floor":7.0,"turns":2.0},{"damage":0.0,"enemies":"Lagavulin","floor":11.0,"turns":1.0},{"damage":0.0,"enemies":"Cultist","floor":12.0,"turns":3.0},{"damage":70.0,"enemies":"Gremlin Nob","floor":13.0,"turns":5.0},{"damage":1.0,"enemies":"Jaw Worm","floor":14.0,"turns":4.0},{"damage":14.0,"enemies":"The Guardian","floor":16.0,"turns":12.0},{"damage":1.0,"enemies":"Spheric Guardian","floor":18.0,"turns":4.0},{"damage":12.0,"enemies":"3 Byrds","floor":24.0,"turns":4.0},{"damage":0.0,"enemies":"Snecko","floor":27.0,"turns":4.0},{"damage":7.0,"enemies":"Shelled Parasite and Fungi","floor":28.0,"turns":2.0},{"damage":0.0,"enemies":"Gremlin Leader","floor":29.0,"turns":3.0},{"damage":22.0,"enemies":"Slavers","floor":31.0,"turns":2.0},{"damage":17.0,"enemies":"Collector","floor":33.0,"turns":5.0},{"damage":6.0,"enemies":"3 Darklings","floor":35.0,"turns":2.0},{"damage":1.0,"enemies":"Mind Bloom Boss Battle","floor":38.0,"turns":3.0},{"damage":11.0,"enemies":"2 Orb Walkers","floor":39.0,"turns":2.0},{"damage":0.0,"enemies":"Nemesis","floor":40.0,"turns":3.0},{"damage":0.0,"enemies":"3 Shapes","floor":41.0,"turns":3.0},{"damage":0.0,"enemies":"Time Eater","floor":50.0,"turns":8.0},{"damage":0.0,"enemies":"Donu and Deca","floor":51.0,"turns":4.0},{"damage":51.0,"enemies":"Shield and Spear","floor":55.0,"turns":5.0},{"damage":10,"enemies":"The Heart","floor":56,"turns":11}],"seed_played":"7412780825140615341","potions_obtained":[{"floor":1.0,"key":"Regen Potion"},{"floor":3.0,"key":"Regen Potion"},{"floor":16.0,"key":"Strength Potion"},{"floor":18.0,"key":"Fire Potion"},{"floor":24.0,"key":"FearPotion"},{"floor":29.0,"key":"FocusPotion"},{"floor":41.0,"key":"AttackPotion"},{"floor":55.0,"key":"Regen Potion"}],"is_trial":false,"path_per_floor":["M","$","?","$","T","R","E","$","T","R","E","M","E","M","R","B",null,"M","?","?","T","$","R","M","R","T","M","M","E","R","E","R","B",null,"M","?","T","?","?","E","M","$","T","R","?","R","$","?","R","B","B",null,"R","$","E","B",null],"character_chosen":"DEFECT","items_purchased":["Heatsinks","Storm","Meteor Strike","Heatsinks","Coolheaded+1","Capacitor","EntropicBrew","TheAbacus","Ancient Potion"],"campfire_rested":2,"item_purchase_floors":[2,8,22,22,42,42,42,47,54],"current_hp_per_floor":[64,64,64,64,64,64,64,64,64,64,64,64,16,15,15,1,54,53,53,33,33,33,33,21,21,21,21,14,14,36,14,36,19,62,56,56,56,55,58,58,58,58,58,58,58,58,58,58,58,58,58,78,78,78,27,32],"gold":63,"neow_bonus":"THREE_ENEMY_KILL","is_prod":false,"is_daily":false,"chose_seed":false,"campfire_upgraded":8,"win_rate":0,"timestamp":1565863297,"path_taken":["M","$","?","?","?","R","E","$","T","R","E","?","E","M","R","BOSS","M","?","?","?","$","R","M","R","T","M","M","E","R","E","R","BOSS","M","?","?","?","?","E","M","$","T","R","?","R","$","?","R","BOSS","BOSS","R","$","E","BOSS"],"build_version":"2019-07-17","purchased_purges":2,"victory":true,"max_hp_per_floor":[71,71,71,71,71,71,71,71,71,71,71,71,71,71,71,71,71,71,71,76,76,76,76,76,76,76,76,76,76,76,76,76,76,76,76,76,76,76,90,90,90,90,90,90,85,85,85,85,85,85,85,85,85,85,85,85],"card_choices":[{"not_picked":["Auto Shields","Steam"],"picked":"Tempest","floor":1.0},{"not_picked":["Leap","Redo"],"picked":"Rainbow","floor":7.0},{"not_picked":["Go for the Eyes","Streamline"],"picked":"Reinforced Body","floor":11.0},{"not_picked":["Hologram","Rebound"],"picked":"Conserve Battery","floor":12.0},{"not_picked":["FTL","Rip and Tear"],"picked":"Undo","floor":13.0},{"not_picked":["Rebound","Ball Lightning","Beam Cell"],"picked":"Seek","floor":14.0},{"not_picked":["Amplify","Machine Learning","Thunder Strike"],"picked":"Biased Cognition","floor":16.0},{"not_picked":["Stack","Sweeping Beam","Lockon"],"picked":"Turbo","floor":18.0},{"not_picked":["Sweeping Beam","Double Energy","Melter"],"picked":"Turbo","floor":24.0},{"not_picked":["Stack","Hello World+1","Machine Learning"],"picked":"Recycle","floor":27.0},{"not_picked":["Go for the Eyes","Compile Driver","Sweeping Beam","Ball Lightning+1"],"picked":"SKIP","floor":28.0},{"not_picked":["Undo","Turbo","Beam Cell"],"picked":"Coolheaded","floor":29.0},{"not_picked":["Thunder Strike","Turbo+1","Steam+1"],"picked":"Storm","floor":31.0},{"not_picked":["Hyperbeam","All For One","Multi-Cast+1"],"picked":"Amplify+1","floor":33.0},{"not_picked":["Stack+1","Streamline","Undo+1"],"picked":"Coolheaded+1","floor":35.0},{"not_picked":["Blizzard","Chaos+1","Static Discharge"],"picked":"Stack+1","floor":39.0},{"not_picked":["Gash","Rebound","Steam+1"],"picked":"Reboot+1","floor":40.0},{"not_picked":["Capacitor","Reprogram+1","Hologram+1"],"picked":"Glacier+1","floor":41.0},{"not_picked":["Heatsinks","Reinforced Body+1","Sweeping Beam"],"picked":"Hologram+1","floor":55.0}],"player_experience":2175942,"relics_obtained":[{"floor":5.0,"key":"Torii"},{"floor":7.0,"key":"Ornamental Fan"},{"floor":9.0,"key":"Pen Nib"},{"floor":11.0,"key":"Turnip"},{"floor":13.0,"key":"Question Card"},{"floor":26.0,"key":"Bag of Preparation"},{"floor":29.0,"key":"Toxic Egg 2"},{"floor":31.0,"key":"Juzu Bracelet"},{"floor":37.0,"key":"FossilizedHelix"},{"floor":38.0,"key":"Old Coin"},{"floor":39.0,"key":"Mango"},{"floor":40.0,"key":"Girya"},{"floor":43.0,"key":"Gremlin Horn"}],"event_choices":[{"damage_healed":0.0,"max_hp_gain":0.0,"max_hp_loss":0.0,"gold_gain":0.0,"event_name":"Lab","player_choice":"Got Potions","floor":3.0,"gold_loss":0.0,"damage_taken":0.0},{"damage_healed":0.0,"max_hp_gain":0.0,"max_hp_loss":0.0,"gold_gain":0.0,"event_name":"The Mausoleum","player_choice":"Ignored","floor":19.0,"gold_loss":0.0,"damage_taken":0.0},{"damage_healed":0.0,"max_hp_gain":5.0,"max_hp_loss":0.0,"gold_gain":0.0,"event_name":"Forgotten Altar","player_choice":"Shed Blood","floor":20.0,"gold_loss":0.0,"damage_taken":25.0},{"cards_removed":["Melter"],"damage_healed":0.0,"max_hp_gain":0.0,"max_hp_loss":0.0,"gold_gain":0.0,"event_name":"Falling","player_choice":"Removed Attack","floor":36.0,"gold_loss":0.0,"damage_taken":0.0},{"damage_healed":0.0,"max_hp_gain":0.0,"max_hp_loss":0.0,"gold_gain":0.0,"event_name":"MindBloom","player_choice":"Fight","floor":38.0,"gold_loss":0.0,"damage_taken":0.0},{"damage_healed":0.0,"max_hp_gain":0.0,"max_hp_loss":0.0,"gold_gain":0.0,"event_name":"Mysterious Sphere","player_choice":"Fight","floor":39.0,"gold_loss":0.0,"damage_taken":0.0},{"damage_healed":0.0,"max_hp_gain":0.0,"max_hp_loss":5.0,"gold_gain":0.0,"event_name":"Winding Halls","player_choice":"Max HP","floor":45.0,"gold_loss":0.0,"damage_taken":0.0},{"damage_healed":0.0,"max_hp_gain":0.0,"max_hp_loss":0.0,"gold_gain":0.0,"event_name":"SecretPortal","player_choice":"Ignored","floor":48.0,"gold_loss":0.0,"damage_taken":0.0}],"is_beta":false,"boss_relics":[{"not_picked":["Astrolabe","Philosopher\u0027s Stone"],"picked":"Pandora\u0027s Box"},{"not_picked":["Cursed Key","FrozenCore"],"picked":"Empty Cage"}],"items_purged_floors":[42,47],"is_endless":false,"potions_floor_spawned":[1,16,18,24,29,33,35,41,55],"ascension_level":20}