{"gold_per_floor":[359,374,374,324,33,68,93,93,171,171,271,292,330,350,350,480,480,503,35,55,74,94,94,135,156,156,156,189,189,213,228,228,228],"floor_reached":33,"playtime":5005,"items_purged":["Strike_R"],"score":430,"play_id":"79dc9863-18df-473d-af3f-fb48e66d1397","local_time":"20190902165709","is_ascension_mode":true,"campfire_choices":[{"data":"Bash","floor":8,"key":"SMITH"},{"floor":10,"key":"REST"},{"data":"Rampage","floor":15,"key":"SMITH"},{"data":"Metallicize","floor":23,"key":"SMITH"},{"data":"Flame Barrier","floor":29,"key":"SMITH"},{"data":"Anger","floor":32,"key":"SMITH"}],"neow_cost":"PERCENT_DAMAGE","seed_source_timestamp":474837136231400,"circlet_count":0,"master_deck":["Defend_R","Defend_R","Defend_R","Defend_R","Bash+1","Twin Strike","Anger+1","Headbutt","Rampage+1","Shrug It Off","Flame Barrier+1","Metallicize+1","Battle Trance","Uppercut+1","Shockwave+1","Battle Trance+1","Iron Wave","Disarm","Inflame+1","Heavy Blade","Headbutt+1","Disarm+1","Shrug It Off+1","Clothesline+1","Ghostly Armor"],"relics":["Burning Blood","Golden Idol","Prayer Wheel","Bag of Marbles","Meat on the Bone","Anchor","Astrolabe","Oddly Smooth Stone","Darkstone Periapt","Letter Opener","Frozen Egg 2","Potion Belt"],"potions_floor_usage":[6,24],"damage_taken":[{"damage":1,"enemies":"Cultist","floor":1,"turns":4},{"damage":0,"enemies":"2 Louse","floor":2,"turns":3},{"damage":38,"enemies":"Lagavulin","floor":6,"turns":7},{"damage":3,"enemies":"Small Slimes","floor":7,"turns":4},{"damage":11,"enemies":"Looter","floor":12,"turns":2},{"damage":12,"enemies":"3 Sentries","floor":13,"turns":7},{"damage":0,"enemies":"Large Slime","floor":14,"turns":4},{"damage":29,"enemies":"The Guardian","floor":16,"turns":12},{"damage":5,"enemies":"2 Thieves","floor":18,"turns":5},{"damage":0,"enemies":"Shell Parasite","floor":20,"turns":6},{"damage":2,"enemies":"Chosen and Byrds","floor":21,"turns":6},{"damage":12,"enemies":"3 Cultists","floor":22,"turns":5},{"damage":43,"enemies":"Gremlin Leader","floor":24,"turns":7},{"damage":0,"enemies":"Shelled Parasite and Fungi","floor":25,"turns":6},{"damage":0,"enemies":"Book of Stabbing","floor":28,"turns":6},{"damage":7,"enemies":"Chosen and Byrds","floor":30,"turns":7},{"damage":5,"enemies":"Centurion and Healer","floor":31,"turns":7},{"damage":67,"enemies":"Automaton","floor":33,"turns":12}],"seed_played":"4685994343579493030","potions_obtained":[{"floor":1,"key":"Block Potion"},{"floor":2,"key":"LiquidBronze"},{"floor":13,"key":"Weak Potion"},{"floor":20,"key":"Block Potion"},{"floor":21,"key":"Swift Potion"},{"floor":24,"key":"FearPotion"},{"floor":31,"key":"LiquidBronze"}],"is_trial":false,"path_per_floor":["M","M","?","?","$","E","M","R","T","R","?","M","E","M","R","B",null,"M","$","M","M","M","R","E","M","T","?","E","R","M","M","R","B"],"character_chosen":"IRONCLAD","items_purchased":["Prayer Wheel","Oddly Smooth Stone","Darkstone Periapt"],"campfire_rested":1,"item_purchase_floors":[5,19,19],"current_hp_per_floor":[61,67,67,67,67,35,38,38,38,60,60,55,49,55,55,44,67,68,68,74,74,68,68,43,49,49,49,55,55,54,55,55,0],"gold":228,"neow_bonus":"TWO_FIFTY_GOLD","is_prod":false,"is_daily":false,"chose_seed":false,"campfire_upgraded":5,"win_rate":0,"timestamp":1567457829,"path_taken":["M","M","?","?","$","E","M","R","T","R","?","M","E","M","R","BOSS","M","$","M","M","M","R","E","?","T","?","E","R","M","M","R","BOSS"],"build_version":"2019-07-17","purchased_purges":1,"victory":false,"max_hp_per_floor":[80,80,74,74,74,74,74,74,74,74,74,74,74,74,74,74,74,74,74,74,74,74,74,74,74,74,74,74,74,74,74,74,74],"card_choices":[{"not_picked":["Inflame","Perfected Strike"],"picked":"Twin Strike","floor":1},{"not_picked":["True Grit","Iron Wave"],"picked":"Anger","floor":2},{"not_picked":["Burning Pact","Thunderclap","Dual Wield"],"picked":"SKIP","floor":6},{"not_picked":["Fire Breathing","Havoc"],"picked":"Headbutt","floor":7},{"not_picked":["Thunderclap","Reckless Charge"],"picked":"Rampage","floor":7},{"not_picked":["Rampage","Perfected Strike"],"picked":"Shrug It Off","floor":12},{"not_picked":["Havoc","Disarm"],"picked":"Flame Barrier","floor":12},{"not_picked":["Offering","Intimidate","Perfected Strike"],"picked":"SKIP","floor":13},{"not_picked":["Offering","Intimidate","Perfected Strike"],"picked":"SKIP","floor":13},{"not_picked":["Flex","Havoc"],"picked":"Metallicize","floor":14},{"not_picked":["Armaments","Blood for Blood"],"picked":"Battle Trance","floor":14},{"not_picked":["Anger","True Grit"],"picked":"Iron Wave","floor":18},{"not_picked":["Shrug It Off","Bludgeon"],"picked":"Disarm","floor":18},{"not_picked":["Combust","Rupture+1"],"picked":"Inflame+1","floor":20},{"not_picked":["Rage","Headbutt","Inflame"],"picked":"SKIP","floor":20},{"not_picked":["Rage","Headbutt","Inflame"],"picked":"SKIP","floor":20},{"not_picked":["Shockwave","Inflame"],"picked":"Heavy Blade","floor":21},{"not_picked":["Entrench","Warcry+1"],"picked":"Headbutt+1","floor":21},{"not_picked":["Body Slam","Bloodletting"],"picked":"Disarm+1","floor":22},{"not_picked":["Fire Breathing","Disarm"],"picked":"Shrug It Off+1","floor":22},{"not_picked":["Havoc","Iron Wave","Corruption"],"picked":"SKIP","floor":24},{"not_picked":["Wild Strike","Metallicize","Uppercut"],"picked":"SKIP","floor":25},{"not_picked":["Shrug It Off","Headbutt","Disarm"],"picked":"SKIP","floor":25},{"not_picked":["True Grit","Twin Strike"],"picked":"Clothesline+1","floor":28},{"not_picked":["Sword Boomerang","Flex"],"picked":"Ghostly Armor","floor":30},{"not_picked":["Reckless Charge","Armaments","Uppercut"],"picked":"SKIP","floor":30},{"not_picked":["Thunderclap","Shrug It Off","Berserk+1"],"picked":"SKIP","floor":31},{"not_picked":["Body Slam","Thunderclap","Sever Soul"],"picked":"SKIP","floor":31}],"player_experience":145575,"relics_obtained":[{"floor":6,"key":"Bag of Marbles"},{"floor":9,"key":"Meat on the Bone"},{"floor":13,"key":"Anchor"},{"floor":24,"key":"Letter Opener"},{"floor":26,"key":"Frozen Egg 2"},{"floor":28,"key":"Potion Belt"}],"event_choices":[{"damage_healed":0,"gold_gain":0,"player_choice":"Lose Max HP","damage_taken":0,"relics_obtained":["Golden Idol"],"max_hp_gain":0,"max_hp_loss":6,"event_name":"Golden Idol","floor":3,"gold_loss":0},{"cards_removed":["Strike_R"],"damage_healed":0,"gold_gain":0,"player_choice":"Card Removal","damage_taken":0,"max_hp_gain":0,"max_hp_loss":0,"event_name":"The Cleric","floor":4,"gold_loss":50},{"damage_healed":0,"gold_gain":100,"player_choice":"Pray","damage_taken":0,"max_hp_gain":0,"max_hp_loss":0,"event_name":"Golden Shrine","floor":11,"gold_loss":0},{"damage_healed":0,"gold_gain":0,"player_choice":"Ignored","damage_taken":0,"max_hp_gain":0,"max_hp_loss":0,"event_name":"Vampires","floor":27,"gold_loss":0}],"is_beta":false,"boss_relics":[{"not_picked":["Runic Dome","Eternal Feather"],"picked":"Astrolabe"}],"items_purged_floors":[19],"is_endless":false,"potions_floor_spawned":[1,2,13,20,21,24,31],"killed_by":"Automaton","ascension_level":5}