{"gold_per_floor":[116,116,42,42,56,90,90,90,158,177,195,210,210,14,14,92,92,109,28,45,65,82,82,82,115,115,115,40,40,40,60,60,135,135,151,151,151,166,26,26,61,61,61,61,61,61,78,78,78,78],"floor_reached":51,"playtime":1353,"items_purged":["Defend_B","Rip and Tear"],"score":1216,"play_id":"05485e6b-ab3f-442c-b4a8-7301b00f5dca","local_time":"20190727223944","is_ascension_mode":true,"campfire_choices":[{"data":"Zap","floor":7.0,"key":"SMITH"},{"data":"Apotheosis","floor":15.0,"key":"SMITH"},{"floor":23.0,"key":"REST"},{"data":"Coolheaded","floor":30.0,"key":"SMITH"},{"floor":32.0,"key":"REST"},{"floor":40,"key":"REST"},{"floor":44,"key":"REST"},{"data":"Defragment","floor":46,"key":"SMITH"},{"data":"Defragment","floor":49,"key":"SMITH"}],"neow_cost":"NONE","seed_source_timestamp":793430894895424,"circlet_count":0,"master_deck":["AscendersBane","Defend_B","Defend_B","Zap+1","Dualcast","Undo","Electrodynamics","Conserve Battery","Ball Lightning","Double Energy","Beam Cell","Gash","Apotheosis+1","Reboot+1","Reinforced Body","FTL","Recycle","Defragment+1","Sweeping Beam+1","Coolheaded+1","Defragment+1","Turbo","Echo Form","Go for the Eyes+1","Undo","Skim","Glacier+1"],"special_seed":0,"relics":["FrozenCore","Pear","Philosopher\u0027s Stone","Juzu Bracelet","Darkstone Periapt","Blue Candle","Boot","Bottled Lightning"],"potions_floor_usage":[33,50],"damage_taken":[{"damage":2.0,"enemies":"2 Louse","floor":1.0,"turns":2.0},{"damage":0.0,"enemies":"Jaw Worm","floor":5.0,"turns":3.0},{"damage":18.0,"enemies":"3 Sentries","floor":6.0,"turns":4.0},{"damage":0.0,"enemies":"Small Slimes","floor":10.0,"turns":2.0},{"damage":3.0,"enemies":"Gremlin Gang","floor":11.0,"turns":2.0},{"damage":5.0,"enemies":"Looter","floor":12.0,"turns":3.0},{"damage":22.0,"enemies":"Slime Boss","floor":16.0,"turns":6.0},{"damage":20.0,"enemies":"3 Byrds","floor":18.0,"turns":4.0},{"damage":1.0,"enemies":"Shell Parasite","floor":20.0,"turns":5.0},{"damage":25.0,"enemies":"Snake Plant","floor":21.0,"turns":4.0},{"damage":0.0,"enemies":"3 Cultists","floor":22.0,"turns":4.0},{"damage":6.0,"enemies":"Book of Stabbing","floor":25.0,"turns":4.0},{"damage":4.0,"enemies":"Snecko","floor":31.0,"turns":5.0},{"damage":32,"enemies":"Champ","floor":33,"turns":12},{"damage":28,"enemies":"Orb Walker","floor":35,"turns":5},{"damage":18,"enemies":"3 Darklings","floor":38,"turns":4},{"damage":0,"enemies":"Giant Head","floor":41,"turns":10},{"damage":9,"enemies":"Maw","floor":47,"turns":7},{"damage":56,"enemies":"Time Eater","floor":50,"turns":18}],"seed_played":"1050763009271075790","potions_obtained":[{"floor":6.0,"key":"SteroidPotion"},{"floor":16.0,"key":"EssenceOfSteel"},{"floor":25.0,"key":"Swift Potion"},{"floor":38,"key":"Fire Potion"},{"floor":41,"key":"FocusPotion"}],"is_trial":false,"path_per_floor":["M","?","$","?","M","E","R","?","T","M","M","M","?","$","R","B",null,"M","$","M","M","M","R","?","E","T","?","$","?","R","M","R","B",null,"M","?","?","M","$","R","E","?","T","R","T","R","M","?","R","B",null],"character_chosen":"DEFECT","items_purchased":["Gash","Conserve Battery","Apotheosis","FTL","Undo"],"campfire_rested":4,"item_purchase_floors":[3,3,14,19,39],"current_hp_per_floor":[62,62,62,67,67,59,59,52,52,52,49,44,44,44,44,22,70,50,50,49,24,24,49,49,43,43,43,43,43,43,39,64,32,73,45,45,45,27,27,52,52,52,52,77,77,77,68,68,68,12],"gold":78,"neow_bonus":"THREE_CARDS","is_prod":false,"is_daily":false,"chose_seed":false,"campfire_upgraded":5,"win_rate":0,"timestamp":1564238384,"path_taken":["M","?","$","?","M","E","R","?","T","M","M","M","?","$","R","BOSS","M","$","?","M","?","R","?","E","T","?","$","?","R","M","R","BOSS","M","?","?","M","$","R","E","?","T","R","?","R","M","?","R","BOSS"],"build_version":"2019-07-17","purchased_purges":2,"victory":true,"max_hp_per_floor":[71,71,71,76,76,86,86,86,86,86,86,86,86,86,86,86,86,86,86,86,86,86,86,86,86,86,86,86,86,86,86,86,86,86,86,86,86,86,86,86,86,86,86,86,86,86,86,86,86,86],"card_choices":[{"not_picked":["Coolheaded","Tempest"],"picked":"Rip and Tear","floor":0.0},{"not_picked":["Stack","Gash"],"picked":"Undo","floor":1.0},{"not_picked":["Go for the Eyes","Steam"],"picked":"Ball Lightning","floor":5.0},{"not_picked":["Rip and Tear","Darkness"],"picked":"Double Energy","floor":6.0},{"not_picked":["Tempest","Creative AI"],"picked":"Beam Cell","floor":10.0},{"not_picked":["Redo","Reinforced Body"],"picked":"Gash","floor":11.0},{"not_picked":["Leap","Redo","Ball Lightning"],"picked":"SKIP","floor":12.0},{"not_picked":["Core Surge","Hyperbeam"],"picked":"Reboot","floor":16.0},{"not_picked":["Leap","Stack"],"picked":"Reinforced Body","floor":18.0},{"not_picked":["Coolheaded","Fusion"],"picked":"Recycle","floor":20.0},{"not_picked":["FTL","Stack+1"],"picked":"Defragment","floor":21.0},{"not_picked":["Turbo","Steam"],"picked":"Sweeping Beam+1","floor":22.0},{"not_picked":["Leap+1","BootSequence"],"picked":"Defragment","floor":25.0},{"not_picked":["Cold Snap","White Noise"],"picked":"Turbo","floor":31.0},{"not_picked":["Creative AI","Hyperbeam"],"picked":"Echo Form","floor":33},{"not_picked":["Ball Lightning+1","Leap","Redo+1"],"picked":"SKIP","floor":35},{"not_picked":["Barrage","Scrape"],"picked":"Go for the Eyes+1","floor":38},{"not_picked":["Hyperbeam","Streamline+1"],"picked":"Skim","floor":41},{"not_picked":["Go for the Eyes","Streamline"],"picked":"Glacier+1","floor":47}],"player_experience":2090723,"relics_obtained":[{"floor":6.0,"key":"Pear"},{"floor":25.0,"key":"Juzu Bracelet"},{"floor":26.0,"key":"Darkstone Periapt"},{"floor":41,"key":"Blue Candle"},{"floor":43,"key":"Boot"},{"floor":45,"key":"Bottled Lightning"}],"event_choices":[{"damage_healed":0.0,"max_hp_gain":0.0,"max_hp_loss":0.0,"gold_gain":0.0,"cards_transformed":["Strike_B"],"event_name":"Living Wall","player_choice":"Change","floor":2.0,"gold_loss":0.0,"damage_taken":0.0,"cards_obtained":["Electrodynamics"]},{"damage_healed":0.0,"max_hp_gain":5.0,"max_hp_loss":0.0,"gold_gain":0.0,"event_name":"Big Fish","player_choice":"Donut","floor":4.0,"gold_loss":0.0,"damage_taken":0.0},{"cards_removed":["Strike_B"],"damage_healed":0.0,"max_hp_gain":0.0,"max_hp_loss":0.0,"gold_gain":0.0,"event_name":"Golden Wing","player_choice":"Card Removal","floor":8.0,"gold_loss":0.0,"damage_taken":7.0},{"cards_removed":["Strike_B"],"damage_healed":0.0,"max_hp_gain":0.0,"max_hp_loss":0.0,"gold_gain":0.0,"event_name":"Bonfire Elementals","player_choice":"Offered Basic","floor":13.0,"gold_loss":0.0,"damage_taken":0.0},{"damage_healed":0.0,"max_hp_gain":0.0,"max_hp_loss":0.0,"gold_gain":0.0,"event_name":"The Library","player_choice":"Read","floor":24.0,"gold_loss":0.0,"damage_taken":0.0,"cards_obtained":["Coolheaded"]},{"cards_removed":["Strike_B"],"damage_healed":0.0,"max_hp_gain":0.0,"max_hp_loss":0.0,"gold_gain":0.0,"event_name":"Back to Basics","player_choice":"Elegance","floor":27.0,"gold_loss":0.0,"damage_taken":0.0},{"damage_healed":0.0,"max_hp_gain":0.0,"max_hp_loss":0.0,"gold_gain":0.0,"event_name":"Accursed Blacksmith","player_choice":"Forge","floor":29.0,"gold_loss":0.0,"damage_taken":0.0,"cards_upgraded":["Reboot"]},{"damage_healed":0,"gold_gain":0,"player_choice":"Ignored","damage_taken":0,"max_hp_gain":0,"max_hp_loss":0,"event_name":"Tomb of Lord Red Mask","floor":36,"gold_loss":0},{"cards_removed":["Defend_B"],"damage_healed":0,"gold_gain":0,"player_choice":"Purged","damage_taken":0,"max_hp_gain":0,"max_hp_loss":0,"event_name":"Purifier","floor":37,"gold_loss":0},{"damage_healed":0,"gold_gain":0,"player_choice":"Ignored","damage_taken":0,"max_hp_gain":0,"max_hp_loss":0,"event_name":"Mysterious Sphere","floor":42,"gold_loss":0},{"cards_removed":["Gash"],"damage_healed":0,"gold_gain":0,"player_choice":"Removed Attack","damage_taken":0,"max_hp_gain":0,"max_hp_loss":0,"event_name":"Falling","floor":48,"gold_loss":0}],"is_beta":false,"boss_relics":[{"not_picked":["Ectoplasm","Orrery"],"picked":"Philosopher\u0027s Stone"},{"not_picked":["Cursed Key","Inserter"],"picked":"FrozenCore"}],"items_purged_floors":[28,39],"is_endless":false,"potions_floor_spawned":[6,16,18,25,38,41],"ascension_level":15}