{"gold_per_floor":[114,114,129,129,129,159,159,159,209,239,239,269,299,314,314,414,414,429,444,472,48,48,48,78,78,78,108,108,108,108,38,38,138,138,153,153,3,3,18,18,18,18,18,18,58,8,8,38,38,38],"floor_reached":51,"playtime":2580,"items_purged":["Decay"],"score":1204,"play_id":"56dcd11b-2885-4e43-a0ae-a2adf91adce0","local_time":"20190904162722","daily_mods":["SealedDeck","Flight","Night Terrors"],"is_ascension_mode":false,"campfire_choices":[{"data":"Slice","floor":7.0,"key":"SMITH"},{"data":"Masterful Stab","floor":8.0,"key":"SMITH"},{"floor":15.0,"key":"DIG"},{"floor":23,"key":"DIG"},{"floor":25,"key":"DIG"},{"floor":29,"key":"DIG"},{"floor":30,"key":"DIG"},{"floor":32,"key":"DIG"},{"floor":40,"key":"DIG"},{"floor":41,"key":"DIG"},{"floor":42,"key":"DIG"},{"floor":44,"key":"DIG"},{"floor":49,"key":"DIG"}],"neow_cost":"","seed_source_timestamp":0,"circlet_count":0,"master_deck":["Backflip","Deflect","Slice+1","Backflip","Dodge and Roll","Masterful Stab+1","Dodge and Roll","Backflip","Choke+1","Slice+1","Escape Plan+1","Burst+1","Blur+1","Concentrate+1","Master of Strategy+1","Slice+1","Escape Plan+1","After Image","Acrobatics+1","Backflip+1"],"special_seed":18143,"relics":["Ring of the Snake","Gremlin Horn","Toxic Egg 2","Smiling Mask","Bag of Marbles","Shovel","Kunai","Meat on the Bone","Sozu","Red Mask","Molten Egg 2","Blue Candle","Anchor","Prayer Wheel","Bronze Scales","Ice Cream","Matryoshka","Pear","Whetstone","Paper Crane","Cursed Key","Happy Flower","FaceOfCleric","Frozen Egg 2","Ninja Scroll","Pen Nib","Ancient Tea Set","The Courier","PreservedInsect","Du-Vu Doll","Pantograph","StoneCalendar"],"potions_floor_usage":[],"damage_taken":[{"damage":0.0,"enemies":"2 Louse","floor":1.0,"turns":2.0},{"damage":0.0,"enemies":"Small Slimes","floor":3.0,"turns":2.0},{"damage":15.0,"enemies":"3 Sentries","floor":6.0,"turns":17.0},{"damage":3.0,"enemies":"Gremlin Nob","floor":10.0,"turns":3.0},{"damage":0.0,"enemies":"3 Sentries","floor":12.0,"turns":5.0},{"damage":0.0,"enemies":"Lagavulin","floor":13.0,"turns":3.0},{"damage":0.0,"enemies":"Jaw Worm","floor":14.0,"turns":1.0},{"damage":0.0,"enemies":"The Guardian","floor":16.0,"turns":8.0},{"damage":0,"enemies":"Spheric Guardian","floor":18,"turns":3},{"damage":0,"enemies":"3 Byrds","floor":19,"turns":4},{"damage":0,"enemies":"Masked Bandits","floor":20,"turns":4},{"damage":0,"enemies":"Book of Stabbing","floor":24,"turns":2},{"damage":0,"enemies":"Gremlin Leader","floor":27,"turns":2},{"damage":0,"enemies":"Champ","floor":33,"turns":7},{"damage":0,"enemies":"3 Shapes","floor":35,"turns":1},{"damage":0,"enemies":"Orb Walker","floor":39,"turns":1},{"damage":0,"enemies":"2 Orb Walkers","floor":45,"turns":2},{"damage":0,"enemies":"Giant Head","floor":48,"turns":2},{"damage":0,"enemies":"Donu and Deca","floor":50,"turns":4}],"seed_played":"3306822735108167165","potions_obtained":[{"floor":10.0,"key":"Block Potion"},{"floor":12.0,"key":"SkillPotion"},{"floor":14.0,"key":"Energy Potion"}],"is_trial":false,"path_per_floor":["M","?","M","?","T","E","R","R","T","E","$","E","E","M","R","B",null,"M","M","?","$","?","R","E","R","T","E","T","R","R","$","R","B",null,"M","?","$","?","M","R","R","R","T","R","?","$","?","E","R","B",null],"character_chosen":"THE_SILENT","items_purchased":["Molten Egg 2","Master of Strategy+1","Escape Plan+1","Happy Flower"],"campfire_rested":0,"item_purchase_floors":[21,21,31,37],"current_hp_per_floor":[70,75,75,75,75,60,60,60,60,57,57,57,57,57,57,57,75,75,75,75,75,75,75,75,75,75,75,75,85,85,85,85,85,85,85,85,85,85,86,86,86,86,86,86,87,87,83,84,84,85],"gold":38,"neow_bonus":"","is_prod":false,"is_daily":true,"chose_seed":false,"campfire_upgraded":2,"win_rate":0,"timestamp":1567628842,"path_taken":["M","?","M","?","?","E","R","R","T","E","$","E","E","?","R","BOSS","M","M","?","$","?","R","E","R","T","E","?","R","R","$","R","BOSS","M","?","?","?","?","R","R","R","T","R","?","$","?","E","R","BOSS"],"build_version":"2019-07-17","purchased_purges":1,"victory":true,"max_hp_per_floor":[70,75,75,75,75,75,75,75,75,75,75,75,75,75,75,75,75,75,75,75,75,75,75,75,75,75,75,75,85,85,85,85,85,85,85,85,85,85,86,86,86,86,86,86,87,87,83,84,84,85],"card_choices":[{"not_picked":["Poisoned Stab","Acrobatics","Quick Slash"],"picked":"SKIP","floor":1.0},{"not_picked":["Eviscerate","Poisoned Stab","Deadly Poison"],"picked":"SKIP","floor":3.0},{"not_picked":["Deadly Poison","Prepared","Bane"],"picked":"SKIP","floor":6.0},{"not_picked":["Blade Dance+1","Heel Hook","Riddle With Holes"],"picked":"SKIP","floor":10.0},{"not_picked":["Dodge and Roll+1","Flying Knee"],"picked":"Choke","floor":12.0},{"not_picked":["Footwork","Cloak And Dagger+1"],"picked":"Slice","floor":13.0},{"not_picked":["Outmaneuver+1","Riddle With Holes"],"picked":"Escape Plan+1","floor":14.0},{"not_picked":["Corpse Explosion+1","Tools of the Trade"],"picked":"Burst+1","floor":16.0},{"not_picked":["Outmaneuver+1","All Out Attack"],"picked":"Blur+1","floor":18},{"not_picked":["Underhanded Strike+1","Flechettes","Dodge and Roll+1"],"picked":"SKIP","floor":19},{"not_picked":["All Out Attack","Deflect+1"],"picked":"Concentrate+1","floor":20},{"not_picked":["Setup+1","Blade Dance+1"],"picked":"Slice+1","floor":24},{"not_picked":["PiercingWail+1","Predator+1","Flying Knee+1"],"picked":"SKIP","floor":27},{"not_picked":["Doppelganger+1","Corpse Explosion+1"],"picked":"After Image","floor":33},{"not_picked":["Leg Sweep+1","Quick Slash+1","Deadly Poison+1"],"picked":"SKIP","floor":35},{"not_picked":["Deflect+1","Dodge and Roll+1","Choke+1"],"picked":"SKIP","floor":35},{"not_picked":["Reflex+1","Phantasmal Killer+1"],"picked":"Acrobatics+1","floor":39},{"not_picked":["Bouncing Flask+1","Accuracy+1","Prepared+1"],"picked":"SKIP","floor":39},{"not_picked":["Dagger Throw+1","Calculated Gamble+1"],"picked":"Backflip+1","floor":45},{"not_picked":["Bane+1","Slice+1","Expertise+1"],"picked":"SKIP","floor":48}],"player_experience":203742,"relics_obtained":[{"floor":5.0,"key":"Gremlin Horn"},{"floor":6.0,"key":"Toxic Egg 2"},{"floor":9.0,"key":"Smiling Mask"},{"floor":10.0,"key":"Bag of Marbles"},{"floor":12.0,"key":"Shovel"},{"floor":13.0,"key":"Kunai"},{"floor":15.0,"key":"Meat on the Bone"},{"floor":20,"key":"Red Mask"},{"floor":23,"key":"Blue Candle"},{"floor":24,"key":"Anchor"},{"floor":25,"key":"Prayer Wheel"},{"floor":26,"key":"Bronze Scales"},{"floor":27,"key":"Ice Cream"},{"floor":28,"key":"Matryoshka"},{"floor":29,"key":"Pear"},{"floor":30,"key":"Whetstone"},{"floor":32,"key":"Paper Crane"},{"floor":40,"key":"Frozen Egg 2"},{"floor":41,"key":"Ninja Scroll"},{"floor":42,"key":"Pen Nib"},{"floor":43,"key":"Ancient Tea Set"},{"floor":43,"key":"The Courier"},{"floor":44,"key":"PreservedInsect"},{"floor":45,"key":"Du-Vu Doll"},{"floor":48,"key":"Pantograph"},{"floor":49,"key":"StoneCalendar"}],"event_choices":[{"damage_healed":0.0,"max_hp_gain":5.0,"max_hp_loss":0.0,"gold_gain":0.0,"event_name":"Big Fish","player_choice":"Donut","floor":2.0,"gold_loss":0.0,"damage_taken":0.0},{"cards_removed":["Quick Slash"],"damage_healed":0.0,"max_hp_gain":0.0,"max_hp_loss":0.0,"gold_gain":0.0,"event_name":"Living Wall","player_choice":"Forget","floor":4.0,"gold_loss":0.0,"damage_taken":0.0},{"damage_healed":0,"gold_gain":0,"player_choice":"Fought Bandits","damage_taken":0,"max_hp_gain":0,"max_hp_loss":0,"event_name":"Masked Bandits","floor":20,"gold_loss":0},{"damage_healed":0,"gold_gain":0,"player_choice":"Ignored","damage_taken":0,"max_hp_gain":0,"max_hp_loss":0,"event_name":"Ghosts","floor":22,"gold_loss":0},{"cards_removed":["Dodge and Roll"],"damage_healed":5,"gold_gain":0,"player_choice":"Offered Common","damage_taken":0,"max_hp_gain":0,"max_hp_loss":0,"event_name":"Bonfire Elementals","floor":36,"gold_loss":0},{"cards_removed":["Dodge and Roll"],"damage_healed":5,"gold_gain":0,"player_choice":"Offered Special","damage_taken":0,"max_hp_gain":0,"max_hp_loss":0,"event_name":"Bonfire Elementals","floor":36,"gold_loss":0},{"damage_healed":0,"gold_gain":0,"player_choice":"Trade","damage_taken":0,"relics_obtained":["FaceOfCleric"],"max_hp_gain":0,"max_hp_loss":0,"event_name":"FaceTrader","floor":38,"gold_loss":0},{"damage_healed":0,"gold_gain":0,"player_choice":"Fight","damage_taken":0,"max_hp_gain":0,"max_hp_loss":0,"event_name":"Mysterious Sphere","floor":45,"gold_loss":0},{"damage_healed":0,"gold_gain":0,"player_choice":"Max HP","damage_taken":0,"max_hp_gain":0,"max_hp_loss":4,"event_name":"Winding Halls","floor":47,"gold_loss":0}],"is_beta":false,"boss_relics":[{"not_picked":["Ring of the Serpent","Runic Pyramid"],"picked":"Sozu"},{"not_picked":["HoveringKite","Calling Bell"],"picked":"Cursed Key"}],"items_purged_floors":[46],"is_endless":false,"potions_floor_spawned":[10,12,14,19,20,48],"ascension_level":0}