{"gold_per_floor":[117,117,117,138,138,138,172,172,172,172,196,196,217,19,19,148,148,166,180,67,67,67,67,67],"floor_reached":24,"playtime":1073,"items_purged":["Strike_B"],"score":192,"play_id":"ec6377e3-34a6-40c1-8015-2b09a42d113e","local_time":"20190506075643","is_ascension_mode":false,"campfire_choices":[{"floor":6,"key":"REST"},{"floor":8,"key":"REST"},{"data":"Darkness","floor":10,"key":"SMITH"},{"data":"Zap","floor":12,"key":"SMITH"},{"data":"Conserve Battery","floor":15,"key":"SMITH"},{"floor":23,"key":"REST"}],"neow_cost":"NONE","seed_source_timestamp":43538700557788,"circlet_count":0,"master_deck":["Strike_B","Defend_B","Defend_B","Defend_B","Zap+1","Gash","Go for the Eyes","Ball Lightning","Darkness+1","Rebound","Conserve Battery+1","Seek","Gash","Scrape","Conserve Battery","Biased Cognition"],"relics":["Cracked Core","Golden Idol","Matryoshka","Juzu Bracelet","Gremlin Horn","ClockworkSouvenir","Sozu"],"potions_floor_usage":[],"damage_taken":[{"damage":7,"enemies":"2 Louse","floor":1,"turns":2},{"damage":3,"enemies":"Small Slimes","floor":4,"turns":3},{"damage":30,"enemies":"Lagavulin","floor":7,"turns":7},{"damage":1,"enemies":"Jaw Worm","floor":11,"turns":3},{"damage":0,"enemies":"Looter","floor":13,"turns":3},{"damage":24,"enemies":"Hexaghost","floor":16,"turns":9},{"damage":20,"enemies":"Spheric Guardian","floor":18,"turns":4},{"damage":22,"enemies":"2 Thieves","floor":19,"turns":4},{"damage":29,"enemies":"Colosseum Slavers","floor":21,"turns":5},{"damage":30,"enemies":"Slavers","floor":24,"turns":2}],"seed_played":"2807730450049773706","potions_obtained":[{"floor":4,"key":"Weak Potion"},{"floor":11,"key":"GamblersBrew"}],"is_trial":false,"path_per_floor":["M","?","?","M","?","R","E","R","T","R","M","R","M","$","R","B",null,"M","M","$","?","?","R","E"],"character_chosen":"DEFECT","items_purchased":["ClockworkSouvenir","Scrape"],"campfire_rested":3,"item_purchase_floors":[14,20],"current_hp_per_floor":[68,50,43,40,40,62,32,54,54,54,53,53,53,53,53,29,75,55,33,33,4,4,26,0],"gold":67,"neow_bonus":"THREE_CARDS","is_prod":false,"is_daily":false,"chose_seed":false,"campfire_upgraded":3,"win_rate":0,"timestamp":1557154603,"path_taken":["M","?","?","M","?","R","E","R","T","R","M","R","M","$","R","BOSS","M","M","$","?","?","R","E"],"build_version":"2019-01-23","purchased_purges":1,"victory":false,"max_hp_per_floor":[75,75,75,75,75,75,75,75,75,75,75,75,75,75,75,75,75,75,75,75,75,75,75,75],"card_choices":[{"not_picked":["Turbo","Darkness"],"picked":"Gash","floor":0},{"not_picked":["Ball Lightning","Leap"],"picked":"Go for the Eyes","floor":1},{"not_picked":["Barrage","Redo"],"picked":"Ball Lightning","floor":4},{"not_picked":["Stack","Turbo"],"picked":"Rebound","floor":7},{"not_picked":["Go for the Eyes","Steam Power"],"picked":"Conserve Battery","floor":11},{"not_picked":["Buffer","Go for the Eyes","Cold Snap"],"picked":"SKIP","floor":13},{"not_picked":["Hyperbeam","Biased Cognition"],"picked":"Seek","floor":16},{"not_picked":["Rip and Tear","Auto Shields","Go for the Eyes"],"picked":"SKIP","floor":18},{"not_picked":["Ball Lightning+1","Cold Snap+1"],"picked":"Gash","floor":19}],"player_experience":120393,"relics_obtained":[{"floor":7,"key":"Matryoshka"},{"floor":9,"key":"Juzu Bracelet"},{"floor":9,"key":"Gremlin Horn"}],"event_choices":[{"damage_healed":0,"gold_gain":0,"player_choice":"Take Damage","damage_taken":18,"relics_obtained":["Golden Idol"],"max_hp_gain":0,"max_hp_loss":0,"event_name":"Golden Idol","floor":2,"gold_loss":0},{"cards_removed":["Strike_B"],"damage_healed":0,"gold_gain":0,"player_choice":"Card Removal","damage_taken":7,"max_hp_gain":0,"max_hp_loss":0,"event_name":"Golden Wing","floor":3,"gold_loss":0},{"damage_healed":0,"gold_gain":0,"cards_transformed":["Dualcast"],"player_choice":"Change","damage_taken":0,"max_hp_gain":0,"max_hp_loss":0,"event_name":"Living Wall","floor":5,"gold_loss":0,"cards_obtained":["Darkness"]},{"damage_healed":0,"gold_gain":0,"player_choice":"Fight","damage_taken":0,"max_hp_gain":0,"max_hp_loss":0,"event_name":"Colosseum","floor":21,"gold_loss":0},{"damage_healed":0,"gold_gain":0,"player_choice":"Fled From Nobs","damage_taken":0,"max_hp_gain":0,"max_hp_loss":0,"event_name":"Colosseum","floor":21,"gold_loss":0},{"damage_healed":0,"gold_gain":0,"cards_transformed":["Defend_B","Strike_B"],"player_choice":"Became Test Subject","damage_taken":0,"max_hp_gain":0,"max_hp_loss":0,"event_name":"Drug Dealer","floor":22,"gold_loss":0,"cards_obtained":["Conserve Battery","Biased Cognition"]}],"is_beta":false,"boss_relics":[{"not_picked":["Busted Crown","Coffee Dripper"],"picked":"Sozu"}],"items_purged_floors":[20],"is_endless":false,"potions_floor_spawned":[4,11,18,21],"killed_by":"Slavers","ascension_level":0}