{"gold_per_floor":[111,186,36,53,3,3,30,30,78,95,110,138,138,153,153,252,252,267,267,267,287,307,307,109,109,134,134],"floor_reached":27,"playtime":1151,"items_purged":["Strike_B+1"],"score":221,"play_id":"5d182b51-e784-45ab-8652-cb7f5bfda7af","local_time":"20190603165201","is_ascension_mode":false,"campfire_choices":[{"data":"Reinforced Body","floor":6,"key":"SMITH"},{"floor":8,"key":"REST"},{"data":"Barrage","floor":13,"key":"SMITH"},{"floor":15,"key":"REST"},{"data":"Electrodynamics","floor":23,"key":"SMITH"},{"floor":25,"key":"DIG"}],"neow_cost":"NONE","seed_source_timestamp":267795842118729,"circlet_count":0,"master_deck":["Strike_B+1","Strike_B+1","Strike_B+1","Defend_B+1","Defend_B+1","Defend_B+1","Zap","Dualcast","Reinforced Body+1","Barrage+1","Ball Lightning","Electrodynamics+1","Writhe","Doubt","Decay","Melter"],"relics":["Cracked Core","Smiling Mask","Bronze Scales","Calipers","DataDisk","Art of War","Calling Bell","Centennial Puzzle","Sundial","Shovel","Ancient Tea Set","Bottled Flame","Bag of Preparation"],"potions_floor_usage":[],"damage_taken":[{"damage":2,"enemies":"2 Louse","floor":1,"turns":2},{"damage":5,"enemies":"Jaw Worm","floor":4,"turns":3},{"damage":9,"enemies":"3 Sentries","floor":7,"turns":7},{"damage":0,"enemies":"Small Slimes","floor":10,"turns":3},{"damage":4,"enemies":"Exordium Wildlife","floor":11,"turns":3},{"damage":16,"enemies":"Gremlin Nob","floor":12,"turns":3},{"damage":4,"enemies":"Exordium Thugs","floor":14,"turns":3},{"damage":35,"enemies":"The Guardian","floor":16,"turns":9},{"damage":19,"enemies":"2 Thieves","floor":18,"turns":3},{"damage":2,"enemies":"Spheric Guardian","floor":21,"turns":3},{"damage":13,"enemies":"3 Cultists","floor":22,"turns":3},{"damage":44,"enemies":"Centurion and Healer","floor":27,"turns":4}],"seed_played":"-3200805222722812612","potions_obtained":[{"floor":4,"key":"PowerPotion"},{"floor":7,"key":"Weak Potion"},{"floor":12,"key":"SteroidPotion"}],"is_trial":false,"path_per_floor":["M","?","$","M","?","R","E","R","T","M","M","E","R","M","R","B",null,"M","?","?","M","M","R","$","R","T","M"],"character_chosen":"DEFECT","items_purchased":["Bronze Scales","Ancient Tea Set"],"campfire_rested":2,"item_purchase_floors":[3,24],"current_hp_per_floor":[73,62,62,57,57,57,48,70,70,70,66,50,50,46,68,33,75,56,56,56,54,41,41,41,41,41,0],"gold":134,"neow_bonus":"RANDOM_COMMON_RELIC","is_prod":false,"is_daily":false,"chose_seed":false,"campfire_upgraded":3,"win_rate":0,"timestamp":1559605921,"path_taken":["M","?","$","M","?","R","E","R","T","M","M","E","R","M","R","BOSS","M","?","?","M","M","R","?","R","T","M"],"build_version":"2019-01-23","purchased_purges":1,"victory":false,"max_hp_per_floor":[75,75,75,75,75,75,75,75,75,75,75,75,75,75,75,75,75,75,75,75,75,75,75,75,75,75,75],"card_choices":[{"not_picked":["Coolheaded","Rebound","Steam"],"picked":"SKIP","floor":1},{"not_picked":["Storm","Beam Cell"],"picked":"Reinforced Body","floor":4},{"not_picked":["Aggregate","Coolheaded"],"picked":"Barrage","floor":7},{"not_picked":["Sweeping Beam","Rebound"],"picked":"Ball Lightning","floor":10},{"not_picked":["Streamline","Reprogram","Glacier"],"picked":"SKIP","floor":11},{"not_picked":["FTL","Cold Snap","Chaos"],"picked":"SKIP","floor":12},{"not_picked":["Chill","Cold Snap"],"picked":"Electrodynamics","floor":14},{"not_picked":["Coolheaded","Self Repair"],"picked":"Melter","floor":18},{"not_picked":["Conserve Battery+1","Hologram+1","Go for the Eyes+1"],"picked":"SKIP","floor":21},{"not_picked":["Barrage","Rip and Tear+1","Hello World"],"picked":"SKIP","floor":22}],"player_experience":188854,"relics_obtained":[{"floor":7,"key":"Calipers"},{"floor":9,"key":"DataDisk"},{"floor":12,"key":"Art of War"},{"floor":17,"key":"Centennial Puzzle"},{"floor":17,"key":"Sundial"},{"floor":17,"key":"Shovel"},{"floor":25,"key":"Bottled Flame"},{"floor":26,"key":"Bag of Preparation"}],"event_choices":[{"damage_healed":0,"gold_gain":75,"player_choice":"Gather Gold","damage_taken":11,"max_hp_gain":0,"max_hp_loss":0,"event_name":"World of Goop","floor":2,"gold_loss":0},{"cards_removed":["Defend_B"],"damage_healed":0,"gold_gain":0,"player_choice":"Card Removal","damage_taken":0,"max_hp_gain":0,"max_hp_loss":0,"event_name":"The Cleric","floor":5,"gold_loss":50},{"damage_healed":0,"gold_gain":0,"player_choice":"Ignored","damage_taken":0,"max_hp_gain":0,"max_hp_loss":0,"event_name":"Cursed Tome","floor":19,"gold_loss":0},{"damage_healed":0,"gold_gain":0,"player_choice":"Simplicity","damage_taken":0,"max_hp_gain":0,"max_hp_loss":0,"event_name":"Back to Basics","floor":20,"gold_loss":0,"cards_upgraded":["Strike_B","Strike_B","Strike_B","Strike_B","Defend_B","Defend_B","Defend_B"]}],"is_beta":false,"boss_relics":[{"not_picked":["Coffee Dripper","Pandora\u0027s Box"],"picked":"Calling Bell"}],"items_purged_floors":[24],"is_endless":false,"potions_floor_spawned":[4,7,12,21],"killed_by":"Centurion and Healer","ascension_level":0}