{"gold_per_floor":[111,61,61,76,87,87,112,137,176,188,200,222,234,263,275,386,398,423,735,765,777,802,814,859,883,895,926,263,463,482,493,493,598,598,618,618,412,412,153,153],"floor_reached":40,"playtime":3249,"items_purged":[],"score":579,"play_id":"0c69d4d3-83bf-4d6e-8c71-3df5f73fa619","local_time":"20190802233116","is_ascension_mode":true,"campfire_choices":[{"data":"1","floor":6,"key":"LIFT"},{"data":"2","floor":10,"key":"LIFT"},{"data":"3","floor":13,"key":"LIFT"},{"floor":15,"key":"REST"},{"floor":23,"key":"REST"},{"floor":32,"key":"REST"}],"neow_cost":"CURSE","seed_source_timestamp":81142283324532,"circlet_count":0,"master_deck":["Bash","Reckless Charge","Anger","Cleave","Heavy Blade","Clash","Perfected Strike","Pommel Strike","Double Tap","Battle Trance","Combust","Second Wind","Headbutt","Brutality","Whirlwind","Havoc","Disarm","Corruption","Cleave+1","Perfected Strike","Whirlwind","Inflame","Cleave","Flex+1","Limit Break+1","Transmutation+1"],"relics":["Burning Blood","Girya","WarpedTongs","MawBank","Vajra","Spirit Poop","Pandora\u0027s Box","Old Coin","Omamori","Toxic Egg 2","HandDrill","Singing Bowl","Strawberry","Runic Cube","OrangePellets","Pantograph"],"potions_floor_usage":[27,40,40],"damage_taken":[{"damage":16,"enemies":"Jaw Worm","floor":1,"turns":4},{"damage":1,"enemies":"2 Louse","floor":4,"turns":2},{"damage":3,"enemies":"Cultist","floor":5,"turns":3},{"damage":29,"enemies":"3 Sentries","floor":7,"turns":6},{"damage":3,"enemies":"Large Slime","floor":8,"turns":3},{"damage":14,"enemies":"Red Slaver","floor":12,"turns":2},{"damage":0,"enemies":"2 Fungi Beasts","floor":14,"turns":2},{"damage":0,"enemies":"Slime Boss","floor":16,"turns":5},{"damage":25,"enemies":"Shell Parasite","floor":18,"turns":3},{"damage":14,"enemies":"Chosen","floor":20,"turns":3},{"damage":31,"enemies":"Centurion and Healer","floor":22,"turns":3},{"damage":3,"enemies":"Gremlin Leader","floor":24,"turns":4},{"damage":15,"enemies":"Snake Plant","floor":25,"turns":3},{"damage":21,"enemies":"Snecko","floor":27,"turns":3},{"damage":12,"enemies":"Chosen and Byrds","floor":30,"turns":2},{"damage":0,"enemies":"Snake Plant","floor":31,"turns":2},{"damage":38,"enemies":"Collector","floor":33,"turns":5},{"damage":45,"enemies":"3 Shapes","floor":35,"turns":2},{"damage":69,"enemies":"Reptomancer","floor":40,"turns":3}],"seed_played":"-7416435647484291801","potions_obtained":[{"floor":1,"key":"Dexterity Potion"},{"floor":4,"key":"Poison Potion"},{"floor":8,"key":"GamblersBrew"},{"floor":27,"key":"EntropicBrew"},{"floor":31,"key":"Regen Potion"},{"floor":33,"key":"SteroidPotion"}],"is_trial":false,"path_per_floor":["M","?","?","M","M","R","E","M","T","R","?","M","R","M","R","B",null,"M","T","M","?","M","R","E","M","T","M","$","?","M","M","R","B",null,"M","?","$","?","$","E"],"character_chosen":"IRONCLAD","items_purchased":["HandDrill","Singing Bowl","Strawberry","Inflame","OrangePellets","Pantograph"],"campfire_rested":3,"item_purchase_floors":[28,28,28,28,37,39],"current_hp_per_floor":[70,70,70,75,78,78,55,58,58,58,58,50,50,56,80,80,80,61,61,53,53,28,52,55,46,46,31,38,38,32,38,64,32,87,50,50,50,50,50,0],"gold":153,"neow_bonus":"ONE_RARE_RELIC","is_prod":false,"is_daily":false,"chose_seed":false,"campfire_upgraded":0,"win_rate":0,"timestamp":1564806676,"path_taken":["M","?","?","?","M","R","E","M","T","R","?","M","R","?","R","BOSS","M","?","M","?","M","R","E","M","T","M","$","?","M","?","R","BOSS","M","?","$","?","$","E"],"build_version":"2019-07-17","purchased_purges":0,"victory":false,"max_hp_per_floor":[80,80,80,80,80,80,80,80,80,80,80,80,80,80,80,80,80,80,80,80,80,80,80,80,80,80,80,87,87,87,87,87,87,87,89,89,89,89,89,89],"card_choices":[{"not_picked":["Pummel","Fire Breathing"],"picked":"Reckless Charge","floor":1},{"not_picked":["Second Wind","Body Slam"],"picked":"Anger","floor":4},{"not_picked":["Sword Boomerang","Headbutt"],"picked":"Cleave","floor":5},{"not_picked":["Havoc","Corruption"],"picked":"Heavy Blade","floor":7},{"not_picked":["Hemokinesis","Reckless Charge"],"picked":"Clash","floor":8},{"not_picked":["Iron Wave","Feel No Pain"],"picked":"Perfected Strike","floor":12},{"not_picked":["Thunderclap","Rupture"],"picked":"Pommel Strike","floor":14},{"not_picked":["Juggernaut","Reaper"],"picked":"Double Tap","floor":16},{"not_picked":["True Grit","Second Wind+1","Sever Soul"],"picked":"SKIP","floor":18},{"not_picked":["Shrug It Off","Rupture"],"picked":"Cleave+1","floor":20},{"not_picked":["Rupture","Evolve","Corruption"],"picked":"SKIP","floor":22},{"not_picked":["Sword Boomerang+1","Flame Barrier","Havoc"],"picked":"SKIP","floor":24},{"not_picked":["Second Wind","Fire Breathing"],"picked":"Whirlwind","floor":25},{"not_picked":["Second Wind+1","Body Slam","Fire Breathing"],"picked":"SKIP","floor":27},{"not_picked":["Metallicize","Headbutt"],"picked":"Cleave","floor":30},{"not_picked":["Combust+1","Shrug It Off+1"],"picked":"Flex+1","floor":31},{"not_picked":["Exhume+1","Feed"],"picked":"Limit Break+1","floor":33},{"not_picked":["Clothesline+1","Headbutt","Thunderclap+1"],"picked":"Singing Bowl","floor":35},{"not_picked":["Violence+1","Trip+1"],"picked":"Transmutation+1","floor":36}],"player_experience":268979,"relics_obtained":[{"floor":7,"key":"MawBank"},{"floor":9,"key":"Vajra"},{"floor":19,"key":"Old Coin"},{"floor":24,"key":"Omamori"},{"floor":26,"key":"Toxic Egg 2"}],"event_choices":[{"cards_removed":["Normality"],"damage_healed":0,"gold_gain":0,"player_choice":"Card Removal","damage_taken":0,"max_hp_gain":0,"max_hp_loss":0,"event_name":"The Cleric","floor":2,"gold_loss":50},{"damage_healed":0,"gold_gain":0,"player_choice":"Rummage","damage_taken":0,"relics_obtained":["WarpedTongs"],"max_hp_gain":0,"max_hp_loss":0,"event_name":"Accursed Blacksmith","floor":3,"gold_loss":0,"cards_obtained":["Pain"]},{"cards_removed":["Pain"],"damage_healed":0,"gold_gain":0,"player_choice":"Offered Curse","damage_taken":0,"relics_obtained":["Spirit Poop"],"max_hp_gain":0,"max_hp_loss":0,"event_name":"Bonfire Elementals","floor":11,"gold_loss":0},{"damage_healed":0,"gold_gain":0,"player_choice":"Read","damage_taken":0,"max_hp_gain":0,"max_hp_loss":0,"event_name":"The Library","floor":21,"gold_loss":0,"cards_obtained":["Perfected Strike"]},{"damage_healed":0,"gold_gain":200,"player_choice":"Gold","damage_taken":0,"max_hp_gain":0,"max_hp_loss":0,"event_name":"Wheel of Change","floor":29,"gold_loss":0},{"damage_healed":0,"gold_gain":0,"player_choice":"Memory 1","damage_taken":0,"max_hp_gain":0,"max_hp_loss":0,"event_name":"SensoryStone","floor":36,"gold_loss":0},{"damage_healed":0,"gold_gain":0,"player_choice":"Ignored","damage_taken":0,"max_hp_gain":0,"max_hp_loss":0,"event_name":"Mysterious Sphere","floor":38,"gold_loss":0}],"is_beta":false,"boss_relics":[{"not_picked":["Cursed Key","Runic Pyramid"],"picked":"Pandora\u0027s Box"},{"not_picked":["Runic Dome","Velvet Choker"],"picked":"Runic Cube"}],"items_purged_floors":[],"is_endless":false,"potions_floor_spawned":[1,4,8,24,27,31,33,35],"killed_by":"Reptomancer","ascension_level":3}