{"gold_per_floor":[116,135,135,210,56,85,98,113,170,196,254,279,291,321,333,447,509,533,545,577,589,601],"floor_reached":22,"playtime":2420,"items_purged":[],"score":243,"play_id":"0f516fe1-3b6c-4dbb-9ab0-561f3058dcfe","local_time":"20190823214341","is_ascension_mode":true,"campfire_choices":[{"floor":13,"key":"REST"},{"floor":15,"key":"REST"}],"neow_cost":"NONE","seed_source_timestamp":874156983814743,"circlet_count":0,"master_deck":["Strike_G","Strike_G","Strike_G","Strike_G","Strike_G","Defend_G","Defend_G","Defend_G","Defend_G","Defend_G","Survivor","Neutralize+1","Finisher","Noxious Fumes","Bane","Tactician","Escape Plan","Backflip","Deadly Poison","Noxious Fumes","Die Die Die","Dagger Spray","Corpse Explosion","Flying Knee"],"relics":["Ring of the Snake","NeowsBlessing","Snake Skull","Bag of Preparation","Tiny Chest","Smiling Mask","MawBank","Tiny House","Enchiridion","Tingsha"],"potions_floor_usage":[10,11,12,16,18,20,22],"damage_taken":[{"damage":0,"enemies":"2 Louse","floor":1,"turns":1},{"damage":0,"enemies":"Jaw Worm","floor":2,"turns":1},{"damage":0,"enemies":"Gremlin Nob","floor":6,"turns":1},{"damage":7,"enemies":"Small Slimes","floor":7,"turns":3},{"damage":2,"enemies":"3 Louse","floor":8,"turns":2},{"damage":25,"enemies":"Lagavulin","floor":10,"turns":8},{"damage":24,"enemies":"Lagavulin Event","floor":11,"turns":8},{"damage":0,"enemies":"Exordium Wildlife","floor":12,"turns":4},{"damage":4,"enemies":"Red Slaver","floor":14,"turns":5},{"damage":31,"enemies":"The Guardian","floor":16,"turns":9},{"damage":33,"enemies":"2 Thieves","floor":18,"turns":4},{"damage":18,"enemies":"Shell Parasite","floor":20,"turns":5},{"damage":15,"enemies":"Shelled Parasite and Fungi","floor":22,"turns":4}],"seed_played":"5569995993904673409","potions_obtained":[{"floor":2,"key":"Weak Potion"},{"floor":10,"key":"Weak Potion"},{"floor":11,"key":"Regen Potion"},{"floor":14,"key":"Swift Potion"},{"floor":17,"key":"Fruit Juice"},{"floor":18,"key":"PowerPotion"},{"floor":20,"key":"GhostInAJar"}],"is_trial":false,"path_per_floor":["M","M","?","?","$","E","M","M","T","E","?","M","R","M","R","B",null,"M","?","M","T","M"],"character_chosen":"THE_SILENT","items_purchased":["Snake Skull"],"campfire_rested":2,"item_purchase_floors":[5],"current_hp_per_floor":[70,70,70,59,59,59,52,50,50,25,1,13,34,30,51,20,75,47,31,13,13,0],"gold":601,"neow_bonus":"THREE_ENEMY_KILL","is_prod":false,"is_daily":false,"chose_seed":false,"campfire_upgraded":0,"win_rate":0,"timestamp":1566614621,"path_taken":["M","M","?","?","$","E","M","?","T","E","?","M","R","M","R","BOSS","M","?","M","?","?"],"build_version":"2019-07-17","purchased_purges":0,"victory":false,"max_hp_per_floor":[70,70,70,70,70,70,70,70,70,70,70,70,70,70,70,70,75,80,80,80,80,80],"card_choices":[{"not_picked":["Underhanded Strike","Well Laid Plans"],"picked":"Finisher","floor":1},{"not_picked":["Slice","Flying Knee"],"picked":"Noxious Fumes","floor":2},{"not_picked":["Slice","Acrobatics"],"picked":"Bane","floor":6},{"not_picked":["Setup","Slice"],"picked":"Tactician","floor":7},{"not_picked":["Prepared","After Image"],"picked":"Escape Plan","floor":8},{"not_picked":["Accuracy","Outmaneuver"],"picked":"Backflip","floor":10},{"not_picked":["Riddle With Holes","Underhanded Strike"],"picked":"Deadly Poison","floor":11},{"not_picked":["Reflex","Flechettes","Predator"],"picked":"SKIP","floor":12},{"not_picked":["Terror","Poisoned Stab"],"picked":"Noxious Fumes","floor":14},{"not_picked":["Grand Finale","Glass Knife"],"picked":"Die Die Die","floor":16},{"not_picked":["Bane","Acrobatics"],"picked":"Dagger Spray","floor":17},{"not_picked":["Backflip","Footwork"],"picked":"Corpse Explosion","floor":18},{"not_picked":["Dagger Spray","Finisher"],"picked":"Flying Knee","floor":20}],"player_experience":339235,"relics_obtained":[{"floor":6,"key":"Bag of Preparation"},{"floor":9,"key":"Tiny Chest"},{"floor":10,"key":"Smiling Mask"},{"floor":11,"key":"MawBank"},{"floor":19,"key":"Enchiridion"},{"floor":21,"key":"Tingsha"}],"event_choices":[{"damage_healed":0,"gold_gain":0,"player_choice":"Ignored","damage_taken":0,"max_hp_gain":0,"max_hp_loss":0,"event_name":"Golden Wing","floor":3,"gold_loss":0},{"damage_healed":0,"gold_gain":75,"player_choice":"Gather Gold","damage_taken":11,"max_hp_gain":0,"max_hp_loss":0,"event_name":"World of Goop","floor":4,"gold_loss":0},{"damage_healed":0,"gold_gain":0,"player_choice":"Searched \u00272\u0027 times","damage_taken":0,"max_hp_gain":0,"max_hp_loss":0,"event_name":"Dead Adventurer","floor":11,"gold_loss":0},{"damage_healed":0,"gold_gain":0,"player_choice":"Obtained Book","damage_taken":16,"max_hp_gain":0,"max_hp_loss":0,"event_name":"Cursed Tome","floor":19,"gold_loss":0}],"is_beta":false,"boss_relics":[{"not_picked":["White Beast Statue","Snecko Eye"],"picked":"Tiny House"}],"items_purged_floors":[],"is_endless":false,"potions_floor_spawned":[2,10,11,14,18,20],"killed_by":"Shelled Parasite and Fungi","ascension_level":2}