{"gold_per_floor":[116,116,133,133,146,146,71,71,118,450,450,460,489,507,507,607,607,626,636,576,589,589,621,381,410,436,436,450,466,479,328,328,431,431,445,445,465,465,17,17,17,34,83,83,83,83,102,102,102,102],"floor_reached":50,"playtime":3702,"items_purged":["Regret"],"score":530,"play_id":"e0feae71-b24e-4bae-8f1b-d188cadb4444","local_time":"20190728144118","is_ascension_mode":true,"campfire_choices":[{"data":"Anger","floor":6,"key":"SMITH"},{"floor":11,"key":"REST"},{"data":"Bludgeon","floor":15,"key":"SMITH"},{"floor":27,"key":"REST"},{"floor":32,"key":"REST"},{"data":"Bludgeon","floor":40,"key":"SMITH"},{"floor":44,"key":"REST"},{"floor":46,"key":"REST"},{"floor":49,"key":"REST"}],"neow_cost":"NONE","seed_source_timestamp":1432113517686066,"circlet_count":0,"master_deck":["Defend_R+1","Defend_R+1","Defend_R","Defend_R","Bash","Anger+1","Pommel Strike","Iron Wave","Clash","Bludgeon+1","Perfected Strike","Headbutt","Reaper","Perfected Strike","Bludgeon+1","Combust","Flex","Swift Strike","Inflame","Infernal Blade+1","Armaments+1","Inflame+1","Bludgeon+1","Carnage+1","Clash+1","Anger","Madness","Madness","Twin Strike+1"],"relics":["Burning Blood","Art of War","Orichalcum","Old Coin","Odd Mushroom","Black Star","Meat on the Bone","War Paint","Blood Vial","Red Skull","Mercury Hourglass","Self Forming Clay","Lantern","PreservedInsect","Astrolabe","Juzu Bracelet","StoneCalendar","Pen Nib"],"potions_floor_usage":[23,25,25,33,41,50],"damage_taken":[{"damage":11,"enemies":"Jaw Worm","floor":1,"turns":6},{"damage":4,"enemies":"2 Louse","floor":3,"turns":3},{"damage":7,"enemies":"Small Slimes","floor":5,"turns":3},{"damage":28,"enemies":"3 Sentries","floor":10,"turns":8},{"damage":1,"enemies":"Exordium Thugs","floor":12,"turns":3},{"damage":5,"enemies":"The Mushroom Lair","floor":13,"turns":4},{"damage":5,"enemies":"Looter","floor":14,"turns":2},{"damage":39,"enemies":"The Guardian","floor":16,"turns":7},{"damage":17,"enemies":"Spheric Guardian","floor":18,"turns":4},{"damage":8,"enemies":"Shell Parasite","floor":19,"turns":3},{"damage":37,"enemies":"Snake Plant","floor":21,"turns":3},{"damage":33,"enemies":"Book of Stabbing","floor":23,"turns":5},{"damage":12,"enemies":"Slavers","floor":25,"turns":4},{"damage":27,"enemies":"Shelled Parasite and Fungi","floor":28,"turns":4},{"damage":27,"enemies":"Sentry and Sphere","floor":29,"turns":4},{"damage":18,"enemies":"Snake Plant","floor":30,"turns":3},{"damage":88,"enemies":"Automaton","floor":33,"turns":9},{"damage":6,"enemies":"Orb Walker","floor":35,"turns":2},{"damage":12,"enemies":"3 Shapes","floor":37,"turns":3},{"damage":0,"enemies":"Jaw Worm Horde","floor":41,"turns":1},{"damage":45,"enemies":"3 Darklings","floor":42,"turns":6},{"damage":46,"enemies":"Writhing Mass","floor":47,"turns":6},{"damage":124,"enemies":"Awakened One","floor":50,"turns":9}],"seed_played":"-3965336299551385831","potions_obtained":[{"floor":10,"key":"SteroidPotion"},{"floor":13,"key":"Dexterity Potion"},{"floor":14,"key":"Weak Potion"},{"floor":18,"key":"Energy Potion"},{"floor":25,"key":"GamblersBrew"},{"floor":30,"key":"SmokeBomb"},{"floor":37,"key":"BloodPotion"}],"is_trial":false,"path_per_floor":["M","?","M","?","M","R","$","$","T","E","R","M","?","M","R","B",null,"M","M","?","M","T","E","$","E","T","R","M","M","M","$","R","B",null,"M","?","M","?","$","R","M","M","T","R","?","R","M","?","R","B"],"character_chosen":"IRONCLAD","items_purchased":["Red Skull","Swift Strike","PreservedInsect","Juzu Bracelet","StoneCalendar"],"campfire_rested":6,"item_purchase_floors":[24,24,31,39,39],"current_hp_per_floor":[83,83,85,85,84,84,84,84,84,62,88,88,88,88,88,55,88,77,75,75,44,44,29,29,37,37,63,56,49,51,51,77,32,88,88,88,82,82,82,82,88,59,59,85,74,88,60,60,86,0],"gold":102,"neow_bonus":"TEN_PERCENT_HP_BONUS","is_prod":false,"is_daily":false,"chose_seed":false,"campfire_upgraded":3,"win_rate":0,"timestamp":1564342878,"path_taken":["M","?","M","?","M","R","?","$","T","E","R","M","?","M","R","BOSS","M","M","?","?","?","E","$","E","T","R","M","M","M","$","R","BOSS","M","?","M","?","$","R","M","M","T","R","?","R","M","?","R","BOSS"],"build_version":"2019-07-17","purchased_purges":1,"victory":false,"max_hp_per_floor":[88,88,88,88,88,88,88,88,88,88,88,88,88,88,88,88,88,88,88,88,88,88,88,88,88,88,88,88,88,88,88,88,88,88,88,88,88,88,88,88,88,88,88,88,88,88,88,88,88,88],"card_choices":[{"not_picked":["Heavy Blade","Sentinel"],"picked":"Anger","floor":1},{"not_picked":["Havoc","Headbutt"],"picked":"Pommel Strike","floor":3},{"not_picked":["Reckless Charge","Bloodletting"],"picked":"Iron Wave","floor":5},{"not_picked":["Twin Strike","Second Wind"],"picked":"Clash","floor":10},{"not_picked":["Wild Strike","Power Through"],"picked":"Bludgeon","floor":12},{"not_picked":["Pommel Strike","Bloodletting"],"picked":"Perfected Strike","floor":13},{"not_picked":["Shrug It Off","Burning Pact"],"picked":"Headbutt","floor":14},{"not_picked":["Offering","Berserk"],"picked":"Reaper","floor":16},{"not_picked":["True Grit+1","Havoc","Sword Boomerang"],"picked":"SKIP","floor":18},{"not_picked":["Disarm+1","Sword Boomerang+1"],"picked":"Perfected Strike","floor":19},{"not_picked":["Body Slam","Heavy Blade"],"picked":"Flex","floor":21},{"not_picked":["Battle Trance","Body Slam","Shrug It Off"],"picked":"SKIP","floor":23},{"not_picked":["Flame Barrier","Flex+1"],"picked":"Inflame","floor":25},{"not_picked":["Shrug It Off","Disarm","Iron Wave+1"],"picked":"SKIP","floor":28},{"not_picked":["Perfected Strike","Hemokinesis"],"picked":"Infernal Blade+1","floor":29},{"not_picked":["Shrug It Off","Brutality"],"picked":"Armaments+1","floor":30},{"not_picked":["Barricade","Impervious"],"picked":"Double Tap","floor":33},{"not_picked":["Metallicize+1","Dropkick","Flame Barrier"],"picked":"SKIP","floor":35},{"not_picked":["Wild Strike","Iron Wave+1"],"picked":"Clash+1","floor":37},{"not_picked":["Armaments","Dark Embrace"],"picked":"Anger","floor":42},{"not_picked":["Shrug It Off+1","Warcry+1"],"picked":"Twin Strike+1","floor":47}],"player_experience":218460,"relics_obtained":[{"floor":9,"key":"Orichalcum"},{"floor":10,"key":"Old Coin"},{"floor":13,"key":"Odd Mushroom"},{"floor":22,"key":"Meat on the Bone"},{"floor":23,"key":"War Paint"},{"floor":23,"key":"Blood Vial"},{"floor":25,"key":"Mercury Hourglass"},{"floor":25,"key":"Self Forming Clay"},{"floor":26,"key":"Lantern"},{"floor":43,"key":"Pen Nib"}],"event_choices":[{"damage_healed":0,"gold_gain":0,"player_choice":"Ignored","damage_taken":0,"max_hp_gain":0,"max_hp_loss":0,"event_name":"Golden Wing","floor":2,"gold_loss":0},{"damage_healed":0,"gold_gain":0,"player_choice":"Box","damage_taken":0,"relics_obtained":["Art of War"],"max_hp_gain":0,"max_hp_loss":0,"event_name":"Big Fish","floor":4,"gold_loss":0,"cards_obtained":["Regret"]},{"damage_healed":0,"gold_gain":0,"player_choice":"Fought Mushrooms","damage_taken":0,"max_hp_gain":0,"max_hp_loss":0,"event_name":"Mushrooms","floor":13,"gold_loss":0},{"damage_healed":0,"gold_gain":0,"cards_transformed":["Strike_R","Strike_R"],"player_choice":"Transformed Cards","damage_taken":0,"max_hp_gain":0,"max_hp_loss":0,"event_name":"Designer","floor":20,"gold_loss":60,"cards_obtained":["Bludgeon","Combust"]},{"damage_healed":0,"gold_gain":0,"player_choice":"Ignored","damage_taken":0,"max_hp_gain":0,"max_hp_loss":0,"event_name":"Tomb of Lord Red Mask","floor":36,"gold_loss":0},{"cards_removed":["Double Tap"],"damage_healed":0,"gold_gain":0,"player_choice":"Removed Skill","damage_taken":0,"max_hp_gain":0,"max_hp_loss":0,"event_name":"Falling","floor":38,"gold_loss":0},{"damage_healed":0,"gold_gain":0,"player_choice":"Embrace Madness","damage_taken":11,"max_hp_gain":0,"max_hp_loss":0,"event_name":"Winding Halls","floor":45,"gold_loss":0,"cards_obtained":["Madness","Madness"]},{"damage_healed":0,"gold_gain":0,"player_choice":"Ignored","damage_taken":0,"max_hp_gain":0,"max_hp_loss":0,"event_name":"Purifier","floor":48,"gold_loss":0}],"is_beta":false,"boss_relics":[{"not_picked":["Coffee Dripper","Philosopher\u0027s Stone"],"picked":"Black Star"},{"not_picked":["Black Blood","Sozu"],"picked":"Astrolabe"}],"items_purged_floors":[7],"is_endless":false,"potions_floor_spawned":[10,13,14,18,21,25,30,37],"killed_by":"Awakened One","ascension_level":2}