{"gold_per_floor":[111,111,131,131,131,162,162,206,206,230,230,264,439,126,126,251,251,274,297,297,297,320,383,383,427,427,427,427,427,427,442,442,442],"floor_reached":33,"playtime":2707,"items_purged":["Doubt"],"score":356,"play_id":"c1ebd034-bd15-4be6-b3ff-08e5e66f26f6","local_time":"20190729233253","is_ascension_mode":true,"campfire_choices":[{"data":"Hemokinesis","floor":7,"key":"SMITH"},{"floor":15,"key":"REST"},{"floor":24,"key":"REST"},{"floor":27,"key":"REST"},{"floor":30,"key":"REST"},{"data":"Bludgeon","floor":32,"key":"SMITH"}],"neow_cost":"NONE","seed_source_timestamp":1551412175933297,"circlet_count":0,"master_deck":["Bash","Hemokinesis+1","Warcry","Twin Strike","Injury","Armaments+1","Body Slam","Cleave","Thunderclap","Bludgeon+1","Immolate","Fiend Fire","Juggernaut","Rampage","Metallicize","Impervious+1","Searing Blow","Spot Weakness+1","Warcry+1","Uppercut","Inflame","Cleave+1","Twin Strike","Wild Strike"],"relics":["Burning Blood","NeowsBlessing","Golden Idol","Toxic Egg 2","Bag of Marbles","Potion Belt","Bronze Scales","Orichalcum","Pandora\u0027s Box","MutagenicStrength","Tiny Chest","Meat on the Bone","Dodecahedron","Blood Vial"],"potions_floor_usage":[25,25,33,33,33],"damage_taken":[{"damage":0,"enemies":"2 Louse","floor":1,"turns":1},{"damage":0,"enemies":"Jaw Worm","floor":3,"turns":1},{"damage":0,"enemies":"Lagavulin","floor":6,"turns":1},{"damage":33,"enemies":"3 Sentries","floor":8,"turns":9},{"damage":2,"enemies":"Small Slimes","floor":10,"turns":1},{"damage":35,"enemies":"Lagavulin","floor":12,"turns":6},{"damage":40,"enemies":"Hexaghost","floor":16,"turns":8},{"damage":23,"enemies":"Spheric Guardian","floor":18,"turns":4},{"damage":9,"enemies":"Chosen","floor":19,"turns":3},{"damage":19,"enemies":"Snecko","floor":22,"turns":3},{"damage":35,"enemies":"Gremlin Leader","floor":23,"turns":5},{"damage":36,"enemies":"Slavers","floor":25,"turns":4},{"damage":6,"enemies":"Cultist and Chosen","floor":31,"turns":3},{"damage":80,"enemies":"Collector","floor":33,"turns":7}],"seed_played":"1343421821497416798","potions_obtained":[{"floor":8,"key":"Poison Potion"},{"floor":10,"key":"Energy Potion"},{"floor":16,"key":"Weak Potion"},{"floor":19,"key":"Fire Potion"},{"floor":25,"key":"Swift Potion"},{"floor":31,"key":"SteroidPotion"}],"is_trial":false,"path_per_floor":["M","?","M","?","?","E","R","E","T","M","$","E","?","$","R","B",null,"M","M","?","?","M","E","R","E","T","R","T","?","R","M","R","B"],"character_chosen":"IRONCLAD","items_purchased":["Bludgeon","Orichalcum"],"campfire_rested":4,"item_purchase_floors":[14,14],"current_hp_per_floor":[80,80,80,80,80,80,80,53,53,57,57,28,28,28,52,18,80,63,60,60,80,67,38,62,32,32,56,56,56,80,80,80,0],"gold":442,"neow_bonus":"THREE_ENEMY_KILL","is_prod":false,"is_daily":false,"chose_seed":false,"campfire_upgraded":2,"win_rate":0,"timestamp":1564461173,"path_taken":["M","?","M","?","?","E","R","E","T","M","?","E","?","$","R","BOSS","M","M","?","?","?","E","R","E","T","R","?","?","R","M","R","BOSS"],"build_version":"2019-07-17","purchased_purges":1,"victory":false,"max_hp_per_floor":[80,80,80,80,80,80,80,80,80,80,80,80,80,80,80,80,80,80,80,80,80,80,80,80,80,80,80,80,80,80,80,80,80],"card_choices":[{"not_picked":["Iron Wave","Body Slam"],"picked":"Hemokinesis","floor":1},{"not_picked":["Headbutt","Flex"],"picked":"Twin Strike","floor":3},{"not_picked":["Havoc","Disarm"],"picked":"Armaments","floor":6},{"not_picked":["True Grit+1","Demon Form"],"picked":"Body Slam","floor":8},{"not_picked":["Hemokinesis","Warcry+1"],"picked":"Cleave","floor":10},{"not_picked":["Sword Boomerang","Spot Weakness+1"],"picked":"Thunderclap","floor":12},{"not_picked":["Exhume+1","Barricade"],"picked":"Immolate","floor":16},{"not_picked":["Havoc+1","Shockwave+1"],"picked":"Uppercut","floor":18},{"not_picked":["Uppercut+1","Burning Pact+1"],"picked":"Inflame","floor":19},{"not_picked":["Rupture","Corruption","Havoc+1"],"picked":"SKIP","floor":22},{"not_picked":["Shockwave+1","Sword Boomerang"],"picked":"Cleave+1","floor":23},{"not_picked":["Searing Blow","Corruption"],"picked":"Twin Strike","floor":25},{"not_picked":["Havoc+1","Dual Wield+1"],"picked":"Wild Strike","floor":31}],"player_experience":240310,"relics_obtained":[{"floor":6,"key":"Toxic Egg 2"},{"floor":8,"key":"Bag of Marbles"},{"floor":9,"key":"Potion Belt"},{"floor":12,"key":"Bronze Scales"},{"floor":23,"key":"Tiny Chest"},{"floor":25,"key":"Meat on the Bone"},{"floor":26,"key":"Dodecahedron"},{"floor":28,"key":"Blood Vial"}],"event_choices":[{"damage_healed":0,"gold_gain":0,"cards_transformed":["Strike_R"],"player_choice":"Change","damage_taken":0,"max_hp_gain":0,"max_hp_loss":0,"event_name":"Living Wall","floor":2,"gold_loss":0,"cards_obtained":["Warcry"]},{"damage_healed":0,"gold_gain":0,"player_choice":"Leave","damage_taken":0,"max_hp_gain":0,"max_hp_loss":0,"event_name":"The Cleric","floor":4,"gold_loss":0},{"damage_healed":0,"gold_gain":0,"player_choice":"Take Wound","damage_taken":0,"relics_obtained":["Golden Idol"],"max_hp_gain":0,"max_hp_loss":0,"event_name":"Golden Idol","floor":5,"gold_loss":0,"cards_obtained":["Injury"]},{"damage_healed":0,"gold_gain":175,"player_choice":"AGREE","damage_taken":0,"max_hp_gain":0,"max_hp_loss":0,"event_name":"Liars Game","floor":13,"gold_loss":0,"cards_obtained":["Doubt"]},{"damage_healed":0,"gold_gain":0,"player_choice":"Inject Mutagens","damage_taken":0,"relics_obtained":["MutagenicStrength"],"max_hp_gain":0,"max_hp_loss":0,"event_name":"Drug Dealer","floor":20,"gold_loss":0},{"damage_healed":26,"gold_gain":0,"player_choice":"Heal","damage_taken":0,"max_hp_gain":0,"max_hp_loss":0,"event_name":"The Library","floor":21,"gold_loss":0},{"damage_healed":0,"gold_gain":0,"player_choice":"Simplicity","damage_taken":0,"max_hp_gain":0,"max_hp_loss":0,"event_name":"Back to Basics","floor":29,"gold_loss":0,"cards_upgraded":[]}],"is_beta":false,"boss_relics":[{"not_picked":["Eternal Feather","Astrolabe"],"picked":"Pandora\u0027s Box"}],"items_purged_floors":[14],"is_endless":false,"potions_floor_spawned":[8,10,16,19,25,31],"killed_by":"Collector","ascension_level":2}