{"gold_per_floor":[114,132,149,74,94,94,121,121,121,138,156,156,156,173,173,173],"floor_reached":16,"playtime":941,"items_purged":["Strike_G"],"score":104,"play_id":"6e506db1-37ca-4100-90eb-589b3d26f452","local_time":"20190827155032","is_ascension_mode":false,"campfire_choices":[{"floor":6,"key":"REST"},{"floor":15,"key":"REST"}],"neow_cost":"NONE","seed_source_timestamp":1182524034133741,"circlet_count":0,"master_deck":["Strike_G","Strike_G","Defend_G","Defend_G","Defend_G","Defend_G","Defend_G","Survivor","Neutralize","Bouncing Flask","Sucker Punch","Flying Knee","Quick Slash","Poisoned Stab","Malaise","Terror","Poisoned Stab","Backflip"],"relics":["Ring of the Snake","PreservedInsect","Regal Pillow","Pantograph"],"potions_floor_usage":[14],"damage_taken":[{"damage":14,"enemies":"2 Louse","floor":1,"turns":3},{"damage":0,"enemies":"Cultist","floor":2,"turns":3},{"damage":0,"enemies":"Jaw Worm","floor":3,"turns":4},{"damage":21,"enemies":"Large Slime","floor":5,"turns":10},{"damage":22,"enemies":"Lagavulin","floor":7,"turns":6},{"damage":2,"enemies":"Looter","floor":10,"turns":4},{"damage":7,"enemies":"Red Slaver","floor":11,"turns":5},{"damage":17,"enemies":"Gremlin Gang","floor":14,"turns":5},{"damage":74,"enemies":"Slime Boss","floor":16,"turns":11}],"seed_played":"4837430970779717420","potions_obtained":[{"floor":3,"key":"SteroidPotion"},{"floor":7,"key":"Ancient Potion"},{"floor":14,"key":"SkillPotion"}],"is_trial":false,"path_per_floor":["M","M","M","$","M","R","E","?","T","M","M","T","?","M","R","B"],"character_chosen":"THE_SILENT","items_purchased":[],"campfire_rested":2,"item_purchase_floors":[],"current_hp_per_floor":[56,56,56,56,35,56,34,34,34,32,25,25,25,8,44,0],"gold":173,"neow_bonus":"TRANSFORM_CARD","is_prod":false,"is_daily":false,"chose_seed":false,"campfire_upgraded":0,"win_rate":0.0,"timestamp":1566913832,"path_taken":["M","M","M","$","M","R","E","?","T","?","M","?","?","M","R","BOSS"],"build_version":"2019-07-17","purchased_purges":1,"victory":false,"max_hp_per_floor":[70,70,70,70,70,70,70,70,70,70,70,70,70,70,70,70],"card_choices":[{"not_picked":["Reflex","Flechettes"],"picked":"Sucker Punch","floor":1},{"not_picked":["Sucker Punch","Distraction"],"picked":"Flying Knee","floor":2},{"not_picked":["Cloak And Dagger","Flying Knee"],"picked":"Quick Slash","floor":3},{"not_picked":["Sucker Punch","Dash"],"picked":"Poisoned Stab","floor":5},{"not_picked":["Expertise","Acrobatics"],"picked":"Malaise","floor":7},{"not_picked":["Outmaneuver","Reflex"],"picked":"Terror","floor":10},{"not_picked":["Quick Slash","Deadly Poison"],"picked":"Poisoned Stab","floor":11},{"not_picked":["Blade Dance","Blur"],"picked":"Backflip","floor":14}],"player_experience":41615,"relics_obtained":[{"floor":7,"key":"PreservedInsect"},{"floor":9,"key":"Regal Pillow"},{"floor":12,"key":"Pantograph"}],"event_choices":[{"cards_removed":["Strike_G"],"damage_healed":0,"gold_gain":0,"player_choice":"Offered Basic","damage_taken":0,"max_hp_gain":0,"max_hp_loss":0,"event_name":"Bonfire Elementals","floor":8,"gold_loss":0},{"damage_healed":0,"gold_gain":0,"player_choice":"Ignored","damage_taken":0,"max_hp_gain":0,"max_hp_loss":0,"event_name":"Shining Light","floor":13,"gold_loss":0}],"is_beta":false,"boss_relics":[],"items_purged_floors":[4],"is_endless":false,"potions_floor_spawned":[3,7,14],"killed_by":"Slime Boss","ascension_level":0}