{"gold_per_floor":[114,127,1,1,1,30,30,91,91,91,102,125,125,125,125,196,196,214,214,70,70,70,70,99,99,99,127,127,23,23,35,35,112,112,124,24,24,44,61,61,86,86,86,86,106,32,42,93,93,93,93,93,93,7,40,40],"floor_reached":57,"playtime":2539,"items_purged":["Strike_B","Strike_B"],"score":2890,"play_id":"346cd753-8d2b-45f5-b14d-3049014faf47","local_time":"20190826234747","is_ascension_mode":true,"campfire_choices":[{"data":"Zap","floor":7.0,"key":"SMITH"},{"data":"Coolheaded","floor":10.0,"key":"SMITH"},{"data":"Barrage","floor":15.0,"key":"SMITH"},{"data":"Turbo","floor":23.0,"key":"SMITH"},{"data":"Coolheaded","floor":25.0,"key":"SMITH"},{"data":"Heatsinks","floor":28.0,"key":"SMITH"},{"data":"Coolheaded","floor":30.0,"key":"SMITH"},{"data":"Dualcast","floor":32.0,"key":"SMITH"},{"data":"Fission","floor":40.0,"key":"SMITH"},{"data":"Turbo","floor":42.0,"key":"SMITH"},{"floor":44.0,"key":"RECALL"},{"data":"Heatsinks","floor":49.0,"key":"SMITH"},{"data":"Hologram","floor":53.0,"key":"SMITH"}],"neow_cost":"NONE","seed_source_timestamp":2524565631716415,"circlet_count":0,"master_deck":["AscendersBane","Defend_B","Defend_B","Defend_B","Defend_B","Zap+1","Dualcast+1","Barrage+1","Skim","Defragment+1","Undo","Coolheaded+1","Coolheaded+1","Skim","Electrodynamics","Hologram","Turbo+1","Heatsinks+1","Chill","White Noise","Coolheaded+1","Turbo+1","Fission+1","Reinforced Body","Conserve Battery+1","Creative AI","Consume+1","Heatsinks+1","Hologram+1","Hologram","Glacier"],"special_seed":0,"relics":["Cracked Core","NeowsBlessing","Mercury Hourglass","Tiny Chest","Ancient Tea Set","Odd Mushroom","Inserter","PreservedInsect","Blue Candle","Symbiotic Virus","Nuclear Battery","Sundial","Bottled Lightning","StoneCalendar","Blood Vial"],"potions_floor_usage":[56,56],"damage_taken":[{"damage":0.0,"enemies":"Small Slimes","floor":1.0,"turns":1.0},{"damage":0.0,"enemies":"Cultist","floor":2.0,"turns":1.0},{"damage":0.0,"enemies":"Gremlin Nob","floor":6.0,"turns":1.0},{"damage":9.0,"enemies":"Lagavulin","floor":8.0,"turns":9.0},{"damage":0.0,"enemies":"2 Louse","floor":11.0,"turns":2.0},{"damage":13.0,"enemies":"The Mushroom Lair","floor":12.0,"turns":4.0},{"damage":0.0,"enemies":"The Guardian","floor":16.0,"turns":13.0},{"damage":34.0,"enemies":"2 Thieves","floor":18.0,"turns":3.0},{"damage":25.0,"enemies":"Gremlin Leader","floor":24.0,"turns":6.0},{"damage":14.0,"enemies":"Slavers","floor":27.0,"turns":4.0},{"damage":0.0,"enemies":"3 Byrds","floor":31.0,"turns":3.0},{"damage":0.0,"enemies":"Champ","floor":33.0,"turns":11.0},{"damage":0.0,"enemies":"3 Darklings","floor":35.0,"turns":1.0},{"damage":0.0,"enemies":"3 Shapes","floor":38.0,"turns":1.0},{"damage":19.0,"enemies":"Transient","floor":39.0,"turns":6.0},{"damage":1.0,"enemies":"Giant Head","floor":41.0,"turns":7.0},{"damage":0.0,"enemies":"Writhing Mass","floor":45.0,"turns":6.0},{"damage":0.0,"enemies":"Spire Growth","floor":47.0,"turns":4.0},{"damage":0.0,"enemies":"2 Orb Walkers","floor":48.0,"turns":3.0},{"damage":31.0,"enemies":"Time Eater","floor":50.0,"turns":10.0},{"damage":6.0,"enemies":"Donu and Deca","floor":51.0,"turns":11.0},{"damage":4.0,"enemies":"Shield and Spear","floor":55.0,"turns":4.0},{"damage":40,"enemies":"The Heart","floor":56,"turns":14}],"seed_played":"7609106180616864454","potions_obtained":[{"floor":6.0,"key":"SmokeBomb"},{"floor":11.0,"key":"Strength Potion"},{"floor":12.0,"key":"FocusPotion"},{"floor":24.0,"key":"Block Potion"},{"floor":39.0,"key":"FearPotion"},{"floor":41.0,"key":"SpeedPotion"}],"is_trial":false,"path_per_floor":["M","M","$","?","$","E","R","E","T","R","M","?","?","?","R","B",null,"M","T","$","$","?","R","E","R","T","E","R","$","R","M","R","B",null,"M","$","?","M","M","R","E","R","T","R","M","$","M","?","R","B","B",null,"R","$","E","B",null],"character_chosen":"DEFECT","items_purchased":["Defragment","Undo","Turbo","Heatsinks","Coolheaded","Heatsinks","Ancient Potion"],"campfire_rested":0,"item_purchase_floors":[3,3,20,20,29,46,54],"current_hp_per_floor":[64,64,64,64,64,64,64,55,55,55,55,42,35,35,35,35,62,28,28,28,28,81,81,56,56,56,42,42,42,42,42,42,42,71,71,71,71,71,52,52,51,51,51,51,51,51,51,51,51,20,14,64,64,64,60,22],"gold":40,"neow_bonus":"THREE_ENEMY_KILL","is_prod":false,"is_daily":false,"chose_seed":false,"campfire_upgraded":12,"win_rate":0,"timestamp":1566834467,"path_taken":["M","M","$","?","?","E","R","E","T","R","?","?","?","?","R","BOSS","M","?","?","$","?","R","E","R","T","E","R","$","R","M","R","BOSS","M","?","?","M","M","R","E","R","T","R","?","$","M","?","R","BOSS","BOSS","R","$","E","BOSS"],"build_version":"2019-07-17","purchased_purges":2,"victory":true,"max_hp_per_floor":[71,71,71,71,71,71,71,71,71,71,71,71,71,71,71,71,71,71,71,71,71,81,81,81,81,81,81,81,81,81,81,81,81,81,81,81,81,81,81,81,81,81,81,81,81,81,81,81,81,81,81,81,81,81,81,81],"card_choices":[{"not_picked":["Reprogram","Storm"],"picked":"Barrage","floor":1.0},{"not_picked":["Redo","Beam Cell"],"picked":"Skim","floor":2.0},{"not_picked":["Fusion","Go for the Eyes"],"picked":"Coolheaded","floor":6.0},{"not_picked":["Blizzard","Force Field"],"picked":"Buffer","floor":8.0},{"not_picked":["Undo","Stack"],"picked":"Coolheaded","floor":11.0},{"not_picked":["Redo","Gash"],"picked":"Skim","floor":12.0},{"not_picked":["Biased Cognition","Machine Learning"],"picked":"Electrodynamics","floor":16.0},{"not_picked":["Go for the Eyes","Leap"],"picked":"Hologram","floor":18.0},{"not_picked":["Sunder","Steam Power"],"picked":"Chill","floor":24.0},{"not_picked":["Rebound","Darkness"],"picked":"White Noise","floor":27.0},{"not_picked":["Doom and Gloom","Sweeping Beam"],"picked":"Turbo","floor":31.0},{"not_picked":["Machine Learning","Reboot"],"picked":"Fission","floor":33.0},{"not_picked":["Storm","Chaos","Conserve Battery"],"picked":"SKIP","floor":35.0},{"not_picked":["Steam+1","Doom and Gloom"],"picked":"Conserve Battery+1","floor":38.0},{"not_picked":["Steam+1","Hologram"],"picked":"Creative AI","floor":39.0},{"not_picked":["Static Discharge+1","Conserve Battery","Chaos"],"picked":"SKIP","floor":41.0},{"not_picked":["Barrage","Electrodynamics"],"picked":"Consume+1","floor":45.0},{"not_picked":["Sunder","Undo"],"picked":"Hologram","floor":47.0},{"not_picked":["Sweeping Beam+1","Ball Lightning"],"picked":"Hologram","floor":48.0},{"not_picked":["Barrage","Undo"],"picked":"Glacier","floor":55.0}],"player_experience":2246271,"relics_obtained":[{"floor":6.0,"key":"Mercury Hourglass"},{"floor":8.0,"key":"Tiny Chest"},{"floor":9.0,"key":"Ancient Tea Set"},{"floor":12.0,"key":"Odd Mushroom"},{"floor":24.0,"key":"PreservedInsect"},{"floor":26.0,"key":"Blue Candle"},{"floor":27.0,"key":"Symbiotic Virus"},{"floor":41.0,"key":"Sundial"},{"floor":43.0,"key":"Bottled Lightning"},{"floor":48.0,"key":"StoneCalendar"},{"floor":55.0,"key":"Blood Vial"}],"event_choices":[{"damage_healed":0.0,"max_hp_gain":0.0,"max_hp_loss":0.0,"gold_gain":0.0,"event_name":"Upgrade Shrine","player_choice":"Upgraded","floor":4.0,"gold_loss":0.0,"damage_taken":0.0,"cards_upgraded":["Defragment"]},{"damage_healed":0.0,"max_hp_gain":0.0,"max_hp_loss":0.0,"gold_gain":0.0,"event_name":"Mushrooms","player_choice":"Fought Mushrooms","floor":12.0,"gold_loss":0.0,"damage_taken":0.0},{"cards_removed":["Strike_B"],"damage_healed":0.0,"max_hp_gain":0.0,"max_hp_loss":0.0,"gold_gain":0.0,"event_name":"Golden Wing","player_choice":"Card Removal","floor":13.0,"gold_loss":0.0,"damage_taken":7.0},{"damage_healed":0.0,"max_hp_gain":0.0,"max_hp_loss":0.0,"gold_gain":0.0,"event_name":"Lab","player_choice":"Got Potions","floor":14.0,"gold_loss":0.0,"damage_taken":0.0},{"cards_removed":["Buffer"],"damage_healed":43.0,"max_hp_gain":10.0,"max_hp_loss":0.0,"gold_gain":0.0,"event_name":"Bonfire Elementals","player_choice":"Offered Rare","floor":22.0,"gold_loss":0.0,"damage_taken":0.0},{"damage_healed":0.0,"max_hp_gain":0.0,"max_hp_loss":0.0,"gold_gain":0.0,"cards_transformed":["Strike_B"],"event_name":"Transmorgrifier","player_choice":"Transformed","floor":37.0,"gold_loss":0.0,"damage_taken":0.0,"cards_obtained":["Reinforced Body"]},{"damage_healed":0.0,"max_hp_gain":0.0,"max_hp_loss":0.0,"gold_gain":0.0,"event_name":"Mysterious Sphere","player_choice":"Fight","floor":48.0,"gold_loss":0.0,"damage_taken":0.0}],"is_beta":false,"boss_relics":[{"not_picked":["Philosopher\u0027s Stone","Lizard Tail"],"picked":"Inserter"},{"not_picked":["Velvet Choker","Fusion Hammer"],"picked":"Nuclear Battery"}],"items_purged_floors":[29,36],"is_endless":false,"potions_floor_spawned":[6,11,12,18,24,39,41,48,55],"ascension_level":20}