{"gold_per_floor":[119,119,130,205,130,148,168,226,253,284,459,459,476,492,492,589,639,653,672,227,246,246,281,281,300,300,300,318,318,318,72,72,72],"floor_reached":33,"playtime":4331,"items_purged":["Regret","Doubt"],"score":294,"play_id":"5d33ebd7-162a-4401-b5fe-ae96fc5eae78","local_time":"20190727234623","is_ascension_mode":true,"campfire_choices":[{"floor":12,"key":"REST"},{"floor":15,"key":"REST"},{"floor":24,"key":"REST"},{"floor":27,"key":"REST"},{"floor":32,"key":"REST"}],"neow_cost":"NONE","seed_source_timestamp":1377773540246890,"circlet_count":0,"master_deck":["Strike_R+1","Strike_R+1","Strike_R+1","Strike_R+1","Strike_R+1","Defend_R+1","Defend_R+1","Defend_R+1","Defend_R+1","Bash","Headbutt","Rage","Infernal Blade","Dropkick","Twin Strike","Uppercut","Anger","Cleave","Reaper","Clothesline","Rage+1","Rupture","Carnage+1","Heavy Blade"],"relics":["Burning Blood","PreservedInsect","Bronze Scales","Singing Bowl","Bag of Preparation","Ice Cream","Tiny House","Toolbox","Pen Nib","Orichalcum","Kunai","Self Forming Clay"],"potions_floor_usage":[16,18,23,25,25,28,33],"damage_taken":[{"damage":1,"enemies":"Cultist","floor":1,"turns":4},{"damage":9,"enemies":"Small Slimes","floor":3,"turns":3},{"damage":1,"enemies":"Jaw Worm","floor":6,"turns":3},{"damage":5,"enemies":"3 Louse","floor":7,"turns":2},{"damage":14,"enemies":"3 Sentries","floor":8,"turns":8},{"damage":28,"enemies":"Gremlin Nob","floor":10,"turns":4},{"damage":6,"enemies":"2 Fungi Beasts","floor":13,"turns":3},{"damage":7,"enemies":"Looter","floor":14,"turns":3},{"damage":58,"enemies":"Slime Boss","floor":16,"turns":9},{"damage":28,"enemies":"2 Thieves","floor":18,"turns":4},{"damage":20,"enemies":"Chosen","floor":19,"turns":6},{"damage":34,"enemies":"Centurion and Healer","floor":21,"turns":8},{"damage":24,"enemies":"Slavers","floor":23,"turns":5},{"damage":43,"enemies":"Shelled Parasite and Fungi","floor":25,"turns":4},{"damage":18,"enemies":"Snake Plant","floor":28,"turns":2},{"damage":74,"enemies":"Champ","floor":33,"turns":16}],"seed_played":"-8901719585720653223","potions_obtained":[{"floor":6,"key":"Strength Potion"},{"floor":7,"key":"FearPotion"},{"floor":10,"key":"Fire Potion"},{"floor":17,"key":"FearPotion"},{"floor":18,"key":"Poison Potion"},{"floor":23,"key":"Strength Potion"},{"floor":28,"key":"PowerPotion"}],"is_trial":false,"path_per_floor":["M","?","M","?","$","M","M","?","T","E","?","R","M","M","R","B",null,"M","M","$","M","?","E","R","M","T","R","M","?","?","$","R","B"],"character_chosen":"IRONCLAD","items_purchased":["Toolbox","Pen Nib","Self Forming Clay"],"campfire_rested":5,"item_purchase_floors":[20,20,31],"current_hp_per_floor":[80,80,77,66,66,71,72,64,64,42,42,66,66,65,80,28,85,63,53,53,35,35,25,51,17,17,43,33,33,33,33,59,0],"gold":72,"neow_bonus":"RANDOM_COMMON_RELIC","is_prod":false,"is_daily":false,"chose_seed":false,"campfire_upgraded":0,"win_rate":0,"timestamp":1564289183,"path_taken":["M","?","M","?","$","M","M","?","T","E","?","R","?","M","R","BOSS","M","M","$","M","?","E","R","M","T","R","M","?","?","?","R","BOSS"],"build_version":"2019-07-17","purchased_purges":2,"victory":false,"max_hp_per_floor":[80,80,80,80,80,80,80,80,80,80,80,80,80,80,80,80,85,85,85,85,87,87,87,87,87,87,87,89,89,89,89,89,89],"card_choices":[{"not_picked":["Wild Strike","Dual Wield"],"picked":"Headbutt","floor":1},{"not_picked":["Thunderclap","Rupture"],"picked":"Rage","floor":3},{"not_picked":["Body Slam","Sword Boomerang"],"picked":"Infernal Blade","floor":6},{"not_picked":["Reckless Charge","Sword Boomerang"],"picked":"Dropkick","floor":7},{"not_picked":["Iron Wave","Body Slam"],"picked":"Twin Strike","floor":8},{"not_picked":["Immolate","Carnage"],"picked":"Uppercut","floor":10},{"not_picked":["Dual Wield","Feel No Pain"],"picked":"Anger","floor":13},{"not_picked":["Flex","Pommel Strike"],"picked":"Cleave","floor":14},{"not_picked":["Fiend Fire","Demon Form"],"picked":"Reaper","floor":16},{"not_picked":["Body Slam","Hemokinesis"],"picked":"Clothesline","floor":17},{"not_picked":["Pommel Strike","Sword Boomerang"],"picked":"Rage+1","floor":18},{"not_picked":["Warcry","Second Wind"],"picked":"Rupture","floor":19},{"not_picked":["Power Through","Burning Pact+1","Dropkick"],"picked":"Singing Bowl","floor":21},{"not_picked":["Hemokinesis","Sword Boomerang"],"picked":"Carnage+1","floor":23},{"not_picked":["Armaments","Spot Weakness"],"picked":"Heavy Blade","floor":25},{"not_picked":["Warcry","Body Slam","Pummel"],"picked":"Singing Bowl","floor":28}],"player_experience":202796,"relics_obtained":[{"floor":8,"key":"Singing Bowl"},{"floor":9,"key":"Bag of Preparation"},{"floor":10,"key":"Ice Cream"},{"floor":23,"key":"Orichalcum"},{"floor":26,"key":"Kunai"}],"event_choices":[{"damage_healed":0,"gold_gain":0,"player_choice":"Box","damage_taken":0,"relics_obtained":["Bronze Scales"],"max_hp_gain":0,"max_hp_loss":0,"event_name":"Big Fish","floor":2,"gold_loss":0,"cards_obtained":["Regret"]},{"damage_healed":0,"gold_gain":75,"player_choice":"Gather Gold","damage_taken":11,"max_hp_gain":0,"max_hp_loss":0,"event_name":"World of Goop","floor":4,"gold_loss":0},{"damage_healed":0,"gold_gain":0,"player_choice":"Searched \u00272\u0027 times","damage_taken":0,"max_hp_gain":0,"max_hp_loss":0,"event_name":"Dead Adventurer","floor":8,"gold_loss":0},{"damage_healed":0,"gold_gain":175,"player_choice":"AGREE","damage_taken":0,"max_hp_gain":0,"max_hp_loss":0,"event_name":"Liars Game","floor":11,"gold_loss":0,"cards_obtained":["Doubt"]},{"damage_healed":0,"gold_gain":0,"player_choice":"Simplicity","damage_taken":0,"max_hp_gain":0,"max_hp_loss":0,"event_name":"Back to Basics","floor":22,"gold_loss":0,"cards_upgraded":["Strike_R","Strike_R","Strike_R","Strike_R","Strike_R","Defend_R","Defend_R","Defend_R"]},{"damage_healed":0,"gold_gain":0,"player_choice":"Ignored","damage_taken":0,"max_hp_gain":0,"max_hp_loss":0,"event_name":"Vampires","floor":29,"gold_loss":0},{"damage_healed":0,"gold_gain":0,"player_choice":"Ignored","damage_taken":0,"max_hp_gain":0,"max_hp_loss":0,"event_name":"Ghosts","floor":30,"gold_loss":0}],"is_beta":false,"boss_relics":[{"not_picked":["Busted Crown","Calling Bell"],"picked":"Tiny House"}],"items_purged_floors":[5,20],"is_endless":false,"potions_floor_spawned":[6,7,10,13,14,18,21,23,28],"killed_by":"Champ","ascension_level":2}