{"gold_per_floor":[115,135,57,71,89,89,116,127,127,127],"floor_reached":10,"playtime":494,"items_purged":[],"score":70,"play_id":"a39bd113-d738-49e5-ac3f-1186707e1937","local_time":"20190703154639","is_ascension_mode":false,"campfire_choices":[{"data":"Accuracy","floor":6,"key":"SMITH"}],"neow_cost":"PERCENT_DAMAGE","seed_source_timestamp":13977495621178,"circlet_count":0,"master_deck":["Strike_G","Strike_G","Strike_G","Strike_G","Defend_G","Defend_G","Defend_G","Defend_G","Survivor","Neutralize","Bullet Time","Blade Dance","Backstab","Dagger Spray","Noxious Fumes","Deadly Poison","Accuracy+1","Bouncing Flask"],"relics":["Ring of the Snake","Frozen Egg 2","Shovel"],"potions_floor_usage":[],"damage_taken":[{"damage":4,"enemies":"Cultist","floor":1,"turns":4},{"damage":0,"enemies":"Small Slimes","floor":2,"turns":3},{"damage":0,"enemies":"2 Louse","floor":4,"turns":2},{"damage":10,"enemies":"Large Slime","floor":5,"turns":5},{"damage":34,"enemies":"Gremlin Nob","floor":7,"turns":5},{"damage":0,"enemies":"Blue Slaver","floor":8,"turns":2}],"seed_played":"-6683752322800116961","potions_obtained":[{"floor":2,"key":"Swift Potion"},{"floor":7,"key":"Block Potion"},{"floor":8,"key":"SkillPotion"}],"is_trial":false,"path_per_floor":["M","M","$","M","M","R","E","M","T","$"],"character_chosen":"THE_SILENT","items_purchased":["Noxious Fumes"],"campfire_rested":0,"item_purchase_floors":[3],"current_hp_per_floor":[45,45,45,45,35,35,1,1,1,1],"gold":127,"neow_bonus":"TRANSFORM_TWO_CARDS","is_prod":false,"is_daily":false,"chose_seed":false,"campfire_upgraded":1,"win_rate":0,"timestamp":1562193999,"path_taken":["M","M","$","M","?","R","E","M","T","$"],"build_version":"2019-07-01","purchased_purges":0,"victory":false,"max_hp_per_floor":[70,70,70,70,70,70,70,70,70,70],"card_choices":[{"not_picked":["Slice","Distraction"],"picked":"Backstab","floor":1},{"not_picked":["Reflex","Prepared"],"picked":"Dagger Spray","floor":2},{"not_picked":["Distraction","Dash"],"picked":"Deadly Poison","floor":4},{"not_picked":["Acrobatics","Flying Knee"],"picked":"Accuracy","floor":5},{"not_picked":["Bane","Dodge and Roll"],"picked":"Bouncing Flask","floor":7},{"not_picked":["Flying Knee","Dodge and Roll","All Out Attack"],"picked":"SKIP","floor":8}],"player_experience":237919,"relics_obtained":[{"floor":7,"key":"Frozen Egg 2"},{"floor":9,"key":"Shovel"}],"event_choices":[],"is_beta":false,"boss_relics":[],"items_purged_floors":[],"is_endless":false,"potions_floor_spawned":[2,7,8],"ascension_level":0}