{"gold_per_floor":[116,133,133,143,155,155,170,202,228,228,242,216,234,244,244,244],"floor_reached":16,"playtime":2494,"items_purged":[],"score":106,"play_id":"cca19009-5b16-4d20-8196-db8f3ea4acfa","local_time":"20190630021707","is_ascension_mode":false,"campfire_choices":[{"floor":6,"key":"REST"},{"floor":10,"key":"REST"},{"floor":15,"key":"REST"}],"neow_cost":"NONE","seed_source_timestamp":1015132990744259,"circlet_count":0,"master_deck":["Defend_G+1","Defend_G","Defend_G","Defend_G","Defend_G","Strike_G","Strike_G","Strike_G+1","Strike_G","Strike_G+1","Survivor+1","Neutralize+1","Outmaneuver","Backflip","Outmaneuver","Escape Plan","Acrobatics","Phantasmal Killer","Poisoned Stab","Dash","Crippling Poison"],"relics":["Ring of the Snake","War Paint","Centennial Puzzle","Whetstone"],"potions_floor_usage":[16,16,16],"damage_taken":[{"damage":2,"enemies":"Cultist","floor":1,"turns":5},{"damage":0,"enemies":"Small Slimes","floor":2,"turns":4},{"damage":8,"enemies":"2 Louse","floor":4,"turns":4},{"damage":0,"enemies":"Blue Slaver","floor":5,"turns":5},{"damage":18,"enemies":"Large Slime","floor":7,"turns":14},{"damage":43,"enemies":"Lagavulin","floor":8,"turns":14},{"damage":0,"enemies":"Looter","floor":11,"turns":4},{"damage":8,"enemies":"3 Louse","floor":13,"turns":5},{"damage":0,"enemies":"Large Slime","floor":14,"turns":6},{"damage":44,"enemies":"Slime Boss","floor":16,"turns":7}],"seed_played":"-4238667456028287436","potions_obtained":[{"floor":2,"key":"Explosive Potion"},{"floor":5,"key":"PowerPotion"},{"floor":11,"key":"GhostInAJar"}],"is_trial":false,"path_per_floor":["M","M","?","M","M","R","M","E","T","R","M","?","M","M","R","B"],"character_chosen":"THE_SILENT","items_purchased":[],"campfire_rested":3,"item_purchase_floors":[],"current_hp_per_floor":[68,68,68,60,60,70,52,9,9,30,30,30,22,22,43,0],"gold":244,"neow_bonus":"RANDOM_COMMON_RELIC","is_prod":false,"is_daily":false,"chose_seed":false,"campfire_upgraded":0,"win_rate":0.0,"timestamp":1561879027,"path_taken":["M","M","?","?","M","R","M","E","T","R","M","?","M","M","R","BOSS"],"build_version":"2019-01-23","purchased_purges":0,"victory":false,"max_hp_per_floor":[70,70,70,70,70,70,70,70,70,70,70,70,70,70,70,70],"card_choices":[{"not_picked":["Deadly Poison","Blade Dance"],"picked":"Outmaneuver","floor":1},{"not_picked":["Acrobatics","Dodge and Roll"],"picked":"Backflip","floor":2},{"not_picked":["Backflip","Infinite Blades"],"picked":"Outmaneuver","floor":4},{"not_picked":["Crippling Poison","Leg Sweep"],"picked":"Escape Plan","floor":5},{"not_picked":["Distraction","Prepared"],"picked":"Acrobatics","floor":7},{"not_picked":["Slice","Sucker Punch"],"picked":"Phantasmal Killer","floor":8},{"not_picked":["Reflex","Slice"],"picked":"Poisoned Stab","floor":11},{"not_picked":["Skewer","PiercingWail"],"picked":"Dash","floor":13},{"not_picked":["Backflip","Deadly Poison"],"picked":"Crippling Poison","floor":14}],"player_experience":31242,"relics_obtained":[{"floor":8,"key":"Centennial Puzzle"},{"floor":9,"key":"Whetstone"}],"event_choices":[{"damage_healed":0,"gold_gain":0,"player_choice":"Upgraded","damage_taken":0,"max_hp_gain":0,"max_hp_loss":0,"event_name":"Upgrade Shrine","floor":3,"gold_loss":0,"cards_upgraded":["Strike_G"]},{"damage_healed":0,"gold_gain":0,"player_choice":"Left Gold","damage_taken":0,"max_hp_gain":0,"max_hp_loss":0,"event_name":"World of Goop","floor":12,"gold_loss":26}],"is_beta":false,"boss_relics":[],"items_purged_floors":[],"is_endless":false,"potions_floor_spawned":[2,5,11],"killed_by":"Slime Boss","ascension_level":0}