{"gold_per_floor":[117,131,131,150,169,169,197,197,222,28,46,46,46,46,46,147,147,157,172,198,48,48],"floor_reached":22,"playtime":1171,"items_purged":["Pain"],"score":184,"play_id":"9493afc0-0ad0-4f3f-89e3-883791f4c8ea","local_time":"20190508143239","is_ascension_mode":false,"campfire_choices":[{"data":"Zap","floor":6,"key":"SMITH"},{"floor":8,"key":"REST"},{"floor":15,"key":"REST"}],"neow_cost":"NONE","seed_source_timestamp":1193699779887,"circlet_count":0,"master_deck":["Strike_B","Strike_B","Strike_B","Strike_B","Defend_B","Defend_B","Defend_B","Zap+1","Dualcast","Static Discharge","Capacitor","Sweeping Beam","Self Repair"],"relics":["Cracked Core","WarpedTongs","Anchor","Bronze Scales","Chemical X","Busted Crown","Red Mask"],"potions_floor_usage":[],"damage_taken":[{"damage":6,"enemies":"Jaw Worm","floor":1,"turns":3},{"damage":1,"enemies":"Cultist","floor":2,"turns":3},{"damage":0,"enemies":"Small Slimes","floor":4,"turns":2},{"damage":18,"enemies":"3 Louse","floor":5,"turns":3},{"damage":42,"enemies":"3 Sentries","floor":7,"turns":8},{"damage":3,"enemies":"Red Slaver","floor":11,"turns":3},{"damage":40,"enemies":"The Guardian","floor":16,"turns":9},{"damage":15,"enemies":"Chosen","floor":18,"turns":4},{"damage":11,"enemies":"3 Byrds","floor":19,"turns":3},{"damage":32,"enemies":"Masked Bandits","floor":20,"turns":4},{"damage":25,"enemies":"Cultist and Chosen","floor":22,"turns":4}],"seed_played":"2965664510485853138","potions_obtained":[{"floor":5,"key":"GamblersBrew"},{"floor":7,"key":"FocusPotion"},{"floor":14,"key":"LiquidBronze"}],"is_trial":false,"path_per_floor":["M","M","?","M","M","R","E","R","T","$","M","?","?","?","R","B",null,"M","M","?","$","M"],"character_chosen":"DEFECT","items_purchased":["Chemical X","Self Repair"],"campfire_rested":2,"item_purchase_floors":[10,21],"current_hp_per_floor":[69,68,68,68,50,50,8,30,30,30,27,27,27,27,49,9,75,60,49,17,17,0],"gold":48,"neow_bonus":"REMOVE_CARD","is_prod":false,"is_daily":false,"chose_seed":false,"campfire_upgraded":1,"win_rate":0,"timestamp":1557351159,"path_taken":["M","M","?","M","M","R","E","R","T","$","?","?","?","?","R","BOSS","M","M","?","$","M"],"build_version":"2019-01-23","purchased_purges":1,"victory":false,"max_hp_per_floor":[75,75,75,75,75,75,75,75,75,75,75,75,75,75,75,75,75,75,75,75,75,75],"card_choices":[{"not_picked":["Steam","Chill","Rebound"],"picked":"SKIP","floor":1},{"not_picked":["Fusion","Barrage"],"picked":"Static Discharge","floor":2},{"not_picked":["Compile Driver","Beam Cell","Glacier"],"picked":"SKIP","floor":4},{"not_picked":["Undo","Conserve Battery"],"picked":"Capacitor","floor":5},{"not_picked":["Rebound","Coolheaded","Go for the Eyes"],"picked":"SKIP","floor":7},{"not_picked":["Beam Cell","Leap"],"picked":"Sweeping Beam","floor":11},{"not_picked":["Chaos"],"picked":"SKIP","floor":18},{"not_picked":["Compile Driver"],"picked":"SKIP","floor":19}],"player_experience":128678,"relics_obtained":[{"floor":7,"key":"Anchor"},{"floor":9,"key":"Bronze Scales"},{"floor":20,"key":"Red Mask"}],"event_choices":[{"damage_healed":0,"gold_gain":0,"player_choice":"Rummage","damage_taken":0,"relics_obtained":["WarpedTongs"],"max_hp_gain":0,"max_hp_loss":0,"event_name":"Accursed Blacksmith","floor":3,"gold_loss":0,"cards_obtained":["Pain"]},{"damage_healed":0,"gold_gain":0,"player_choice":"Ignored","damage_taken":0,"max_hp_gain":0,"max_hp_loss":0,"event_name":"Golden Idol","floor":12,"gold_loss":0},{"damage_healed":0,"gold_gain":0,"player_choice":"Ignored","damage_taken":0,"max_hp_gain":0,"max_hp_loss":0,"event_name":"Shining Light","floor":13,"gold_loss":0},{"damage_healed":0,"gold_gain":0,"player_choice":"Got Potions","damage_taken":0,"max_hp_gain":0,"max_hp_loss":0,"event_name":"Lab","floor":14,"gold_loss":0},{"damage_healed":0,"gold_gain":0,"player_choice":"Fought Bandits","damage_taken":0,"max_hp_gain":0,"max_hp_loss":0,"event_name":"Masked Bandits","floor":20,"gold_loss":0}],"is_beta":false,"boss_relics":[{"not_picked":["Coffee Dripper","Calling Bell"],"picked":"Busted Crown"}],"items_purged_floors":[21],"is_endless":false,"potions_floor_spawned":[4,5,7,19],"killed_by":"Cultist and Chosen","ascension_level":0}