{"gold_per_floor":[209,219,233,251,267,267,300,300,300,316,342,352,352,378,378,483,483,494,512,522,522],"floor_reached":21,"playtime":2117,"items_purged":[],"score":236,"play_id":"debe31db-6392-4f24-b9e0-61ea77d64b25","local_time":"20190902070752","is_ascension_mode":true,"campfire_choices":[{"data":"Bash","floor":6,"key":"SMITH"},{"data":"Clothesline","floor":15,"key":"SMITH"}],"neow_cost":"NONE","seed_source_timestamp":442372180754300,"circlet_count":0,"master_deck":["Strike_R","Strike_R","Strike_R","Strike_R","Defend_R","Defend_R","Defend_R","Defend_R","Bash+1","Anger","Battle Trance","Feel No Pain","Headbutt","Rampage+1","Reckless Charge","Clothesline+1","Flex+1","Impervious+1","Iron Wave","Heavy Blade+1","Shrug It Off+1"],"relics":["Burning Blood","Oddly Smooth Stone","Ornamental Fan","Toxic Egg 2","Dream Catcher","Philosopher\u0027s Stone"],"potions_floor_usage":[11,11,16,16,19],"damage_taken":[{"damage":4,"enemies":"Jaw Worm","floor":1,"turns":4},{"damage":0,"enemies":"Small Slimes","floor":2,"turns":3},{"damage":1,"enemies":"Cultist","floor":3,"turns":4},{"damage":2,"enemies":"2 Fungi Beasts","floor":4,"turns":3},{"damage":7,"enemies":"Looter","floor":5,"turns":4},{"damage":32,"enemies":"Gremlin Nob","floor":7,"turns":4},{"damage":0,"enemies":"Large Slime","floor":10,"turns":4},{"damage":16,"enemies":"Lagavulin","floor":11,"turns":6},{"damage":2,"enemies":"Blue Slaver","floor":12,"turns":3},{"damage":21,"enemies":"Gremlin Nob","floor":14,"turns":4},{"damage":16,"enemies":"Hexaghost","floor":16,"turns":9},{"damage":18,"enemies":"2 Thieves","floor":18,"turns":5},{"damage":2,"enemies":"Chosen","floor":19,"turns":3},{"damage":37,"enemies":"Centurion and Healer","floor":20,"turns":5},{"damage":0,"enemies":"Snake Plant","floor":21,"turns":1}],"seed_played":"-8433276260661186223","potions_obtained":[{"floor":1,"key":"Poison Potion"},{"floor":5,"key":"Poison Potion"},{"floor":10,"key":"EntropicBrew"},{"floor":12,"key":"Weak Potion"},{"floor":19,"key":"AttackPotion"},{"floor":20,"key":"Energy Potion"}],"is_trial":false,"path_per_floor":["M","M","M","M","M","R","E","?","T","M","E","M","?","E","R","B",null,"M","M","M","M"],"character_chosen":"IRONCLAD","items_purchased":[],"campfire_rested":0,"item_purchase_floors":[],"current_hp_per_floor":[80,80,80,80,79,79,53,46,46,52,42,46,46,31,31,21,80,68,72,41,41],"gold":522,"neow_bonus":"HUNDRED_GOLD","is_prod":false,"is_daily":false,"chose_seed":false,"campfire_upgraded":2,"win_rate":0,"timestamp":1567422472,"path_taken":["M","M","M","M","M","R","E","?","T","M","E","M","?","E","R","BOSS","M","M","M","?"],"build_version":"2019-07-17","purchased_purges":0,"victory":false,"max_hp_per_floor":[80,80,80,80,80,80,80,80,80,80,80,80,80,80,80,80,80,80,80,80,80],"card_choices":[{"not_picked":["Hemokinesis","Pommel Strike"],"picked":"Anger","floor":1},{"not_picked":["Perfected Strike","Intimidate"],"picked":"Battle Trance","floor":2},{"not_picked":["Clash","Second Wind","Flex"],"picked":"SKIP","floor":3},{"not_picked":["Thunderclap","Perfected Strike"],"picked":"Feel No Pain","floor":4},{"not_picked":["Heavy Blade","Fire Breathing"],"picked":"Headbutt","floor":5},{"not_picked":["Corruption","Bludgeon","Sever Soul"],"picked":"SKIP","floor":7},{"not_picked":["Cleave","Clash"],"picked":"Rampage","floor":10},{"not_picked":["Combust","Bloodletting"],"picked":"Reckless Charge","floor":11},{"not_picked":["Battle Trance+1","Clash"],"picked":"Clothesline","floor":12},{"not_picked":["Pommel Strike","Body Slam"],"picked":"Flex+1","floor":14},{"not_picked":["Offering+1","Exhume+1"],"picked":"Impervious+1","floor":16},{"not_picked":["Searing Blow+1","Infernal Blade+1"],"picked":"Iron Wave","floor":18},{"not_picked":["Wild Strike","Power Through+1"],"picked":"Heavy Blade+1","floor":19},{"not_picked":["Iron Wave","True Grit+1"],"picked":"Shrug It Off+1","floor":20}],"player_experience":120920,"relics_obtained":[{"floor":7,"key":"Oddly Smooth Stone"},{"floor":9,"key":"Ornamental Fan"},{"floor":11,"key":"Toxic Egg 2"},{"floor":14,"key":"Dream Catcher"}],"event_choices":[{"cards_removed":["Strike_R"],"damage_healed":0,"gold_gain":0,"player_choice":"Card Removal","damage_taken":7,"max_hp_gain":0,"max_hp_loss":0,"event_name":"Golden Wing","floor":8,"gold_loss":0},{"damage_healed":0,"gold_gain":0,"player_choice":"Upgraded","damage_taken":0,"max_hp_gain":0,"max_hp_loss":0,"event_name":"Upgrade Shrine","floor":13,"gold_loss":0,"cards_upgraded":["Rampage"]}],"is_beta":false,"boss_relics":[{"not_picked":["Fusion Hammer","Runic Dome"],"picked":"Philosopher\u0027s Stone"}],"items_purged_floors":[],"is_endless":false,"potions_floor_spawned":[1,5,10,12,19,20],"killed_by":"Snake Plant","ascension_level":3}