{"gold_per_floor":[110,125,125,145,161,161,196,196,221,252,252,252,266,279,279,410,410,434,359,398,414,329,329],"floor_reached":23,"playtime":2935,"items_purged":["Strike_R"],"score":251,"play_id":"ce2f4d7b-49e0-4b6d-be7c-7d1d799e0282","local_time":"20190902151813","is_ascension_mode":true,"campfire_choices":[{"data":"Bash","floor":6,"key":"SMITH"},{"data":"Anger","floor":8,"key":"SMITH"},{"floor":12,"key":"REST"},{"data":"Shrug It Off","floor":15,"key":"SMITH"}],"neow_cost":"NONE","seed_source_timestamp":470972963116200,"circlet_count":0,"master_deck":["Strike_R","Strike_R","Strike_R","Strike_R","Defend_R","Defend_R","Defend_R","Defend_R","Bash+1","Twin Strike","Shrug It Off","Shrug It Off+1","Anger+1","Impervious","Demon Form","Uppercut","Body Slam","Headbutt"],"relics":["Burning Blood","Golden Idol","Blood Vial","Centennial Puzzle","Happy Flower","Anchor","Black Star","Red Mask","Regal Pillow"],"potions_floor_usage":[16,20],"damage_taken":[{"damage":7,"enemies":"Jaw Worm","floor":1,"turns":3},{"damage":11,"enemies":"2 Louse","floor":2,"turns":4},{"damage":6,"enemies":"Cultist","floor":4,"turns":3},{"damage":0,"enemies":"Exordium Wildlife","floor":5,"turns":3},{"damage":31,"enemies":"Lagavulin","floor":7,"turns":8},{"damage":16,"enemies":"Gremlin Nob","floor":10,"turns":3},{"damage":0,"enemies":"Large Slime","floor":13,"turns":5},{"damage":3,"enemies":"Blue Slaver","floor":14,"turns":3},{"damage":51,"enemies":"Slime Boss","floor":16,"turns":14},{"damage":5,"enemies":"Shell Parasite","floor":18,"turns":5},{"damage":42,"enemies":"Masked Bandits","floor":20,"turns":7},{"damage":7,"enemies":"3 Byrds","floor":21,"turns":6},{"damage":30,"enemies":"Slavers","floor":23,"turns":4}],"seed_played":"7027958694741001662","potions_obtained":[{"floor":2,"key":"GamblersBrew"},{"floor":4,"key":"PowerPotion"},{"floor":5,"key":"Swift Potion"},{"floor":21,"key":"Dexterity Potion"}],"is_trial":false,"path_per_floor":["M","M","?","M","M","R","E","R","T","E","?","R","M","M","R","B",null,"M","$","?","M","?","E"],"character_chosen":"IRONCLAD","items_purchased":[],"campfire_rested":1,"item_purchase_floors":[],"current_hp_per_floor":[87,82,60,60,66,66,41,41,41,33,33,59,67,72,72,29,73,76,76,42,43,43,15],"gold":329,"neow_bonus":"TEN_PERCENT_HP_BONUS","is_prod":false,"is_daily":false,"chose_seed":false,"campfire_upgraded":3,"win_rate":0,"timestamp":1567451893,"path_taken":["M","M","?","M","M","R","E","R","T","E","?","R","M","?","R","BOSS","M","$","?","M","?","E"],"build_version":"2019-07-17","purchased_purges":1,"victory":false,"max_hp_per_floor":[88,88,88,88,88,88,88,88,88,88,88,88,88,88,88,88,88,88,88,88,88,88,88],"card_choices":[{"not_picked":["Clash","Perfected Strike"],"picked":"Twin Strike","floor":1},{"not_picked":["Evolve","Iron Wave"],"picked":"Shrug It Off","floor":2},{"not_picked":["Combust","Twin Strike"],"picked":"Shrug It Off","floor":4},{"not_picked":["Twin Strike","Havoc"],"picked":"Anger","floor":5},{"not_picked":["Carnage","Bludgeon"],"picked":"Infernal Blade","floor":7},{"not_picked":["Fire Breathing","Warcry","Shrug It Off"],"picked":"SKIP","floor":10},{"not_picked":["Clash","True Grit","Twin Strike"],"picked":"SKIP","floor":13},{"not_picked":["Sever Soul","Wild Strike"],"picked":"Impervious","floor":14},{"not_picked":["Limit Break","Double Tap"],"picked":"Demon Form","floor":16},{"not_picked":["Pummel","Warcry+1"],"picked":"Uppercut","floor":18},{"not_picked":["Dual Wield","Shrug It Off"],"picked":"Body Slam","floor":20},{"not_picked":["Armaments","Body Slam+1"],"picked":"Headbutt","floor":21}],"player_experience":142640,"relics_obtained":[{"floor":7,"key":"Blood Vial"},{"floor":9,"key":"Centennial Puzzle"},{"floor":10,"key":"Happy Flower"},{"floor":20,"key":"Red Mask"}],"event_choices":[{"damage_healed":0,"gold_gain":0,"player_choice":"Take Damage","damage_taken":22,"relics_obtained":["Golden Idol"],"max_hp_gain":0,"max_hp_loss":0,"event_name":"Golden Idol","floor":3,"gold_loss":0},{"cards_removed":["Infernal Blade"],"damage_healed":0,"gold_gain":0,"player_choice":"Gave Card","damage_taken":0,"relics_obtained":["Anchor"],"max_hp_gain":0,"max_hp_loss":0,"event_name":"WeMeetAgain","floor":11,"gold_loss":0},{"damage_healed":0,"gold_gain":0,"player_choice":"Fought Bandits","damage_taken":0,"max_hp_gain":0,"max_hp_loss":0,"event_name":"Masked Bandits","floor":20,"gold_loss":0},{"damage_healed":0,"gold_gain":0,"player_choice":"Obtained Relic","damage_taken":0,"relics_obtained":["Regal Pillow"],"max_hp_gain":0,"max_hp_loss":0,"event_name":"Addict","floor":22,"gold_loss":85}],"is_beta":false,"boss_relics":[{"not_picked":["Busted Crown","Tiny House"],"picked":"Black Star"}],"items_purged_floors":[19],"is_endless":false,"potions_floor_spawned":[2,4,5,10,14,21],"killed_by":"Slavers","ascension_level":5}