{"gold_per_floor":[116,116,127,21,21,21,40,40,120,28,42,7,7,23,23,23],"floor_reached":16,"playtime":318,"items_purged":[],"score":180,"play_id":"9bfca32a-5d77-45dc-8376-7779876e4832","local_time":"20190702214249","is_ascension_mode":true,"campfire_choices":[{"floor":6,"key":"REST"},{"data":"Flame Barrier","floor":15,"key":"SMITH"}],"neow_cost":"PERCENT_DAMAGE","seed_source_timestamp":100444208394700,"circlet_count":0,"master_deck":["AscendersBane","Strike_R","Strike_R","Strike_R+1","Strike_R","Strike_R","Defend_R","Defend_R","Defend_R+1","Bash+1","Spot Weakness","Disarm","Flash of Steel","Clash","Flash of Steel","Flame Barrier+1"],"relics":["Burning Blood","Bottled Lightning"],"potions_floor_usage":[16],"damage_taken":[{"damage":14,"enemies":"Jaw Worm","floor":1,"turns":4},{"damage":11,"enemies":"2 Louse","floor":3,"turns":3},{"damage":4,"enemies":"Cultist","floor":7,"turns":3},{"damage":22,"enemies":"3 Louse","floor":11,"turns":3},{"damage":10,"enemies":"Looter","floor":14,"turns":3},{"damage":23,"enemies":"Slime Boss","floor":16,"turns":7}],"seed_played":"6531753288187406743","potions_obtained":[{"floor":1,"key":"Ancient Potion"},{"floor":11,"key":"Regen Potion"},{"floor":14,"key":"SteroidPotion"}],"is_trial":false,"path_per_floor":["M","?","M","$","?","R","M","?","T","$","M","?","?","M","R","B"],"character_chosen":"IRONCLAD","items_purchased":["Flash of Steel","Flash of Steel"],"campfire_rested":1,"item_purchase_floors":[4,10],"current_hp_per_floor":[56,49,44,44,17,43,45,45,45,45,29,51,51,47,47,36],"gold":23,"neow_bonus":"TWENTY_PERCENT_HP_BONUS","is_prod":false,"is_daily":false,"chose_seed":false,"campfire_upgraded":1,"win_rate":0,"timestamp":1562125369,"path_taken":["M","?","M","$","?","R","M","?","T","$","?","?","?","M","R","BOSS"],"build_version":"2019-06-30","purchased_purges":0,"victory":false,"max_hp_per_floor":[89,89,89,89,89,89,89,89,89,89,89,89,89,89,89,89],"card_choices":[{"not_picked":["Headbutt","Thunderclap"],"picked":"Spot Weakness","floor":1},{"not_picked":["Havoc","Perfected Strike"],"picked":"Disarm","floor":3},{"not_picked":["Rage","Armaments"],"picked":"Clash","floor":7},{"not_picked":["Body Slam","Anger","Entrench"],"picked":"SKIP","floor":11},{"not_picked":["True Grit","Intimidate"],"picked":"Flame Barrier","floor":14}],"player_experience":828755,"relics_obtained":[{"floor":9,"key":"Bottled Lightning"}],"event_choices":[{"cards_removed":["Defend_R"],"damage_healed":0,"gold_gain":0,"player_choice":"Card Removal","damage_taken":7,"max_hp_gain":0,"max_hp_loss":0,"event_name":"Golden Wing","floor":2,"gold_loss":0},{"damage_healed":0,"gold_gain":0,"player_choice":"Entered Light","damage_taken":27,"max_hp_gain":0,"max_hp_loss":0,"event_name":"Shining Light","floor":5,"gold_loss":0,"cards_upgraded":["Strike_R","Defend_R"]},{"damage_healed":0,"gold_gain":0,"player_choice":"Forge","damage_taken":0,"max_hp_gain":0,"max_hp_loss":0,"event_name":"Accursed Blacksmith","floor":8,"gold_loss":0,"cards_upgraded":["Bash"]},{"damage_healed":22,"gold_gain":0,"player_choice":"Healed","damage_taken":0,"max_hp_gain":0,"max_hp_loss":0,"event_name":"The Cleric","floor":12,"gold_loss":35},{"damage_healed":0,"gold_gain":0,"player_choice":"Ignored","damage_taken":0,"max_hp_gain":0,"max_hp_loss":0,"event_name":"Liars Game","floor":13,"gold_loss":0}],"is_beta":true,"boss_relics":[],"items_purged_floors":[],"is_endless":false,"potions_floor_spawned":[1,11,14],"killed_by":"Slime Boss","ascension_level":20}