{"gold_per_floor":[110,285,298,298,16,29,42,42,92,92,109,140,140,65,65,163,213,225,244,47,67,79,79,94,127,127,127],"floor_reached":27,"playtime":2572,"items_purged":["Pain"],"score":235,"play_id":"b3a82a74-2a02-4c4c-9104-e619d6b2acb9","local_time":"20190415092544","is_ascension_mode":false,"campfire_choices":[{"floor":8,"key":"REST"},{"data":"Leg Sweep","floor":10,"key":"SMITH"},{"floor":15,"key":"REST"},{"floor":23,"key":"REST"}],"neow_cost":"NONE","seed_source_timestamp":101585597954,"circlet_count":0,"master_deck":["Defend_G","Defend_G","Defend_G","Defend_G","Defend_G","Strike_G","Strike_G","Strike_G","Strike_G+1","Strike_G+1","Survivor+1","Neutralize","Deep Breath","Leg Sweep+1","Infinite Blades","Tools of the Trade","Dagger Throw","Cloak And Dagger","Caltrops","Noxious Fumes","Die Die Die","Backstab","Backstab","Blade Dance","Footwork"],"relics":["Ring of the Snake","Whetstone","Pen Nib","PreservedInsect","WarpedTongs","Tiny House","OrangePellets","Smiling Mask","Calipers"],"potions_floor_usage":[],"damage_taken":[{"damage":0,"enemies":"2 Louse","floor":1,"turns":4},{"damage":7,"enemies":"Jaw Worm","floor":3,"turns":6},{"damage":6,"enemies":"Small Slimes","floor":6,"turns":3},{"damage":17,"enemies":"Gremlin Gang","floor":7,"turns":5},{"damage":12,"enemies":"Exordium Wildlife","floor":11,"turns":6},{"damage":4,"enemies":"3 Sentries","floor":12,"turns":9},{"damage":16,"enemies":"The Guardian","floor":16,"turns":12},{"damage":24,"enemies":"3 Byrds","floor":18,"turns":5},{"damage":10,"enemies":"Shell Parasite","floor":19,"turns":5},{"damage":6,"enemies":"Chosen and Byrds","floor":21,"turns":6},{"damage":10,"enemies":"Shelled Parasite and Fungi","floor":22,"turns":5},{"damage":18,"enemies":"Snake Plant","floor":24,"turns":5},{"damage":23,"enemies":"Slavers","floor":25,"turns":5},{"damage":8,"enemies":"Centurion and Healer","floor":27,"turns":7}],"seed_played":"-5230136152656293798","potions_obtained":[{"floor":3,"key":"Fire Potion"},{"floor":6,"key":"SpeedPotion"},{"floor":12,"key":"PowerPotion"},{"floor":17,"key":"LiquidBronze"},{"floor":24,"key":"GhostInAJar"}],"is_trial":false,"path_per_floor":["M","?","M","?","$","M","M","R","T","R","M","E","?","$","R","B",null,"M","M","$","M","M","R","M","E","T","M"],"character_chosen":"THE_SILENT","items_purchased":["Tools of the Trade","Whetstone","OrangePellets"],"campfire_rested":3,"item_purchase_floors":[5,5,20],"current_hp_per_floor":[70,70,63,56,56,50,33,54,54,54,42,38,38,38,59,43,75,51,41,41,35,25,47,29,6,6,0],"gold":127,"neow_bonus":"RANDOM_COLORLESS","is_prod":false,"is_daily":false,"chose_seed":false,"campfire_upgraded":1,"win_rate":0,"timestamp":1555345544,"path_taken":["M","?","M","?","?","M","M","R","T","R","M","E","?","$","R","BOSS","M","M","$","M","?","R","M","E","T","M"],"build_version":"2019-01-23","purchased_purges":1,"victory":false,"max_hp_per_floor":[70,70,70,70,70,70,70,70,70,70,70,70,70,70,70,70,75,75,75,75,75,75,75,75,75,75,75],"card_choices":[{"not_picked":["Acrobatics","Calculated Gamble"],"picked":"Leg Sweep","floor":1},{"not_picked":["Backflip","Riddle With Holes"],"picked":"Infinite Blades","floor":3},{"not_picked":["Calculated Gamble","Bane"],"picked":"Dagger Throw","floor":6},{"not_picked":["Quick Slash","Crippling Poison"],"picked":"Cloak And Dagger","floor":7},{"not_picked":["Acrobatics","Prepared"],"picked":"Caltrops","floor":11},{"not_picked":["Doppelganger","Dodge and Roll"],"picked":"Noxious Fumes","floor":12},{"not_picked":["Corpse Explosion","Adrenaline"],"picked":"Die Die Die","floor":16},{"not_picked":["Flechettes","Cloak And Dagger"],"picked":"Backstab","floor":18},{"not_picked":["Deadly Poison","Prepared"],"picked":"Backstab","floor":19},{"not_picked":["Deflect","Sucker Punch"],"picked":"Blade Dance","floor":21},{"not_picked":["Deadly Poison","Quick Slash"],"picked":"Footwork","floor":22},{"not_picked":["Eviscerate","Dash","Bane"],"picked":"SKIP","floor":24},{"not_picked":["Flechettes+1","Slice","Prepared"],"picked":"SKIP","floor":25}],"player_experience":68180,"relics_obtained":[{"floor":9,"key":"Pen Nib"},{"floor":12,"key":"PreservedInsect"},{"floor":25,"key":"Smiling Mask"},{"floor":26,"key":"Calipers"}],"event_choices":[{"damage_healed":0,"gold_gain":175,"player_choice":"AGREE","damage_taken":0,"max_hp_gain":0,"max_hp_loss":0,"event_name":"Liars Game","floor":2,"gold_loss":0,"cards_obtained":["Doubt"]},{"cards_removed":["Doubt"],"damage_healed":0,"gold_gain":0,"player_choice":"Card Removal","damage_taken":7,"max_hp_gain":0,"max_hp_loss":0,"event_name":"Golden Wing","floor":4,"gold_loss":0},{"damage_healed":0,"gold_gain":0,"player_choice":"Rummage","damage_taken":0,"relics_obtained":["WarpedTongs"],"max_hp_gain":0,"max_hp_loss":0,"event_name":"Accursed Blacksmith","floor":13,"gold_loss":0,"cards_obtained":["Pain"]}],"is_beta":false,"boss_relics":[{"not_picked":["Orrery","Runic Dome"],"picked":"Tiny House"}],"items_purged_floors":[14],"is_endless":false,"potions_floor_spawned":[3,6,12,18,22,24,25],"killed_by":"Centurion and Healer","ascension_level":0}