{"gold_per_floor":[111,126,41,57,57,57,86,86,86,100,100,100,25,40,40,118,118,138,53,73,73,73,73,85,115,115,140,140,14,14,14,14,90,90,104,104,104,118,168,168],"floor_reached":40,"playtime":1281,"items_purged":["Defend_B"],"score":840,"play_id":"6d0defc1-d2e2-4b5f-a65e-0c863ec33339","local_time":"20190816144604","is_ascension_mode":true,"campfire_choices":[{"data":"Zap","floor":6.0,"key":"SMITH"},{"data":"Defragment","floor":12.0,"key":"SMITH"},{"data":"Dualcast","floor":15.0,"key":"SMITH"},{"data":"Heatsinks","floor":23.0,"key":"SMITH"},{"data":"Loop","floor":30.0,"key":"SMITH"},{"data":"Turbo","floor":32.0,"key":"SMITH"}],"neow_cost":"NONE","seed_source_timestamp":1631646168413800,"circlet_count":0,"master_deck":["AscendersBane","Defend_B","Defend_B","Defend_B","Zap+1","Dualcast+1","BootSequence","Glacier","Ball Lightning","Coolheaded+1","Hologram","Compile Driver","Defragment+1","Aggregate+1","Heatsinks+1","Core Surge","Stack","Echo Form","White Noise","Chaos+1","Double Energy","Machine Learning","Bite","Bite","Bite","Cold Snap","Glacier","Loop+1","Turbo+1","Seek","Hologram","Self Repair","Coolheaded+1","Storm+1"],"special_seed":0,"relics":["Cracked Core","NeowsBlessing","Prayer Wheel","WarpedTongs","Thread and Needle","Philosopher\u0027s Stone","War Paint","Dream Catcher","StoneCalendar","Meat on the Bone","Cables","Eternal Feather"],"potions_floor_usage":[40],"damage_taken":[{"damage":0.0,"enemies":"2 Louse","floor":1.0,"turns":1.0},{"damage":0.0,"enemies":"Jaw Worm","floor":2.0,"turns":1.0},{"damage":0.0,"enemies":"Cultist","floor":4.0,"turns":1.0},{"damage":11.0,"enemies":"Lagavulin","floor":7.0,"turns":7.0},{"damage":2.0,"enemies":"3 Louse","floor":10.0,"turns":3.0},{"damage":0.0,"enemies":"Exordium Thugs","floor":14.0,"turns":4.0},{"damage":29.0,"enemies":"Hexaghost","floor":16.0,"turns":10.0},{"damage":0.0,"enemies":"Spheric Guardian","floor":18.0,"turns":4.0},{"damage":23.0,"enemies":"3 Byrds","floor":20.0,"turns":5.0},{"damage":23.0,"enemies":"Cultist and Chosen","floor":24.0,"turns":7.0},{"damage":23.0,"enemies":"Gremlin Leader","floor":25.0,"turns":9.0},{"damage":30.0,"enemies":"Slavers","floor":27.0,"turns":7.0},{"damage":8.0,"enemies":"Automaton","floor":33.0,"turns":11.0},{"damage":25.0,"enemies":"3 Darklings","floor":35.0,"turns":7.0},{"damage":3.0,"enemies":"Orb Walker","floor":38.0,"turns":3.0},{"damage":45,"enemies":"Reptomancer","floor":40,"turns":2}],"seed_played":"1582752833323564562","potions_obtained":[{"floor":1.0,"key":"Explosive Potion"},{"floor":14.0,"key":"Weak Potion"},{"floor":16.0,"key":"Block Potion"},{"floor":24.0,"key":"Weak Potion"},{"floor":27.0,"key":"Poison Potion"},{"floor":38.0,"key":"Regen Potion"}],"is_trial":false,"path_per_floor":["M","M","$","M","?","R","E","?","T","M","?","R","$","M","R","B",null,"M","?","M","?","?","R","M","E","T","E","T","$","R","$","R","B",null,"M","?","?","M","?","E"],"character_chosen":"DEFECT","items_purchased":["Ball Lightning","Coolheaded","Heatsinks","Turbo"],"campfire_rested":0,"item_purchase_floors":[3,3,13,29],"current_hp_per_floor":[64,64,64,64,69,69,58,58,58,56,56,56,56,56,56,27,64,64,64,41,41,41,41,32,36,36,17,17,17,17,17,17,44,51,37,37,37,38,33,0],"gold":168,"neow_bonus":"THREE_ENEMY_KILL","is_prod":false,"is_daily":false,"chose_seed":false,"campfire_upgraded":6,"win_rate":0,"timestamp":1565937964,"path_taken":["M","M","$","M","?","R","E","?","T","?","?","R","?","M","R","BOSS","M","?","M","?","?","R","?","E","T","E","?","$","R","$","R","BOSS","M","?","?","M","?","E"],"build_version":"2019-07-17","purchased_purges":1,"victory":false,"max_hp_per_floor":[71,71,71,71,76,76,76,76,76,76,76,76,76,76,76,76,76,76,76,76,53,53,53,53,53,53,53,53,53,53,53,53,53,53,53,50,50,50,50,50],"card_choices":[{"not_picked":["Go for the Eyes","Redo"],"picked":"BootSequence","floor":1.0},{"not_picked":["Beam Cell","Rebound"],"picked":"Glacier","floor":2.0},{"not_picked":["Barrage","Go for the Eyes"],"picked":"Hologram","floor":4.0},{"not_picked":["Melter","Gash"],"picked":"Compile Driver","floor":7.0},{"not_picked":["Sweeping Beam","Hologram"],"picked":"Defragment","floor":10.0},{"not_picked":["Coolheaded","Steam"],"picked":"Aggregate","floor":10.0},{"not_picked":["Rebound","Doom and Gloom"],"picked":"Core Surge","floor":14.0},{"not_picked":["Ball Lightning","Double Energy"],"picked":"Stack","floor":14.0},{"not_picked":["Electrodynamics","Buffer"],"picked":"Echo Form","floor":16.0},{"not_picked":["Streamline","Conserve Battery"],"picked":"White Noise","floor":18.0},{"not_picked":["Ball Lightning","Heatsinks"],"picked":"Chaos+1","floor":18.0},{"not_picked":["Genetic Algorithm","Storm"],"picked":"Double Energy","floor":20.0},{"not_picked":["Coolheaded","Doom and Gloom"],"picked":"Machine Learning","floor":20.0},{"not_picked":["Melter","Tempest+1"],"picked":"Cold Snap","floor":24.0},{"not_picked":["Barrage","Chaos","Go for the Eyes"],"picked":"SKIP","floor":24.0},{"not_picked":["Conserve Battery","Sweeping Beam"],"picked":"Glacier","floor":25.0},{"not_picked":["Leap","Hologram"],"picked":"Loop","floor":27.0},{"not_picked":["Thunder Strike","Meteor Strike"],"picked":"Seek","floor":33.0},{"not_picked":["BootSequence","Streamline"],"picked":"Hologram","floor":35.0},{"not_picked":["Static Discharge","FTL"],"picked":"Self Repair","floor":35.0},{"not_picked":["Capacitor","Stack"],"picked":"Coolheaded+1","floor":38.0},{"not_picked":["Rebound","Cold Snap"],"picked":"Storm+1","floor":38.0}],"player_experience":2184049,"relics_obtained":[{"floor":7.0,"key":"Prayer Wheel"},{"floor":9.0,"key":"Thread and Needle"},{"floor":25.0,"key":"Dream Catcher"},{"floor":26.0,"key":"StoneCalendar"},{"floor":27.0,"key":"Meat on the Bone"},{"floor":28.0,"key":"Cables"}],"event_choices":[{"damage_healed":0.0,"max_hp_gain":5.0,"max_hp_loss":0.0,"gold_gain":0.0,"event_name":"Big Fish","player_choice":"Donut","floor":5.0,"gold_loss":0.0,"damage_taken":0.0},{"damage_healed":0.0,"max_hp_gain":0.0,"max_hp_loss":0.0,"gold_gain":0.0,"event_name":"Accursed Blacksmith","player_choice":"Rummage","floor":8.0,"gold_loss":0.0,"damage_taken":0.0,"relics_obtained":["WarpedTongs"],"cards_obtained":["Pain"]},{"cards_removed":["Pain"],"damage_healed":0.0,"max_hp_gain":0.0,"max_hp_loss":0.0,"gold_gain":0.0,"event_name":"Purifier","player_choice":"Purged","floor":11.0,"gold_loss":0.0,"damage_taken":0.0},{"damage_healed":0.0,"max_hp_gain":0.0,"max_hp_loss":0.0,"gold_gain":0.0,"event_name":"Addict","player_choice":"Obtained Relic","floor":19.0,"gold_loss":85.0,"damage_taken":0.0,"relics_obtained":["War Paint"]},{"damage_healed":0.0,"max_hp_gain":0.0,"max_hp_loss":23.0,"gold_gain":0.0,"event_name":"Vampires","player_choice":"Became a vampire","floor":21.0,"gold_loss":0.0,"damage_taken":0.0,"cards_obtained":["Bite","Bite","Bite","Bite","Bite"]},{"cards_removed":["Bite"],"damage_healed":0.0,"max_hp_gain":0.0,"max_hp_loss":0.0,"gold_gain":0.0,"event_name":"Back to Basics","player_choice":"Elegance","floor":22.0,"gold_loss":0.0,"damage_taken":0.0},{"damage_healed":0.0,"max_hp_gain":0.0,"max_hp_loss":3.0,"gold_gain":0.0,"event_name":"Winding Halls","player_choice":"Max HP","floor":36.0,"gold_loss":0.0,"damage_taken":0.0},{"cards_removed":["Bite"],"damage_healed":0.0,"max_hp_gain":0.0,"max_hp_loss":0.0,"gold_gain":0.0,"event_name":"Falling","player_choice":"Removed Attack","floor":37.0,"gold_loss":0.0,"damage_taken":0.0},{"damage_healed":0,"gold_gain":50,"player_choice":"Touch","damage_taken":5,"max_hp_gain":0,"max_hp_loss":0,"event_name":"FaceTrader","floor":39,"gold_loss":0}],"is_beta":false,"boss_relics":[{"not_picked":["White Beast Statue","Velvet Choker"],"picked":"Philosopher\u0027s Stone"},{"not_picked":["Sozu","Lizard Tail"],"picked":"Eternal Feather"}],"items_purged_floors":[29],"is_endless":false,"potions_floor_spawned":[1,14,16,24,27,38],"killed_by":"Reptomancer","ascension_level":20}