{"gold_per_floor":[111,186,196,105,105,140,155,155,181,195,211,65,65,82,82,178,178,193,26,126,145,163,193,193,212,260,271,271],"floor_reached":28,"playtime":1597,"items_purged":["Strike_G"],"score":242,"play_id":"3ffe4c93-5cf9-4212-a1ba-a6a718b42d40","local_time":"20190418225137","is_ascension_mode":false,"campfire_choices":[{"floor":8,"key":"REST"},{"floor":13,"key":"REST"},{"data":"Accuracy","floor":15,"key":"SMITH"},{"data":"Burst","floor":24,"key":"SMITH"}],"neow_cost":"NONE","seed_source_timestamp":18399418621514,"circlet_count":0,"master_deck":["Defend_G","Defend_G","Defend_G","Defend_G","Defend_G","Strike_G","Strike_G","Strike_G","Strike_G","Survivor","Neutralize","Dramatic Entrance","Infinite Blades","Cloak And Dagger","Blade Dance","Backflip","Dagger Throw","Blade Dance","Accuracy+1","Dagger Spray","Burst+1","Blade Dance","Dramatic Entrance","Caltrops"],"relics":["Ring of the Snake","Centennial Puzzle","Bronze Scales","Vajra","Sozu","Mummified Hand","Dream Catcher"],"potions_floor_usage":[],"damage_taken":[{"damage":0,"enemies":"2 Louse","floor":1,"turns":2},{"damage":4,"enemies":"Cultist","floor":3,"turns":5},{"damage":48,"enemies":"Gremlin Nob","floor":6,"turns":5},{"damage":0,"enemies":"Small Slimes","floor":7,"turns":4},{"damage":4,"enemies":"Gremlin Gang","floor":10,"turns":3},{"damage":0,"enemies":"2 Fungi Beasts","floor":11,"turns":3},{"damage":7,"enemies":"Exordium Thugs","floor":14,"turns":2},{"damage":20,"enemies":"Hexaghost","floor":16,"turns":8},{"damage":2,"enemies":"Shell Parasite","floor":18,"turns":3},{"damage":1,"enemies":"Chosen","floor":21,"turns":3},{"damage":3,"enemies":"Centurion and Healer","floor":22,"turns":5},{"damage":22,"enemies":"Gremlin Leader","floor":23,"turns":5},{"damage":30,"enemies":"Snake Plant","floor":25,"turns":4},{"damage":1,"enemies":"Snecko","floor":27,"turns":4},{"damage":12,"enemies":"Centurion and Healer","floor":28,"turns":2}],"seed_played":"8644024163625024201","potions_obtained":[{"floor":3,"key":"Fire Potion"},{"floor":6,"key":"FearPotion"},{"floor":14,"key":"Swift Potion"}],"is_trial":false,"path_per_floor":["M","?","M","$","?","E","M","R","T","M","M","$","R","M","R","B",null,"M","$","?","M","M","E","R","M","T","M","M"],"character_chosen":"THE_SILENT","items_purchased":["Blade Dance","Backflip","Vajra","Dramatic Entrance"],"campfire_rested":2,"item_purchase_floors":[4,4,12,19],"current_hp_per_floor":[70,63,59,59,59,11,11,32,32,28,28,28,49,42,42,22,70,68,68,68,67,64,42,42,12,12,11,0],"gold":271,"neow_bonus":"RANDOM_COLORLESS","is_prod":false,"is_daily":false,"chose_seed":false,"campfire_upgraded":2,"win_rate":0,"timestamp":1555653097,"path_taken":["M","?","?","$","?","E","M","R","T","M","?","?","R","?","R","BOSS","M","$","?","?","M","E","R","M","T","M","M"],"build_version":"2019-01-23","purchased_purges":1,"victory":false,"max_hp_per_floor":[70,70,70,70,70,70,70,70,70,70,70,70,70,70,70,70,70,70,70,70,70,70,70,70,70,70,70,70],"card_choices":[{"not_picked":["Quick Slash","Blur"],"picked":"Infinite Blades","floor":1},{"not_picked":["Prepared","Backflip"],"picked":"Cloak And Dagger","floor":3},{"not_picked":["Venomology","Well Laid Plans"],"picked":"Blade Dance","floor":6},{"not_picked":["Acrobatics","Sucker Punch"],"picked":"Accuracy","floor":7},{"not_picked":["Backflip","Dodge and Roll"],"picked":"Dagger Spray","floor":10},{"not_picked":["Dagger Spray","Dagger Throw","Underhanded Strike"],"picked":"SKIP","floor":11},{"not_picked":["Dagger Spray","Corpse Explosion","Deflect"],"picked":"SKIP","floor":14},{"not_picked":["Storm of Steel","Die Die Die"],"picked":"Burst","floor":16},{"not_picked":["Deflect+1","Prepared"],"picked":"Blade Dance","floor":18},{"not_picked":["Flechettes+1","Backflip"],"picked":"Caltrops","floor":21},{"not_picked":["Dodge and Roll","Crippling Poison","Flying Knee"],"picked":"SKIP","floor":22},{"not_picked":["Night Terror","Venomology","Crippling Poison"],"picked":"SKIP","floor":23},{"not_picked":["Tactician","Quick Slash+1","Prepared"],"picked":"SKIP","floor":25},{"not_picked":["Choke+1","Bouncing Flask+1","Leg Sweep"],"picked":"SKIP","floor":27}],"player_experience":73526,"relics_obtained":[{"floor":6,"key":"Centennial Puzzle"},{"floor":9,"key":"Bronze Scales"},{"floor":23,"key":"Mummified Hand"},{"floor":26,"key":"Dream Catcher"}],"event_choices":[{"damage_healed":0,"gold_gain":75,"player_choice":"Touch","damage_taken":7,"max_hp_gain":0,"max_hp_loss":0,"event_name":"FaceTrader","floor":2,"gold_loss":0},{"damage_healed":0,"gold_gain":0,"player_choice":"1 cards matched","damage_taken":0,"max_hp_gain":0,"max_hp_loss":0,"event_name":"Match and Keep!","floor":5,"gold_loss":0,"cards_obtained":["Dagger Throw"]},{"damage_healed":0,"gold_gain":100,"player_choice":"Pray","damage_taken":0,"max_hp_gain":0,"max_hp_loss":0,"event_name":"Golden Shrine","floor":20,"gold_loss":0}],"is_beta":false,"boss_relics":[{"not_picked":["Philosopher\u0027s Stone","Fusion Hammer"],"picked":"Sozu"}],"items_purged_floors":[19],"is_endless":false,"potions_floor_spawned":[3,6,10,14,18,25,27],"killed_by":"Centurion and Healer","ascension_level":0}