{"gold_per_floor":[115,265,265,265,101,101,119,153,153,187,201,201,101,111,111,182,182,196,196,207,35,35,35,54,54,107,123,155,170,180,198,198,198],"floor_reached":33,"playtime":1576,"items_purged":["Doubt","Strike_R"],"score":526,"play_id":"0ac24c71-1aef-4ad7-a6ee-d76ef90e41b0","local_time":"20190522150700","is_ascension_mode":true,"campfire_choices":[{"data":"Trip","floor":6,"key":"SMITH"},{"floor":12,"key":"REST"},{"floor":15,"key":"REST"},{"floor":23,"key":"REST"},{"floor":25,"key":"REST"},{"floor":32,"key":"REST"}],"neow_cost":"NONE","seed_source_timestamp":371427301708422,"circlet_count":0,"master_deck":["AscendersBane","Strike_R","Strike_R","Strike_R","Strike_R","Defend_R","Defend_R","Defend_R","Defend_R","Bash","Trip+1","Shrug It Off","Inflame","Rampage","Iron Wave","Inflame","Headbutt","Juggernaut","Heavy Blade","Reckless Charge","Immolate","Anger+1","Pommel Strike","Rampage+1","Whirlwind+1","Second Wind"],"relics":["Burning Blood","Champion Belt","Vajra","Mummified Hand","WingedGreaves","Mark of Pain","Strawberry","Omamori","Molten Egg 2"],"potions_floor_usage":[8,10,18,18,28,30,31],"damage_taken":[{"damage":7,"enemies":"2 Louse","floor":1,"turns":4},{"damage":12,"enemies":"Jaw Worm","floor":7,"turns":5},{"damage":28,"enemies":"Lagavulin","floor":8,"turns":7},{"damage":21,"enemies":"3 Sentries","floor":10,"turns":10},{"damage":5,"enemies":"Small Slimes","floor":11,"turns":3},{"damage":6,"enemies":"Exordium Thugs","floor":14,"turns":4},{"damage":16,"enemies":"Slime Boss","floor":16,"turns":8},{"damage":1,"enemies":"3 Byrds","floor":18,"turns":4},{"damage":40,"enemies":"Colosseum Slavers","floor":19,"turns":5},{"damage":43,"enemies":"Spheric Guardian","floor":20,"turns":6},{"damage":21,"enemies":"Centurion and Healer","floor":24,"turns":5},{"damage":18,"enemies":"3 Cultists","floor":27,"turns":5},{"damage":9,"enemies":"Slavers","floor":28,"turns":4},{"damage":13,"enemies":"Cultist and Chosen","floor":29,"turns":5},{"damage":21,"enemies":"Snake Plant","floor":30,"turns":3},{"damage":0,"enemies":"3 Cultists","floor":31,"turns":3},{"damage":55,"enemies":"Champ","floor":33,"turns":8}],"seed_played":"-3021322724074827322","potions_obtained":[{"floor":1,"key":"Regen Potion"},{"floor":8,"key":"EssenceOfSteel"},{"floor":11,"key":"Swift Potion"},{"floor":16,"key":"Explosive Potion"},{"floor":27,"key":"Strength Potion"},{"floor":28,"key":"Dexterity Potion"},{"floor":29,"key":"SteroidPotion"}],"is_trial":false,"path_per_floor":["M","?","?","?","$","R","M","E","T","E","M","R","$","M","R","B",null,"M","?","M","$","?","R","M","R","T","M","E","M","M","M","R","B"],"character_chosen":"IRONCLAD","items_purchased":["Inflame","Strawberry"],"campfire_rested":5,"item_purchase_floors":[5,21],"current_hp_per_floor":[67,67,41,46,46,46,40,32,32,17,18,42,42,42,66,56,74,79,45,8,15,15,41,26,52,52,40,37,30,15,21,47,0],"gold":198,"neow_bonus":"RANDOM_COLORLESS","is_prod":false,"is_daily":false,"chose_seed":false,"campfire_upgraded":1,"win_rate":0,"timestamp":1558548420,"path_taken":["M","?","?","?","$","R","M","E","T","E","M","R","$","?","R","BOSS","M","?","M","$","?","R","M","R","T","M","E","M","M","?","R","BOSS"],"build_version":"2019-01-23","purchased_purges":2,"victory":false,"max_hp_per_floor":[75,75,75,80,80,80,80,80,80,80,80,80,80,80,80,80,80,80,80,80,87,87,87,87,87,87,87,87,87,87,87,87,87],"card_choices":[{"not_picked":["Havoc","Warcry"],"picked":"Shrug It Off","floor":1},{"not_picked":["Thunderclap","Perfected Strike"],"picked":"Rampage","floor":7},{"not_picked":["Seeing Red","Body Slam"],"picked":"Iron Wave","floor":8},{"not_picked":["Clothesline","Clash"],"picked":"Inflame","floor":10},{"not_picked":["Dark Embrace","Havoc"],"picked":"Headbutt","floor":11},{"not_picked":["Body Slam","Hemokinesis","Infernal Blade"],"picked":"SKIP","floor":14},{"not_picked":["Berserk","Impervious"],"picked":"Juggernaut","floor":16},{"not_picked":["Reckless Charge","Rampage","Sever Soul"],"picked":"SKIP","floor":18},{"not_picked":["Iron Wave","Burning Pact"],"picked":"Heavy Blade","floor":20},{"not_picked":["Armaments","Clothesline"],"picked":"Anger+1","floor":24},{"not_picked":["Ghostly Armor","Twin Strike"],"picked":"Pommel Strike","floor":27},{"not_picked":["Twin Strike","Feel No Pain","Clash"],"picked":"SKIP","floor":28},{"not_picked":["Seeing Red+1","Clothesline+1"],"picked":"Rampage+1","floor":29},{"not_picked":["Thunderclap+1","Clothesline+1"],"picked":"Whirlwind+1","floor":30},{"not_picked":["Second Wind","Clash+1","Havoc"],"picked":"SKIP","floor":31},{"not_picked":["Clash+1","Havoc"],"picked":"Second Wind","floor":31}],"player_experience":776090,"relics_obtained":[{"floor":8,"key":"Vajra"},{"floor":9,"key":"Mummified Hand"},{"floor":10,"key":"WingedGreaves"},{"floor":26,"key":"Omamori"},{"floor":28,"key":"Molten Egg 2"}],"event_choices":[{"damage_healed":0,"gold_gain":150,"player_choice":"AGREE","damage_taken":0,"max_hp_gain":0,"max_hp_loss":0,"event_name":"Liars Game","floor":2,"gold_loss":0,"cards_obtained":["Doubt"]},{"damage_healed":0,"gold_gain":0,"player_choice":"Success","damage_taken":26,"relics_obtained":["Champion Belt"],"max_hp_gain":0,"max_hp_loss":0,"event_name":"Scrap Ooze","floor":3,"gold_loss":0},{"damage_healed":0,"gold_gain":0,"player_choice":"Donut","damage_taken":0,"max_hp_gain":5,"max_hp_loss":0,"event_name":"Big Fish","floor":4,"gold_loss":0},{"damage_healed":0,"gold_gain":0,"player_choice":"Fight","damage_taken":0,"max_hp_gain":0,"max_hp_loss":0,"event_name":"Colosseum","floor":19,"gold_loss":0},{"damage_healed":0,"gold_gain":0,"player_choice":"Fled From Nobs","damage_taken":0,"max_hp_gain":0,"max_hp_loss":0,"event_name":"Colosseum","floor":19,"gold_loss":0},{"damage_healed":0,"gold_gain":0,"player_choice":"2 cards matched","damage_taken":0,"max_hp_gain":0,"max_hp_loss":0,"event_name":"Match and Keep!","floor":22,"gold_loss":0,"cards_obtained":["Reckless Charge","Immolate"]}],"is_beta":false,"boss_relics":[{"not_picked":["Runic Dome","Eternal Feather"],"picked":"Mark of Pain"}],"items_purged_floors":[5,13],"is_endless":false,"potions_floor_spawned":[1,8,11,16,27,28,29],"killed_by":"Champ","ascension_level":18}