{"gold_per_floor":[119,119,132,132,307,307,341,341,341,355,380,391,410,410,410,505,505,505,505,230,230,230,230,230,230,230,230,230,230,230,230,230,230,230,230,230,230,230,230,230,230,230,230,230,230,230,230,190,190,190],"floor_reached":51,"playtime":5132,"items_purged":["Strike_G"],"score":912,"play_id":"04a4e430-5600-4569-b087-a696c0574626","local_time":"20181202233723","is_ascension_mode":true,"campfire_choices":[{"data":"Caltrops","floor":6.0,"key":"SMITH"},{"data":"Corpse Explosion","floor":8.0,"key":"SMITH"},{"floor":15.0,"key":"REST"},{"data":"Footwork","floor":25.0,"key":"SMITH"},{"floor":32.0,"key":"REST"},{"floor":40.0,"key":"REST"},{"data":"Envenom","floor":42.0,"key":"SMITH"},{"floor":47.0,"key":"REST"},{"data":"Bouncing Flask","floor":49,"key":"SMITH"}],"neow_cost":"NONE","seed_source_timestamp":0,"circlet_count":0,"master_deck":["Defend_G","Defend_G","Defend_G+1","Defend_G","Defend_G","Strike_G+1","Strike_G","Strike_G","Survivor","Neutralize","Well Laid Plans","Caltrops+1","Corpse Explosion+1","Dodge and Roll","Escape Plan","Leg Sweep","Glass Knife","Backflip","Cloak And Dagger","Footwork+1","Bane","Infinite Blades","Infinite Blades+1","J.A.X.","Bouncing Flask+1","Deflect","Wraith Form v2","Envenom+1","Cloak And Dagger+1","Blade Dance","Sucker Punch+1","Parasite","PiercingWail","Cloak And Dagger","Cloak And Dagger"],"special_seed":0,"relics":["Ring of the Snake","NeowsBlessing","StoneCalendar","Blue Candle","Bag of Marbles","Ectoplasm","Bag of Preparation","Tiny Chest","Matryoshka","Black Star","Snake Skull","Regal Pillow","Art of War","MawBank","Mercury Hourglass","Mummified Hand","Oddly Smooth Stone","Bronze Scales"],"potions_floor_usage":[50,50],"damage_taken":[{"damage":0.0,"enemies":"Small Slimes","floor":1.0,"turns":1.0},{"damage":0.0,"enemies":"Jaw Worm","floor":3.0,"turns":1.0},{"damage":0.0,"enemies":"Gremlin Nob","floor":7.0,"turns":1.0},{"damage":3.0,"enemies":"2 Louse","floor":10.0,"turns":2.0},{"damage":15.0,"enemies":"3 Sentries","floor":11.0,"turns":3.0},{"damage":4.0,"enemies":"Large Slime","floor":12.0,"turns":5.0},{"damage":13.0,"enemies":"Gremlin Gang","floor":13.0,"turns":3.0},{"damage":7.0,"enemies":"The Guardian","floor":16.0,"turns":8.0},{"damage":2.0,"enemies":"Chosen","floor":18.0,"turns":5.0},{"damage":0.0,"enemies":"3 Byrds","floor":19.0,"turns":2.0},{"damage":5.0,"enemies":"Snake Plant","floor":21.0,"turns":4.0},{"damage":2.0,"enemies":"Shelled Parasite and Fungi","floor":22.0,"turns":4.0},{"damage":23.0,"enemies":"Book of Stabbing","floor":23.0,"turns":6.0},{"damage":3.0,"enemies":"Cultist and Chosen","floor":24.0,"turns":5.0},{"damage":28.0,"enemies":"Gremlin Leader","floor":29.0,"turns":7.0},{"damage":18.0,"enemies":"Snake Plant","floor":30.0,"turns":5.0},{"damage":3.0,"enemies":"3 Cultists","floor":31.0,"turns":1.0},{"damage":4.0,"enemies":"Champ","floor":33.0,"turns":9.0},{"damage":15.0,"enemies":"3 Darklings","floor":35.0,"turns":4.0},{"damage":3.0,"enemies":"3 Shapes","floor":37.0,"turns":3.0},{"damage":12.0,"enemies":"3 Darklings","floor":38.0,"turns":4.0},{"damage":18.0,"enemies":"Writhing Mass","floor":39.0,"turns":7.0},{"damage":5.0,"enemies":"Nemesis","floor":44.0,"turns":7.0},{"damage":6.0,"enemies":"Spire Growth","floor":45.0,"turns":4.0},{"damage":9.0,"enemies":"Giant Head","floor":46.0,"turns":7.0},{"damage":25,"enemies":"Awakened One","floor":50,"turns":13}],"seed_played":"-4361075366013742542","potions_obtained":[{"floor":1.0,"key":"Regen Potion"},{"floor":7.0,"key":"SpeedPotion"},{"floor":10.0,"key":"AttackPotion"},{"floor":13.0,"key":"SteroidPotion"},{"floor":21.0,"key":"Dexterity Potion"},{"floor":29.0,"key":"Explosive Potion"},{"floor":31.0,"key":"EssenceOfSteel"},{"floor":33.0,"key":"EssenceOfSteel"},{"floor":37.0,"key":"EssenceOfSteel"},{"floor":38.0,"key":"GamblersBrew"},{"floor":45.0,"key":"GamblersBrew"},{"floor":48.0,"key":"SpeedPotion"},{"floor":48.0,"key":"Weak Potion"}],"is_trial":false,"path_per_floor":["M","?","M","?","?","R","E","R","T","M","E","M","M","?","R","B",null,"M","M","$","M","M","M","E","M","R","T","?","?","E","M","M","R","B",null,"M","?","M","M","M","R","T","R","T","E","M","E","R","?","R","B",null],"character_chosen":"THE_SILENT","items_purchased":["Footwork","Bane","Night Terror"],"campfire_rested":4,"item_purchase_floors":[20,20,20],"current_hp_per_floor":[70,63,63,49,49,49,49,49,49,46,40,36,23,23,44,37,70,68,68,68,63,61,38,35,35,35,35,80,52,34,31,55,51,80,65,65,62,50,32,56,56,56,56,51,45,36,75,75,75,50],"gold":190,"neow_bonus":"THREE_ENEMY_KILL","is_prod":false,"is_daily":false,"chose_seed":false,"campfire_upgraded":5,"win_rate":0,"timestamp":1543822643,"path_taken":["M","?","M","?","?","R","E","R","T","M","E","M","M","?","R","BOSS","M","M","$","?","M","E","M","R","T","?","?","E","M","?","R","BOSS","M","?","M","M","M","R","?","R","T","E","M","E","R","?","R","BOSS"],"build_version":"2018-11-15","purchased_purges":1,"victory":true,"max_hp_per_floor":[70,70,70,70,70,70,70,70,70,70,70,70,70,70,70,70,70,70,70,70,70,70,70,70,70,70,70,80,80,80,80,80,80,80,80,80,80,80,80,80,80,80,80,80,80,80,80,80,80,80],"card_choices":[{"not_picked":["Deadly Poison","Dagger Throw"],"picked":"Well Laid Plans","floor":1.0},{"not_picked":["Sucker Punch","Slice"],"picked":"Caltrops","floor":3.0},{"not_picked":["Deadly Poison","Acrobatics"],"picked":"Corpse Explosion","floor":7.0},{"not_picked":["Choke","Reflex"],"picked":"Dodge and Roll","floor":10.0},{"not_picked":["All Out Attack","Dagger Throw"],"picked":"Bane","floor":11.0},{"not_picked":["Flying Knee","Cloak And Dagger"],"picked":"Escape Plan","floor":12.0},{"not_picked":["PiercingWail","Choke"],"picked":"Leg Sweep","floor":13.0},{"not_picked":["Storm of Steel","Malaise"],"picked":"Glass Knife","floor":16.0},{"not_picked":["Slice","Acrobatics"],"picked":"Backflip","floor":18.0},{"not_picked":["Predator","Leg Sweep"],"picked":"Cloak And Dagger","floor":19.0},{"not_picked":["Finisher","Acrobatics","Dagger Throw"],"picked":"SKIP","floor":21.0},{"not_picked":["Slice","Prepared"],"picked":"Infinite Blades","floor":22.0},{"not_picked":["Blade Dance+1","Acrobatics"],"picked":"Infinite Blades+1","floor":23.0},{"not_picked":["Underhanded Strike","Prepared","Expertise"],"picked":"SKIP","floor":24.0},{"not_picked":["PiercingWail","Predator"],"picked":"Bouncing Flask","floor":29.0},{"not_picked":["Quick Slash","Dash"],"picked":"Deflect","floor":30.0},{"not_picked":["Sucker Punch","Quick Slash+1"],"picked":"Wraith Form v2","floor":31.0},{"not_picked":["Glass Knife","Storm of Steel"],"picked":"Envenom","floor":33.0},{"not_picked":["Bane","Quick Slash"],"picked":"Cloak And Dagger+1","floor":35.0},{"not_picked":["Slice","Prepared"],"picked":"Blade Dance","floor":37.0},{"not_picked":["Endless Agony+1","Bane"],"picked":"Sucker Punch+1","floor":38.0},{"not_picked":["Quick Slash","Night Terror","Choke"],"picked":"SKIP","floor":39.0},{"not_picked":["Outmaneuver","Terror"],"picked":"PiercingWail","floor":44.0},{"not_picked":["Flying Knee","Dodge and Roll"],"picked":"Cloak And Dagger","floor":45.0},{"not_picked":["Underhanded Strike","Flechettes"],"picked":"Cloak And Dagger","floor":46.0}],"player_experience":449193,"relics_obtained":[{"floor":7.0,"key":"StoneCalendar"},{"floor":9.0,"key":"Blue Candle"},{"floor":11.0,"key":"Bag of Marbles"},{"floor":23.0,"key":"Bag of Preparation"},{"floor":26.0,"key":"Tiny Chest"},{"floor":29.0,"key":"Matryoshka"},{"floor":41.0,"key":"Snake Skull"},{"floor":41.0,"key":"Regal Pillow"},{"floor":43.0,"key":"Art of War"},{"floor":43.0,"key":"MawBank"},{"floor":44.0,"key":"Mercury Hourglass"},{"floor":44.0,"key":"Mummified Hand"},{"floor":46.0,"key":"Oddly Smooth Stone"},{"floor":46.0,"key":"Bronze Scales"}],"event_choices":[{"cards_removed":["Strike_G"],"damage_healed":0.0,"max_hp_gain":0.0,"max_hp_loss":0.0,"gold_gain":0.0,"event_name":"Golden Wing","player_choice":"Card Removal","floor":2.0,"gold_loss":0.0,"damage_taken":7.0},{"damage_healed":0.0,"max_hp_gain":0.0,"max_hp_loss":0.0,"gold_gain":0.0,"event_name":"Shining Light","player_choice":"Entered Light","floor":4.0,"gold_loss":0.0,"damage_taken":14.0,"cards_upgraded":["Defend_G","Strike_G"]},{"damage_healed":0.0,"max_hp_gain":0.0,"max_hp_loss":0.0,"gold_gain":175.0,"event_name":"Liars Game","player_choice":"AGREE","floor":5.0,"gold_loss":0.0,"damage_taken":0.0,"cards_obtained":["Doubt"]},{"cards_removed":["Doubt"],"damage_healed":0.0,"max_hp_gain":0.0,"max_hp_loss":0.0,"gold_gain":0.0,"event_name":"Wheel of Change","player_choice":"Card Removal","floor":14.0,"gold_loss":0.0,"damage_taken":0.0},{"damage_healed":0.0,"max_hp_gain":0.0,"max_hp_loss":0.0,"gold_gain":0.0,"event_name":"Drug Dealer","player_choice":"Obtain J.A.X.","floor":27.0,"gold_loss":0.0,"damage_taken":0.0,"cards_obtained":["J.A.X."]},{"cards_removed":["Night Terror"],"damage_healed":35.0,"max_hp_gain":10.0,"max_hp_loss":0.0,"gold_gain":0.0,"event_name":"Bonfire Elementals","player_choice":"Offered Rare","floor":28.0,"gold_loss":0.0,"damage_taken":0.0},{"cards_removed":["Bane"],"damage_healed":0.0,"max_hp_gain":0.0,"max_hp_loss":0.0,"gold_gain":0.0,"event_name":"Falling","player_choice":"Removed Attack","floor":36.0,"gold_loss":0.0,"damage_taken":0.0},{"damage_healed":0.0,"max_hp_gain":0.0,"max_hp_loss":0.0,"gold_gain":0.0,"event_name":"The Woman in Blue","player_choice":"Bought 3 Potions","floor":48.0,"gold_loss":0.0,"damage_taken":0.0}],"is_beta":false,"boss_relics":[{"not_picked":["Empty Cage","Astrolabe"],"picked":"Ectoplasm"},{"not_picked":["Coffee Dripper","Cursed Key"],"picked":"Black Star"}],"items_purged_floors":[20],"is_endless":false,"potions_floor_spawned":[1,7,10,13,21,29,31,33,37,38,45],"ascension_level":2}