{"gold_per_floor":[115,128,16,16,29,29,49,49,49,79,79,105,105,105,105,182,182,201,62,62,74,74],"floor_reached":22,"playtime":925,"items_purged":["Pain","Strike_R"],"score":365,"play_id":"4795a0c2-b546-4d39-b807-ae25928b37c4","local_time":"20190615111013","is_ascension_mode":true,"campfire_choices":[{"floor":6,"key":"REST"},{"data":"Inflame","floor":8,"key":"SMITH"},{"data":"True Grit","floor":11,"key":"SMITH"},{"data":"Iron Wave","floor":13,"key":"SMITH"},{"data":"Bash","floor":15,"key":"SMITH"}],"neow_cost":"CURSE","seed_source_timestamp":2431451723249568,"circlet_count":0,"master_deck":["AscendersBane","Strike_R","Strike_R","Strike_R","Strike_R","Defend_R","Defend_R+1","Defend_R+1","Defend_R","Bash+1","Sword Boomerang","Iron Wave+1","Inflame+1","True Grit+1","Reaper","Demon Form","Disarm","Rampage","Sword Boomerang"],"relics":["Burning Blood","WingedGreaves","Letter Opener","War Paint","Ice Cream","Omamori","Eternal Feather","FaceOfCleric"],"potions_floor_usage":[10,12,22],"damage_taken":[{"damage":37,"enemies":"Small Slimes","floor":1,"turns":5},{"damage":6,"enemies":"2 Louse","floor":2,"turns":3},{"damage":1,"enemies":"Cultist","floor":5,"turns":3},{"damage":10,"enemies":"Gremlin Gang","floor":7,"turns":8},{"damage":14,"enemies":"3 Sentries","floor":10,"turns":8},{"damage":14,"enemies":"Lagavulin","floor":12,"turns":6},{"damage":25,"enemies":"The Guardian","floor":16,"turns":12},{"damage":47,"enemies":"Shell Parasite","floor":18,"turns":6},{"damage":14,"enemies":"Chosen","floor":21,"turns":5},{"damage":20,"enemies":"Shelled Parasite and Fungi","floor":22,"turns":1}],"seed_played":"-324422274136270487","potions_obtained":[{"floor":5,"key":"LiquidBronze"},{"floor":7,"key":"Poison Potion"},{"floor":12,"key":"Dexterity Potion"}],"is_trial":false,"path_per_floor":["M","M","$","?","M","R","M","R","T","E","R","E","R","?","R","B",null,"M","$","?","M","M"],"character_chosen":"IRONCLAD","items_purchased":["Inflame","Rampage"],"campfire_rested":1,"item_purchase_floors":[3,19],"current_hp_per_floor":[37,37,37,26,31,53,49,49,49,41,41,33,33,38,38,29,67,26,26,26,19,0],"gold":74,"neow_bonus":"ONE_RARE_RELIC","is_prod":false,"is_daily":false,"chose_seed":false,"campfire_upgraded":4,"win_rate":0,"timestamp":1560607813,"path_taken":["M","M","$","?","M","R","M","R","T","E","R","E","R","?","R","BOSS","M","$","?","M","M"],"build_version":"2019-01-23","purchased_purges":2,"victory":false,"max_hp_per_floor":[75,75,75,75,75,75,75,75,75,75,75,75,75,80,80,80,80,80,80,80,81,81],"card_choices":[{"not_picked":["Warcry","Clash"],"picked":"Sword Boomerang","floor":1},{"not_picked":["Hemokinesis","Thunderclap"],"picked":"Iron Wave","floor":2},{"not_picked":["Burning Pact","Headbutt"],"picked":"True Grit","floor":5},{"not_picked":["Power Through","Sentinel","Flex"],"picked":"SKIP","floor":7},{"not_picked":["Power Through","Sentinel","Flex"],"picked":"SKIP","floor":7},{"not_picked":["Shockwave","Rage"],"picked":"Reaper","floor":10},{"not_picked":["True Grit","Headbutt","Warcry"],"picked":"SKIP","floor":12},{"not_picked":["Exhume","Double Tap"],"picked":"Demon Form","floor":16},{"not_picked":["Shockwave","Warcry"],"picked":"Disarm","floor":18},{"not_picked":["Metallicize","Infernal Blade"],"picked":"Sword Boomerang","floor":21}],"player_experience":1051482,"relics_obtained":[{"floor":9,"key":"War Paint"},{"floor":10,"key":"Ice Cream"},{"floor":12,"key":"Omamori"}],"event_choices":[{"damage_healed":0,"gold_gain":0,"player_choice":"Success","damage_taken":11,"relics_obtained":["Letter Opener"],"max_hp_gain":0,"max_hp_loss":0,"event_name":"Scrap Ooze","floor":4,"gold_loss":0},{"damage_healed":0,"gold_gain":0,"player_choice":"Donut","damage_taken":0,"max_hp_gain":5,"max_hp_loss":0,"event_name":"Big Fish","floor":14,"gold_loss":0},{"damage_healed":0,"gold_gain":0,"player_choice":"Trade","damage_taken":0,"relics_obtained":["FaceOfCleric"],"max_hp_gain":0,"max_hp_loss":0,"event_name":"FaceTrader","floor":20,"gold_loss":0}],"is_beta":false,"boss_relics":[{"not_picked":["Black Star","Pandora\u0027s Box"],"picked":"Eternal Feather"}],"items_purged_floors":[3,19],"is_endless":false,"potions_floor_spawned":[5,7,12],"killed_by":"Shelled Parasite and Fungi","ascension_level":18}