{"gold_per_floor":[209,171,181,131,206,238,238,145,171,171,196,216,242,259,259,362,362,382,382,401,421,432,432,467,467,467,486,486,512,512,524,524,524],"floor_reached":33,"playtime":4523,"items_purged":[],"score":397,"play_id":"490c6005-7dea-4340-81de-04ef94d75623","local_time":"20190603192937","is_ascension_mode":true,"campfire_choices":[{"data":"Sunder","floor":7,"key":"SMITH"},{"data":"Beam Cell","floor":10,"key":"SMITH"},{"data":"Reinforced Body","floor":15,"key":"SMITH"},{"data":"Genetic Algorithm","floor":23,"key":"SMITH"},{"data":"Zap","floor":25,"key":"SMITH"},{"data":"Dualcast","floor":28,"key":"SMITH"},{"floor":30,"key":"REST"},{"data":"Static Discharge","floor":32,"key":"SMITH"}],"neow_cost":"NONE","seed_source_timestamp":1421027072616142,"circlet_count":0,"master_deck":["Strike_B","Strike_B","Strike_B","Defend_B","Defend_B","Defend_B","Zap+1","Dualcast+1","Sunder+1","FTL","Beam Cell+1","Static Discharge+1","Self Repair","Coolheaded","Glacier","Genetic Algorithm+1","Blizzard","Reinforced Body+1","Seek","Cold Snap","Stack","Fusion+1"],"relics":["FrozenCore","Orichalcum","Calipers","Happy Flower","Bag of Preparation","Nunchaku","Regal Pillow"],"potions_floor_usage":[14],"damage_taken":[{"damage":0,"enemies":"2 Louse","floor":1,"turns":2},{"damage":5,"enemies":"Small Slimes","floor":3,"turns":3},{"damage":10,"enemies":"3 Sentries","floor":6,"turns":6},{"damage":13,"enemies":"Lagavulin","floor":11,"turns":7},{"damage":0,"enemies":"Cultist","floor":12,"turns":3},{"damage":2,"enemies":"3 Sentries","floor":13,"turns":8},{"damage":7,"enemies":"Blue Slaver","floor":14,"turns":4},{"damage":10,"enemies":"The Guardian","floor":16,"turns":14},{"damage":8,"enemies":"Spheric Guardian","floor":18,"turns":9},{"damage":0,"enemies":"Shell Parasite","floor":20,"turns":12},{"damage":29,"enemies":"Snecko","floor":21,"turns":9},{"damage":3,"enemies":"Snake Plant","floor":22,"turns":6},{"damage":17,"enemies":"Book of Stabbing","floor":24,"turns":6},{"damage":3,"enemies":"Centurion and Healer","floor":27,"turns":8},{"damage":20,"enemies":"Slavers","floor":29,"turns":13},{"damage":26,"enemies":"Chosen and Byrds","floor":31,"turns":9},{"damage":71,"enemies":"Automaton","floor":33,"turns":12}],"seed_played":"-251548959389345693","potions_obtained":[{"floor":1,"key":"Ancient Potion"},{"floor":12,"key":"EssenceOfSteel"},{"floor":13,"key":"LiquidBronze"},{"floor":14,"key":"Strength Potion"},{"floor":22,"key":"LiquidBronze"}],"is_trial":false,"path_per_floor":["M","$","M","?","?","E","R","$","T","R","E","M","E","M","R","B",null,"M","?","M","M","M","R","E","R","T","M","R","E","R","M","R","B"],"character_chosen":"DEFECT","items_purchased":["FTL","Self Repair","Coolheaded"],"campfire_rested":1,"item_purchase_floors":[2,8,8],"current_hp_per_floor":[68,68,63,63,52,42,42,42,42,42,36,43,48,48,48,45,68,67,67,74,52,56,56,46,46,46,50,50,37,74,55,55,0],"gold":524,"neow_bonus":"HUNDRED_GOLD","is_prod":false,"is_daily":false,"chose_seed":false,"campfire_upgraded":7,"win_rate":0,"timestamp":1559600977,"path_taken":["M","$","M","?","?","E","R","$","T","R","E","M","E","M","R","BOSS","M","?","M","M","?","R","E","R","T","M","R","E","R","M","R","BOSS"],"build_version":"2019-01-23","purchased_purges":0,"victory":false,"max_hp_per_floor":[75,75,75,75,75,75,75,75,75,75,75,75,75,75,75,75,75,75,75,75,75,75,75,75,75,75,75,75,75,75,75,75,75],"card_choices":[{"not_picked":["Leap","Steam"],"picked":"Sunder","floor":1},{"not_picked":["Steam","Gash"],"picked":"Beam Cell","floor":3},{"not_picked":["Blizzard","Auto Shields"],"picked":"Static Discharge","floor":6},{"not_picked":["Lockon","Rainbow"],"picked":"Glacier","floor":11},{"not_picked":["Conserve Battery","Leap"],"picked":"Genetic Algorithm","floor":12},{"not_picked":["Steam Power","Aggregate"],"picked":"Blizzard","floor":13},{"not_picked":["Sweeping Beam","Stack"],"picked":"Reinforced Body","floor":14},{"not_picked":["Amplify","Thunder Strike"],"picked":"Seek","floor":16},{"not_picked":["Streamline+1","Storm+1"],"picked":"Cold Snap","floor":18},{"not_picked":["Conserve Battery","Steam","Streamline"],"picked":"SKIP","floor":20},{"not_picked":["Heatsinks","Steam"],"picked":"Fusion+1","floor":21},{"not_picked":["Ball Lightning","Streamline","Doom and Gloom+1"],"picked":"SKIP","floor":22},{"not_picked":["Beam Cell+1","Seek","Leap"],"picked":"SKIP","floor":24},{"not_picked":["Heatsinks","Cold Snap","Turbo+1"],"picked":"SKIP","floor":27},{"not_picked":["Steam Power","Undo","Barrage"],"picked":"SKIP","floor":29},{"not_picked":["Machine Learning","Steam","Redo"],"picked":"SKIP","floor":31}],"player_experience":889396,"relics_obtained":[{"floor":6,"key":"Orichalcum"},{"floor":11,"key":"Calipers"},{"floor":13,"key":"Happy Flower"},{"floor":24,"key":"Bag of Preparation"},{"floor":26,"key":"Nunchaku"},{"floor":29,"key":"Regal Pillow"}],"event_choices":[{"cards_removed":["Strike_B"],"damage_healed":0,"gold_gain":0,"player_choice":"Card Removal","damage_taken":0,"max_hp_gain":0,"max_hp_loss":0,"event_name":"The Cleric","floor":4,"gold_loss":50},{"damage_healed":0,"gold_gain":75,"player_choice":"Gather Gold","damage_taken":11,"max_hp_gain":0,"max_hp_loss":0,"event_name":"World of Goop","floor":5,"gold_loss":0},{"damage_healed":0,"gold_gain":0,"cards_transformed":["Defend_B"],"player_choice":"Transformed","damage_taken":0,"max_hp_gain":0,"max_hp_loss":0,"event_name":"Transmorgrifier","floor":19,"gold_loss":0,"cards_obtained":["Stack"]}],"is_beta":false,"boss_relics":[{"not_picked":["Runic Dome","Fusion Hammer"],"picked":"FrozenCore"}],"items_purged_floors":[],"is_endless":false,"potions_floor_spawned":[1,12,13,14,16,20,22,24,27,29],"killed_by":"Automaton","ascension_level":6}