{"gold_per_floor":[109,127,52,64,75,75,87,87,162,162,237,137,152,27,27,124,124,143,92,92,103,114,114,39,73,73,73,87,97,111,111,111,210,210,222,72,72,87,87,101,101,101,124,135,135,152,152,0,0,0],"floor_reached":51,"playtime":2180,"items_purged":["Strike_G","Strike_G","Strike_G","Defend_G"],"score":709,"play_id":"897dca5f-6d3a-4c45-b90c-6ac82b71b684","local_time":"20190601183404","is_ascension_mode":false,"campfire_choices":[{"data":"Blade Dance","floor":6.0,"key":"SMITH"},{"data":"Catalyst","floor":8.0,"key":"SMITH"},{"floor":15.0,"key":"REST"},{"floor":23.0,"key":"REST"},{"data":"Burst","floor":27.0,"key":"SMITH"},{"floor":32.0,"key":"REST"},{"data":"Blade Dance","floor":41.0,"key":"SMITH"},{"data":"Deadly Poison","floor":45.0,"key":"SMITH"},{"data":"Cloak And Dagger","floor":47.0,"key":"SMITH"},{"data":"Neutralize","floor":49.0,"key":"SMITH"}],"neow_cost":"NONE","seed_source_timestamp":0,"circlet_count":0,"master_deck":["Defend_G","Defend_G","Survivor","Neutralize+1","Poisoned Stab","Deadly Poison+1","Blade Dance+1","Catalyst+1","Burst+1","Poisoned Stab","Blade Dance+1","Caltrops+1","Cloak And Dagger+1"],"special_seed":0,"relics":["Ring of the Snake","Lantern","Kunai","Busted Crown","FossilizedHelix","Dodecahedron","WristBlade","Blood Vial","Red Mask"],"potions_floor_usage":[50,50],"damage_taken":[{"damage":0.0,"enemies":"2 Louse","floor":1.0,"turns":3.0},{"damage":0.0,"enemies":"Jaw Worm","floor":2.0,"turns":4.0},{"damage":0.0,"enemies":"Small Slimes","floor":4.0,"turns":4.0},{"damage":16.0,"enemies":"Gremlin Gang","floor":5.0,"turns":5.0},{"damage":6.0,"enemies":"2 Fungi Beasts","floor":7.0,"turns":3.0},{"damage":0.0,"enemies":"3 Louse","floor":13.0,"turns":4.0},{"damage":21.0,"enemies":"Slime Boss","floor":16.0,"turns":13.0},{"damage":0.0,"enemies":"Chosen","floor":18.0,"turns":4.0},{"damage":10.0,"enemies":"2 Thieves","floor":21.0,"turns":4.0},{"damage":17.0,"enemies":"Sentry and Sphere","floor":22.0,"turns":5.0},{"damage":2.0,"enemies":"Gremlin Leader","floor":25.0,"turns":4.0},{"damage":0.0,"enemies":"3 Cultists","floor":28.0,"turns":7.0},{"damage":6.0,"enemies":"Shelled Parasite and Fungi","floor":29.0,"turns":4.0},{"damage":16.0,"enemies":"Sentry and Sphere","floor":30.0,"turns":6.0},{"damage":5.0,"enemies":"Champ","floor":33.0,"turns":11.0},{"damage":0.0,"enemies":"3 Shapes","floor":35.0,"turns":5.0},{"damage":3.0,"enemies":"3 Darklings","floor":38.0,"turns":7.0},{"damage":0.0,"enemies":"Maw","floor":40.0,"turns":4.0},{"damage":0.0,"enemies":"Writhing Mass","floor":44.0,"turns":2.0},{"damage":0.0,"enemies":"3 Darklings","floor":46.0,"turns":4.0},{"damage":54,"enemies":"Awakened One","floor":50,"turns":21}],"seed_played":"5949196301184487075","potions_obtained":[{"floor":4.0,"key":"Ancient Potion"},{"floor":5.0,"key":"AttackPotion"},{"floor":7.0,"key":"SpeedPotion"},{"floor":18.0,"key":"PowerPotion"},{"floor":22.0,"key":"Block Potion"},{"floor":28.0,"key":"Weak Potion"},{"floor":30.0,"key":"Dexterity Potion"},{"floor":35.0,"key":"Poison Potion"},{"floor":46.0,"key":"AttackPotion"}],"is_trial":false,"path_per_floor":["M","M","$","M","M","R","M","R","T","?","?","$","M","$","R","B",null,"M","$","?","M","M","R","?","E","T","R","M","M","M","$","R","B",null,"M","$","?","M","?","M","R","$","T","M","R","M","R","?","R","B",null],"character_chosen":"THE_SILENT","items_purchased":["Blade Dance"],"campfire_rested":3,"item_purchase_floors":[19],"current_hp_per_floor":[70,70,70,70,54,54,48,48,48,48,37,37,37,37,58,37,70,70,70,70,60,43,64,64,62,62,62,62,56,40,40,61,56,70,70,70,70,67,67,67,67,67,67,69,69,70,70,70,70,16],"gold":0,"neow_bonus":"RANDOM_COMMON_RELIC","is_prod":false,"is_daily":false,"chose_seed":false,"campfire_upgraded":7,"win_rate":0,"timestamp":1559406844,"path_taken":["M","M","$","M","M","R","M","R","T","?","?","?","M","$","R","BOSS","M","$","?","?","M","R","?","E","T","R","M","M","M","$","R","BOSS","M","$","?","M","?","M","R","$","T","?","R","M","R","?","R","BOSS"],"build_version":"2019-01-23","purchased_purges":4,"victory":true,"max_hp_per_floor":[70,70,70,70,70,70,70,70,70,70,70,70,70,70,70,70,70,70,70,70,70,70,70,70,70,70,70,70,70,70,70,70,70,70,70,70,70,70,70,70,70,70,70,70,70,70,70,70,70,70],"card_choices":[{"not_picked":["Outmaneuver","Bane"],"picked":"Poisoned Stab","floor":1.0},{"not_picked":["Leg Sweep","Reflex","Prepared"],"picked":"SKIP","floor":2.0},{"not_picked":["Tactician","Outmaneuver"],"picked":"Deadly Poison","floor":4.0},{"not_picked":["Caltrops","Dodge and Roll"],"picked":"Blade Dance","floor":5.0},{"not_picked":["Infinite Blades","Flechettes"],"picked":"Catalyst","floor":7.0},{"not_picked":["All Out Attack","Deflect","Endless Agony"],"picked":"SKIP","floor":13.0},{"not_picked":["Adrenaline","After Image"],"picked":"Burst","floor":16.0},{"not_picked":[],"picked":"Poisoned Stab","floor":18.0},{"not_picked":["Slice"],"picked":"SKIP","floor":21.0},{"not_picked":["Outmaneuver"],"picked":"SKIP","floor":22.0},{"not_picked":["Blur"],"picked":"SKIP","floor":25.0},{"not_picked":["Endless Agony"],"picked":"SKIP","floor":28.0},{"not_picked":["Bane"],"picked":"SKIP","floor":29.0},{"not_picked":["Flying Knee"],"picked":"SKIP","floor":30.0},{"not_picked":["Quick Slash"],"picked":"SKIP","floor":35.0},{"not_picked":["Slice"],"picked":"SKIP","floor":38.0},{"not_picked":[],"picked":"Caltrops+1","floor":40.0},{"not_picked":["Flying Knee+1"],"picked":"SKIP","floor":44.0},{"not_picked":[],"picked":"Cloak And Dagger","floor":46.0}],"player_experience":215969,"relics_obtained":[{"floor":9.0,"key":"Kunai"},{"floor":25.0,"key":"FossilizedHelix"},{"floor":26.0,"key":"Dodecahedron"},{"floor":43.0,"key":"Blood Vial"}],"event_choices":[{"damage_healed":0.0,"max_hp_gain":0.0,"max_hp_loss":0.0,"gold_gain":0.0,"event_name":"Dead Adventurer","player_choice":"Searched \u00270\u0027 times","floor":10.0,"gold_loss":0.0,"damage_taken":0.0},{"damage_healed":0.0,"max_hp_gain":0.0,"max_hp_loss":0.0,"gold_gain":75.0,"event_name":"World of Goop","player_choice":"Gather Gold","floor":11.0,"gold_loss":0.0,"damage_taken":11.0},{"cards_removed":["Strike_G"],"damage_healed":0.0,"max_hp_gain":0.0,"max_hp_loss":0.0,"gold_gain":0.0,"event_name":"Bonfire Elementals","player_choice":"Offered Basic","floor":20.0,"gold_loss":0.0,"damage_taken":0.0},{"cards_removed":["Strike_G"],"damage_healed":0.0,"max_hp_gain":0.0,"max_hp_loss":0.0,"gold_gain":0.0,"event_name":"Beggar","player_choice":"Gave Gold","floor":24.0,"gold_loss":75.0,"damage_taken":0.0},{"cards_removed":["Defend_G"],"damage_healed":0.0,"max_hp_gain":0.0,"max_hp_loss":0.0,"gold_gain":0.0,"event_name":"Falling","player_choice":"Removed Skill","floor":37.0,"gold_loss":0.0,"damage_taken":0.0},{"cards_removed":["Defend_G"],"damage_healed":0.0,"max_hp_gain":0.0,"max_hp_loss":0.0,"gold_gain":0.0,"event_name":"Purifier","player_choice":"Purged","floor":39.0,"gold_loss":0.0,"damage_taken":0.0},{"damage_healed":0.0,"max_hp_gain":0.0,"max_hp_loss":0.0,"gold_gain":0.0,"event_name":"Tomb of Lord Red Mask","player_choice":"Paid","floor":48.0,"gold_loss":152.0,"damage_taken":0.0,"relics_obtained":["Red Mask"]}],"is_beta":false,"boss_relics":[{"not_picked":["HoveringKite","Sozu"],"picked":"Busted Crown"},{"not_picked":["Pandora\u0027s Box","Ring of the Serpent"],"picked":"WristBlade"}],"items_purged_floors":[3,12,14,36],"is_endless":false,"potions_floor_spawned":[4,5,7,18,22,28,29,30,35,46],"ascension_level":0}