{"gold_per_floor":[112,123,298,311,17,44,44,69,69,85,160,194,205,220,220,320,320,330,330,330,342,342,369,381,381,381,397,397],"floor_reached":28,"playtime":1504,"items_purged":["Doubt"],"score":363,"play_id":"b5181944-1f3b-4d39-bd2a-72334a53cd53","local_time":"20190603125629","is_ascension_mode":true,"campfire_choices":[{"data":"Creative AI","floor":7,"key":"SMITH"},{"data":"Zap","floor":15,"key":"SMITH"}],"neow_cost":"NONE","seed_source_timestamp":1400457348787359,"circlet_count":0,"master_deck":["Strike_B","Strike_B","Strike_B","Strike_B","Defend_B","Defend_B","Defend_B","Defend_B","Zap+1","Dualcast","Creative AI+1","Cold Snap","Cold Snap","Undo","Rebound","Self Repair","Sunder","Ball Lightning","Buffer","RitualDagger"],"relics":["Cracked Core","Membership Card","Bronze Scales","Dodecahedron","Bottled Flame","Emotion Chip","Busted Crown","Pear","Pantograph"],"potions_floor_usage":[6,6,8,16,23,25,27],"damage_taken":[{"damage":0,"enemies":"Jaw Worm","floor":1,"turns":3},{"damage":1,"enemies":"Cultist","floor":2,"turns":4},{"damage":7,"enemies":"2 Louse","floor":4,"turns":3},{"damage":3,"enemies":"Gremlin Nob","floor":6,"turns":4},{"damage":2,"enemies":"Lagavulin","floor":8,"turns":10},{"damage":2,"enemies":"Blue Slaver","floor":10,"turns":4},{"damage":7,"enemies":"3 Sentries","floor":12,"turns":6},{"damage":9,"enemies":"Looter","floor":13,"turns":4},{"damage":2,"enemies":"2 Fungi Beasts","floor":14,"turns":2},{"damage":6,"enemies":"Hexaghost","floor":16,"turns":9},{"damage":5,"enemies":"3 Byrds","floor":18,"turns":3},{"damage":7,"enemies":"2 Thieves","floor":21,"turns":4},{"damage":47,"enemies":"Slavers","floor":23,"turns":5},{"damage":12,"enemies":"3 Cultists","floor":24,"turns":6},{"damage":9,"enemies":"Colosseum Slavers","floor":25,"turns":4},{"damage":1,"enemies":"Centurion and Healer","floor":27,"turns":8},{"damage":21,"enemies":"Snecko","floor":28,"turns":3}],"seed_played":"3789123076218120021","potions_obtained":[{"floor":1,"key":"Fire Potion"},{"floor":2,"key":"Weak Potion"},{"floor":6,"key":"SpeedPotion"},{"floor":8,"key":"Fire Potion"},{"floor":13,"key":"FocusPotion"},{"floor":23,"key":"EssenceOfSteel"},{"floor":24,"key":"GamblersBrew"}],"is_trial":false,"path_per_floor":["M","M","?","M","$","E","R","E","T","M","?","E","M","M","R","B",null,"M","?","?","M","?","E","M","?","T","M","M"],"character_chosen":"DEFECT","items_purchased":["Membership Card","Undo"],"campfire_rested":0,"item_purchase_floors":[5,5],"current_hp_per_floor":[68,67,67,60,60,57,57,55,55,60,53,46,44,42,42,43,67,62,56,75,68,54,24,19,10,10,16,0],"gold":397,"neow_bonus":"ONE_RANDOM_RARE_CARD","is_prod":false,"is_daily":false,"chose_seed":false,"campfire_upgraded":2,"win_rate":0,"timestamp":1559577389,"path_taken":["M","M","?","M","$","E","R","E","T","M","?","E","?","M","R","BOSS","M","?","?","M","?","E","M","?","T","M","M"],"build_version":"2019-01-23","purchased_purges":1,"victory":false,"max_hp_per_floor":[75,75,75,75,75,75,75,75,75,75,75,75,75,75,75,75,75,75,75,75,75,80,90,90,90,90,90,90],"card_choices":[{"not_picked":["Double Energy","Force Field","Sweeping Beam"],"picked":"SKIP","floor":1},{"not_picked":["Lockon","Storm"],"picked":"Cold Snap","floor":2},{"not_picked":["Rip and Tear","Blizzard"],"picked":"Cold Snap","floor":4},{"not_picked":["Leap","Blizzard"],"picked":"Rebound","floor":6},{"not_picked":["Genetic Algorithm","Streamline"],"picked":"Self Repair","floor":8},{"not_picked":["Glacier","Cold Snap"],"picked":"Sunder","floor":10},{"not_picked":["Skim","Cold Snap","Leap"],"picked":"SKIP","floor":12},{"not_picked":["FTL","Cold Snap"],"picked":"Ball Lightning","floor":13},{"not_picked":["Rebound","Steam","Streamline"],"picked":"SKIP","floor":14},{"not_picked":["Electrodynamics","Seek"],"picked":"Buffer","floor":16},{"not_picked":["Darkness+1"],"picked":"SKIP","floor":18},{"not_picked":["Hello World"],"picked":"SKIP","floor":21},{"not_picked":["Cold Snap"],"picked":"SKIP","floor":23},{"not_picked":["Stack"],"picked":"SKIP","floor":24},{"not_picked":["Undo+1"],"picked":"SKIP","floor":27}],"player_experience":886596,"relics_obtained":[{"floor":6,"key":"Bronze Scales"},{"floor":8,"key":"Dodecahedron"},{"floor":9,"key":"Bottled Flame"},{"floor":12,"key":"Emotion Chip"},{"floor":23,"key":"Pear"},{"floor":26,"key":"Pantograph"}],"event_choices":[{"damage_healed":0,"gold_gain":175,"player_choice":"AGREE","damage_taken":0,"max_hp_gain":0,"max_hp_loss":0,"event_name":"Liars Game","floor":3,"gold_loss":0,"cards_obtained":["Doubt"]},{"damage_healed":0,"gold_gain":75,"player_choice":"Touch","damage_taken":7,"max_hp_gain":0,"max_hp_loss":0,"event_name":"FaceTrader","floor":11,"gold_loss":0},{"damage_healed":0,"gold_gain":0,"player_choice":"Joined the Cult","damage_taken":6,"max_hp_gain":0,"max_hp_loss":0,"event_name":"Nest","floor":19,"gold_loss":0,"cards_obtained":["RitualDagger"]},{"damage_healed":25,"gold_gain":0,"player_choice":"Heal","damage_taken":0,"max_hp_gain":0,"max_hp_loss":0,"event_name":"The Library","floor":20,"gold_loss":0},{"damage_healed":0,"gold_gain":0,"player_choice":"Shed Blood","damage_taken":19,"max_hp_gain":5,"max_hp_loss":0,"event_name":"Forgotten Altar","floor":22,"gold_loss":0},{"damage_healed":0,"gold_gain":0,"player_choice":"Fight","damage_taken":0,"max_hp_gain":0,"max_hp_loss":0,"event_name":"Colosseum","floor":25,"gold_loss":0},{"damage_healed":0,"gold_gain":0,"player_choice":"Fled From Nobs","damage_taken":0,"max_hp_gain":0,"max_hp_loss":0,"event_name":"Colosseum","floor":25,"gold_loss":0}],"is_beta":false,"boss_relics":[{"not_picked":["Orrery","Astrolabe"],"picked":"Busted Crown"}],"items_purged_floors":[5],"is_endless":false,"potions_floor_spawned":[1,2,6,8,13,23,24,25],"killed_by":"Snecko","ascension_level":6}