{"gold_per_floor":[118,30,49,8,8,8,37,47,47,47,47,75,87,114,114,114],"floor_reached":16,"playtime":462,"items_purged":[],"score":272,"play_id":"148c280a-5c1c-4912-a440-2be21eca191a","local_time":"20190523143631","is_ascension_mode":true,"campfire_choices":[{"data":"Rampage","floor":6,"key":"SMITH"},{"data":"Flex","floor":11,"key":"SMITH"},{"floor":15,"key":"REST"}],"neow_cost":"NONE","seed_source_timestamp":457113974496108,"circlet_count":0,"master_deck":["AscendersBane","Strike_R","Strike_R","Strike_R","Strike_R","Defend_R","Defend_R","Defend_R","Defend_R","Bash","Flex+1","Rampage+1","Cleave","Inflame","Clothesline","Heavy Blade"],"relics":["Burning Blood","NeowsBlessing","Bottled Lightning","Bottled Tornado","Pear","Toxic Egg 2"],"potions_floor_usage":[13],"damage_taken":[{"damage":0,"enemies":"Cultist","floor":1,"turns":1},{"damage":0,"enemies":"Small Slimes","floor":3,"turns":1},{"damage":0,"enemies":"Lagavulin","floor":7,"turns":1},{"damage":6,"enemies":"2 Louse","floor":8,"turns":3},{"damage":32,"enemies":"Gremlin Nob","floor":12,"turns":4},{"damage":31,"enemies":"Gremlin Gang","floor":13,"turns":5},{"damage":45,"enemies":"3 Sentries","floor":14,"turns":7},{"damage":36,"enemies":"The Guardian","floor":16,"turns":9}],"seed_played":"7788940236735999242","potions_obtained":[{"floor":7,"key":"FairyPotion"},{"floor":10,"key":"SteroidPotion"}],"is_trial":false,"path_per_floor":["M","$","M","$","?","R","E","M","T","?","R","E","M","E","R","B"],"character_chosen":"IRONCLAD","items_purchased":["Rampage","Inflame"],"campfire_rested":1,"item_purchase_floors":[2,4],"current_hp_per_floor":[74,74,75,75,75,75,75,75,75,75,75,59,34,9,34,0],"gold":114,"neow_bonus":"THREE_ENEMY_KILL","is_prod":false,"is_daily":false,"chose_seed":false,"campfire_upgraded":2,"win_rate":0,"timestamp":1558632991,"path_taken":["M","?","M","$","?","R","E","M","T","?","R","E","?","E","R","BOSS"],"build_version":"2019-01-23","purchased_purges":0,"victory":false,"max_hp_per_floor":[75,75,75,75,75,75,75,75,75,75,75,85,85,85,85,85],"card_choices":[{"not_picked":["Body Slam","Hemokinesis"],"picked":"Flex","floor":1},{"not_picked":["Thunderclap","Clash"],"picked":"Cleave","floor":3},{"not_picked":["Dark Embrace","Ghostly Armor","Body Slam"],"picked":"SKIP","floor":7},{"not_picked":["Pommel Strike","Hemokinesis","Clash"],"picked":"SKIP","floor":8},{"not_picked":["Havoc","Berserk"],"picked":"Clothesline","floor":12},{"not_picked":["True Grit","Sentinel"],"picked":"Heavy Blade","floor":13},{"not_picked":["Sever Soul","Dual Wield","Pommel Strike"],"picked":"SKIP","floor":14}],"player_experience":780512,"relics_obtained":[{"floor":7,"key":"Bottled Lightning"},{"floor":9,"key":"Bottled Tornado"},{"floor":12,"key":"Pear"},{"floor":14,"key":"Toxic Egg 2"}],"event_choices":[{"cards_removed":["Strike_R"],"damage_healed":0,"gold_gain":0,"player_choice":"Forget","damage_taken":0,"max_hp_gain":0,"max_hp_loss":0,"event_name":"Living Wall","floor":5,"gold_loss":0},{"damage_healed":0,"gold_gain":0,"player_choice":"Got Potions","damage_taken":0,"max_hp_gain":0,"max_hp_loss":0,"event_name":"Lab","floor":10,"gold_loss":0}],"is_beta":false,"boss_relics":[],"items_purged_floors":[],"is_endless":false,"potions_floor_spawned":[7,12],"killed_by":"The Guardian","ascension_level":18}