{"gold_per_floor":[111,125,145,145,165,165,165,165,220,220,220,244,283,41,41,167,167,190,130,130,0,0,0,0,0,70,88,12,12,27,46,46,172,172,188,213,1212,1230,311,311,311],"floor_reached":41,"playtime":1931,"items_purged":["Normality"],"score":412,"play_id":"bf32b814-03fe-4d2e-b430-d6749deee59f","local_time":"20190324082230","is_ascension_mode":false,"campfire_choices":[{"floor":6.0,"key":"REST"},{"data":"Zap","floor":8.0,"key":"SMITH"},{"floor":10.0,"key":"REST"},{"floor":15.0,"key":"REST"},{"data":"Defragment","floor":23.0,"key":"SMITH"},{"floor":25.0,"key":"REST"},{"floor":32.0,"key":"REST"},{"floor":40.0,"key":"REST"}],"neow_cost":"NONE","seed_source_timestamp":373371224695721,"circlet_count":0,"master_deck":["Strike_B","Strike_B","Defend_B","Defend_B","Defend_B","Defend_B","Zap+1","Dualcast","Rebound","Ball Lightning","Conserve Battery","Machine Learning","Leap","Fusion","Glacier","Defragment+1","Rip and Tear","Conserve Battery","Core Surge","Darkness+1","Ball Lightning","Gash","Self Repair","Reprogram","Capacitor","Compile Driver","Cold Snap","Storm","Normality","Barrage","Chill","Glacier","Leap"],"special_seed":0,"relics":["Cracked Core","Golden Idol","Tiny Chest","Lantern","Centennial Puzzle","Busted Crown","Torii","Lizard Tail","Anchor","Thread and Needle","Potion Belt","DollysMirror"],"potions_floor_usage":[41,41],"damage_taken":[{"damage":1.0,"enemies":"Jaw Worm","floor":1.0,"turns":4.0},{"damage":3.0,"enemies":"2 Louse","floor":2.0,"turns":2.0},{"damage":8.0,"enemies":"Small Slimes","floor":3.0,"turns":2.0},{"damage":10.0,"enemies":"3 Louse","floor":5.0,"turns":3.0},{"damage":0.0,"enemies":"Blue Slaver","floor":12.0,"turns":2.0},{"damage":30.0,"enemies":"Lagavulin","floor":13.0,"turns":7.0},{"damage":45.0,"enemies":"Slime Boss","floor":16.0,"turns":12.0},{"damage":1.0,"enemies":"Shell Parasite","floor":18.0,"turns":7.0},{"damage":15.0,"enemies":"2 Thieves","floor":19.0,"turns":4.0},{"damage":1.0,"enemies":"Cultist and Chosen","floor":27.0,"turns":6.0},{"damage":7.0,"enemies":"Shelled Parasite and Fungi","floor":30.0,"turns":5.0},{"damage":9.0,"enemies":"Snecko","floor":31.0,"turns":5.0},{"damage":38.0,"enemies":"Champ","floor":33.0,"turns":12.0},{"damage":36.0,"enemies":"3 Darklings","floor":35.0,"turns":10.0},{"damage":42.0,"enemies":"Orb Walker","floor":38.0,"turns":5.0},{"damage":126,"enemies":"Giant Head","floor":41,"turns":10}],"seed_played":"8364991200252818999","potions_obtained":[{"floor":1.0,"key":"Energy Potion"},{"floor":3.0,"key":"Block Potion"},{"floor":27.0,"key":"Explosive Potion"},{"floor":31.0,"key":"LiquidBronze"},{"floor":35.0,"key":"Energy Potion"}],"is_trial":false,"path_per_floor":["M","M","M","?","M","R","?","R","T","R","?","M","E","$","R","B",null,"M","M","?","?","?","R","$","R","T","M","$","?","M","M","R","B",null,"M","T","?","M","$","R","E"],"character_chosen":"DEFECT","items_purchased":["Glacier","Defragment","Rip and Tear","Conserve Battery","Capacitor","Chill","Thread and Needle","Potion Belt","DollysMirror","Regen Potion","Leap"],"campfire_rested":6,"item_purchase_floors":[14,14,14,14,28,39,39,39,39,39,39],"current_hp_per_floor":[81,78,70,50,40,64,64,64,64,82,79,79,49,49,73,28,82,81,66,66,66,66,66,66,82,82,82,82,82,75,73,82,44,82,53,53,53,18,18,42,0],"gold":311,"neow_bonus":"TEN_PERCENT_HP_BONUS","is_prod":false,"is_daily":false,"chose_seed":false,"campfire_upgraded":2,"win_rate":0,"timestamp":1553440950,"path_taken":["M","M","M","?","M","R","?","R","T","R","?","M","E","$","R","BOSS","M","M","?","?","?","R","?","R","T","M","$","?","M","M","R","BOSS","M","?","?","M","$","R","E"],"build_version":"2019-01-23","purchased_purges":1,"victory":false,"max_hp_per_floor":[82,82,82,82,82,82,82,82,82,82,82,82,82,82,82,82,82,82,82,82,82,82,82,82,82,82,82,82,82,82,82,82,82,82,82,82,82,82,82,82,82],"card_choices":[{"not_picked":["Gash","Skim"],"picked":"Rebound","floor":1.0},{"not_picked":["Force Field","Gash"],"picked":"Ball Lightning","floor":2.0},{"not_picked":["Gash","Streamline"],"picked":"Conserve Battery","floor":3.0},{"not_picked":["Beam Cell","Hologram"],"picked":"Machine Learning","floor":5.0},{"not_picked":["Sunder","Streamline"],"picked":"Leap","floor":12.0},{"not_picked":["Steam","Stack"],"picked":"Fusion","floor":13.0},{"not_picked":["Hyperbeam","Reboot"],"picked":"Core Surge","floor":16.0},{"not_picked":[],"picked":"Darkness+1","floor":18.0},{"not_picked":[],"picked":"Ball Lightning","floor":19.0},{"not_picked":[],"picked":"Reprogram","floor":27.0},{"not_picked":[],"picked":"Compile Driver","floor":30.0},{"not_picked":[],"picked":"Cold Snap","floor":31.0},{"not_picked":[],"picked":"Storm","floor":35.0},{"not_picked":[],"picked":"Barrage","floor":38.0}],"player_experience":636305,"relics_obtained":[{"floor":9.0,"key":"Tiny Chest"},{"floor":13.0,"key":"Centennial Puzzle"},{"floor":36.0,"key":"Anchor"}],"event_choices":[{"damage_healed":0.0,"max_hp_gain":0.0,"max_hp_loss":0.0,"gold_gain":0.0,"event_name":"Golden Idol","player_choice":"Take Damage","floor":4.0,"gold_loss":0.0,"damage_taken":20.0,"relics_obtained":["Golden Idol"]},{"damage_healed":0.0,"max_hp_gain":0.0,"max_hp_loss":0.0,"gold_gain":0.0,"event_name":"Liars Game","player_choice":"Ignored","floor":7.0,"gold_loss":0.0,"damage_taken":0.0},{"damage_healed":0.0,"max_hp_gain":0.0,"max_hp_loss":0.0,"gold_gain":0.0,"event_name":"Scrap Ooze","player_choice":"Success","floor":11.0,"gold_loss":0.0,"damage_taken":3.0,"relics_obtained":["Lantern"]},{"damage_healed":0.0,"max_hp_gain":0.0,"max_hp_loss":0.0,"gold_gain":0.0,"cards_transformed":["Strike_B","Strike_B"],"event_name":"Drug Dealer","player_choice":"Became Test Subject","floor":20.0,"gold_loss":0.0,"damage_taken":0.0,"cards_obtained":["Gash","Self Repair"]},{"damage_healed":0.0,"max_hp_gain":0.0,"max_hp_loss":0.0,"gold_gain":0.0,"event_name":"Masked Bandits","player_choice":"Paid Fearfully","floor":21.0,"gold_loss":130.0,"damage_taken":0.0},{"damage_healed":0.0,"max_hp_gain":0.0,"max_hp_loss":0.0,"gold_gain":0.0,"event_name":"The Mausoleum","player_choice":"Opened","floor":22.0,"gold_loss":0.0,"damage_taken":0.0,"relics_obtained":["Torii"],"cards_obtained":["Writhe"]},{"cards_removed":["Writhe"],"damage_healed":0.0,"max_hp_gain":0.0,"max_hp_loss":0.0,"gold_gain":0.0,"event_name":"Purifier","player_choice":"Purged","floor":29.0,"gold_loss":0.0,"damage_taken":0.0},{"damage_healed":0.0,"max_hp_gain":0.0,"max_hp_loss":0.0,"gold_gain":999.0,"event_name":"MindBloom","player_choice":"Gold","floor":37.0,"gold_loss":0.0,"damage_taken":0.0,"cards_obtained":["Normality","Normality"]}],"is_beta":false,"boss_relics":[{"not_picked":["Fusion Hammer","Pandora\u0027s Box"],"picked":"Busted Crown"},{"not_picked":["Eternal Feather","Runic Dome"],"picked":"Lizard Tail"}],"items_purged_floors":[39],"is_endless":false,"potions_floor_spawned":[1,3,27,31,35],"killed_by":"Giant Head","ascension_level":0}