{"gold_per_floor":[114,114,127,47,0,0,10,45,45,45,64,64,76,96,96,167,167,178,193,193,34,84,84],"floor_reached":23,"playtime":925,"items_purged":[],"score":363,"play_id":"a44547c8-cdc8-4067-ad18-ca0c88e3b35a","local_time":"20190325191207","is_ascension_mode":true,"campfire_choices":[{"data":"Defragment","floor":6,"key":"SMITH"},{"data":"Doom and Gloom","floor":10,"key":"SMITH"},{"data":"Streamline","floor":12,"key":"SMITH"},{"floor":15,"key":"REST"}],"neow_cost":"NONE","seed_source_timestamp":36115225099981,"circlet_count":0,"master_deck":["AscendersBane","Strike_B","Strike_B","Defend_B","Defend_B","Defend_B","Defend_B","Zap","Dualcast","Cold Snap","Doom and Gloom+1","Defragment+1","Streamline+1","Ball Lightning","Leap","Coolheaded","Reboot","Reinforced Body","Rip and Tear","Defragment","Doom and Gloom"],"relics":["FrozenCore","NeowsBlessing","Strawberry"],"potions_floor_usage":[8,14,23],"damage_taken":[{"damage":0,"enemies":"2 Louse","floor":1,"turns":1},{"damage":0,"enemies":"Jaw Worm","floor":3,"turns":1},{"damage":0,"enemies":"Small Slimes","floor":7,"turns":1},{"damage":25,"enemies":"Lagavulin","floor":8,"turns":6},{"damage":13,"enemies":"3 Louse","floor":11,"turns":2},{"damage":9,"enemies":"Exordium Wildlife","floor":13,"turns":3},{"damage":0,"enemies":"Large Slime","floor":14,"turns":4},{"damage":28,"enemies":"Slime Boss","floor":16,"turns":10},{"damage":2,"enemies":"Chosen","floor":18,"turns":6},{"damage":0,"enemies":"Spheric Guardian","floor":19,"turns":5},{"damage":68,"enemies":"Slavers","floor":23,"turns":3}],"seed_played":"2885784003712927329","potions_obtained":[{"floor":7,"key":"Swift Potion"},{"floor":11,"key":"Energy Potion"},{"floor":18,"key":"AttackPotion"}],"is_trial":false,"path_per_floor":["M","?","M","$","?","R","M","E","T","R","M","R","M","M","R","B",null,"M","M","?","$","?","E"],"character_chosen":"DEFECT","items_purchased":["Defragment","Defragment","Doom and Gloom"],"campfire_rested":1,"item_purchase_floors":[4,21,21],"current_hp_per_floor":[64,64,64,64,64,64,64,39,46,46,33,33,24,24,47,19,63,61,61,61,61,61,0],"gold":84,"neow_bonus":"THREE_ENEMY_KILL","is_prod":false,"is_daily":false,"chose_seed":false,"campfire_upgraded":3,"win_rate":0,"timestamp":1553555527,"path_taken":["M","?","M","$","?","R","M","E","T","R","M","R","M","M","R","BOSS","M","M","?","$","?","E"],"build_version":"2019-01-23","purchased_purges":0,"victory":false,"max_hp_per_floor":[71,71,71,71,71,71,71,71,78,78,78,78,78,78,78,78,78,78,78,78,78,78,78],"card_choices":[{"not_picked":["Sweeping Beam","Aggregate"],"picked":"Cold Snap","floor":1},{"not_picked":["Conserve Battery","Static Discharge"],"picked":"Doom and Gloom","floor":3},{"not_picked":["Hologram","Creative AI"],"picked":"Streamline","floor":7},{"not_picked":["BootSequence","Conserve Battery"],"picked":"Ball Lightning","floor":8},{"not_picked":["Turbo","Rebound"],"picked":"Leap","floor":11},{"not_picked":["Sweeping Beam","Leap"],"picked":"Coolheaded","floor":13},{"not_picked":["Go for the Eyes","Leap","Skim"],"picked":"SKIP","floor":14},{"not_picked":["Thunder Strike","Meteor Strike"],"picked":"Reboot","floor":16},{"not_picked":["Ball Lightning","Reinforced Body+1","Aggregate+1"],"picked":"SKIP","floor":18},{"not_picked":["Steam","Ball Lightning","Barrage+1"],"picked":"SKIP","floor":19}],"player_experience":591255,"relics_obtained":[{"floor":9,"key":"Strawberry"}],"event_choices":[{"damage_healed":0,"gold_gain":0,"player_choice":"Leave","damage_taken":0,"max_hp_gain":0,"max_hp_loss":0,"event_name":"The Cleric","floor":2,"gold_loss":0},{"damage_healed":0,"gold_gain":0,"player_choice":"Left Gold","damage_taken":0,"max_hp_gain":0,"max_hp_loss":0,"event_name":"World of Goop","floor":5,"gold_loss":47},{"damage_healed":0,"gold_gain":0,"cards_transformed":["Strike_B","Strike_B"],"player_choice":"Became Test Subject","damage_taken":0,"max_hp_gain":0,"max_hp_loss":0,"event_name":"Drug Dealer","floor":20,"gold_loss":0,"cards_obtained":["Reinforced Body","Rip and Tear"]},{"damage_healed":0,"gold_gain":50,"player_choice":"Stole From Cult","damage_taken":0,"max_hp_gain":0,"max_hp_loss":0,"event_name":"Nest","floor":22,"gold_loss":0}],"is_beta":false,"boss_relics":[{"not_picked":["Tiny House","Pandora\u0027s Box"],"picked":"FrozenCore"}],"items_purged_floors":[],"is_endless":false,"potions_floor_spawned":[7,11,18],"killed_by":"Slavers","ascension_level":18}