{"gold_per_floor":[112,2,2,2,21,21,35,48,97,130,143,143,158,108,108,211,211,231,27,43,77,77,77,87,118,118,118,118,68,68,68,68,170,170,185,63,63,13,31,31,31,31,31,31,31,46,60,77,77,77,77,77,27,54,54],"floor_reached":56,"playtime":2720,"items_purged":["Strike_B","Strike_B","Defend_B","Zap","Defend_B","Defend_B"],"score":1138,"play_id":"e8e8c7e2-b9be-42d7-a412-cd3e5a58e1b5","local_time":"20190619213851","is_ascension_mode":false,"campfire_choices":[{"data":"Defragment","floor":6.0,"key":"SMITH"},{"data":"Loop","floor":12.0,"key":"SMITH"},{"data":"Glacier","floor":15.0,"key":"SMITH"},{"floor":23.0,"key":"REST"},{"floor":27.0,"key":"RECALL"},{"data":"Defragment","floor":30.0,"key":"SMITH"},{"floor":32.0,"key":"REST"},{"data":"Biased Cognition","floor":40.0,"key":"SMITH"},{"data":"Panache","floor":42.0,"key":"SMITH"},{"data":"Defragment","floor":49.0,"key":"SMITH"},{"data":"Dualcast","floor":52.0,"key":"SMITH"}],"neow_cost":"NONE","seed_source_timestamp":0,"circlet_count":0,"master_deck":["Dualcast+1","Ball Lightning+1","Loop+1","Self Repair","Defragment+1","Cold Snap+1","Glacier+1","Gash","Coolheaded+1","Defragment+1","Biased Cognition+1","Defragment+1","Panache+1","Gash"],"special_seed":0,"relics":["Cracked Core","Smiling Mask","Bottled Tornado","Lizard Tail","Lantern","Red Mask","Pocketwatch","Emotion Chip","Letter Opener","Busted Crown","Ornamental Fan","Whetstone"],"potions_floor_usage":[55,55,55],"damage_taken":[{"damage":0.0,"enemies":"2 Louse","floor":1.0,"turns":1.0},{"damage":0.0,"enemies":"Small Slimes","floor":5.0,"turns":3.0},{"damage":8.0,"enemies":"Jaw Worm","floor":7.0,"turns":3.0},{"damage":13.0,"enemies":"Red Slaver","floor":8.0,"turns":4.0},{"damage":21.0,"enemies":"Lagavulin","floor":10.0,"turns":6.0},{"damage":5.0,"enemies":"Blue Slaver","floor":11.0,"turns":5.0},{"damage":0.0,"enemies":"2 Fungi Beasts","floor":13.0,"turns":4.0},{"damage":21.0,"enemies":"Slime Boss","floor":16.0,"turns":9.0},{"damage":0.0,"enemies":"Spheric Guardian","floor":18.0,"turns":8.0},{"damage":6.0,"enemies":"3 Byrds","floor":20.0,"turns":5.0},{"damage":38.0,"enemies":"Masked Bandits","floor":21.0,"turns":6.0},{"damage":22.0,"enemies":"3 Cultists","floor":24.0,"turns":6.0},{"damage":0.0,"enemies":"Book of Stabbing","floor":25.0,"turns":8.0},{"damage":14.0,"enemies":"Champ","floor":33.0,"turns":13.0},{"damage":4.0,"enemies":"3 Darklings","floor":35.0,"turns":6.0},{"damage":2.0,"enemies":"3 Shapes","floor":39.0,"turns":6.0},{"damage":15.0,"enemies":"3 Darklings","floor":46.0,"turns":5.0},{"damage":0.0,"enemies":"Sphere and 2 Shapes","floor":47.0,"turns":4.0},{"damage":10.0,"enemies":"Transient","floor":48.0,"turns":5.0},{"damage":27.0,"enemies":"Awakened One","floor":50.0,"turns":17.0},{"damage":12,"enemies":"Shield and Spear","floor":54,"turns":8},{"damage":10,"enemies":"The Heart","floor":55,"turns":12}],"seed_played":"4161468569789362446","potions_obtained":[{"floor":1.0,"key":"Ancient Potion"},{"floor":11.0,"key":"Poison Potion"},{"floor":16.0,"key":"Swift Potion"},{"floor":18.0,"key":"SneckoOil"},{"floor":24.0,"key":"Explosive Potion"},{"floor":46.0,"key":"FearPotion"},{"floor":54,"key":"Poison Potion"}],"is_trial":false,"path_per_floor":["M","$","?","?","M","R","M","M","T","E","M","R","M","?","R","B",null,"M","$","M","?","T","R","M","E","T","R","?","$","R","?","R","B",null,"M","$","?","$","M","R","?","R","T","$","?","M","M","M","R","B",null,"R","$","E","B",null],"character_chosen":"DEFECT","items_purchased":["Self Repair","Lantern","Defragment"],"campfire_rested":2,"item_purchase_floors":[2,19,36],"current_hp_per_floor":[75,75,68,50,57,57,56,50,50,36,38,38,45,45,45,31,75,75,75,75,44,44,66,51,58,58,58,58,58,58,44,68,61,80,80,80,76,76,74,74,74,74,74,74,74,66,73,70,70,43,76,76,76,71,68],"gold":54,"neow_bonus":"THREE_CARDS","is_prod":false,"is_daily":false,"chose_seed":false,"campfire_upgraded":8,"win_rate":0,"timestamp":1560973131,"path_taken":["M","$","?","?","M","R","M","M","T","E","M","R","M","?","R","BOSS","M","$","M","?","?","R","?","E","T","R","?","$","R","?","R","BOSS","M","$","?","?","M","R","?","R","T","$","?","M","M","M","R","BOSS","R","$","E","BOSS"],"build_version":"2019-01-23","purchased_purges":6,"victory":true,"max_hp_per_floor":[75,75,75,75,75,75,75,75,75,75,75,75,75,75,75,75,75,75,75,75,75,75,75,75,75,75,75,75,75,75,80,80,80,80,80,80,76,76,76,76,76,76,76,76,76,76,76,76,76,76,76,76,76,76,76],"card_choices":[{"not_picked":["Consume","Darkness"],"picked":"Ball Lightning","floor":0.0},{"not_picked":["Turbo","Barrage"],"picked":"Loop","floor":1.0},{"not_picked":["Go for the Eyes","Leap"],"picked":"Defragment","floor":5.0},{"not_picked":["Leap","Buffer","Fusion"],"picked":"SKIP","floor":7.0},{"not_picked":["Sweeping Beam","Ball Lightning","White Noise"],"picked":"SKIP","floor":8.0},{"not_picked":["Aggregate","Rebound"],"picked":"Cold Snap","floor":10.0},{"not_picked":["Turbo","Stack"],"picked":"Glacier","floor":11.0},{"not_picked":["Gash","FTL","Loop"],"picked":"SKIP","floor":13.0},{"not_picked":["Streamline","Compile Driver+1"],"picked":"Gash","floor":18.0},{"not_picked":["Streamline","BootSequence+1","Fusion"],"picked":"SKIP","floor":20.0},{"not_picked":["Beam Cell","Redo"],"picked":"Coolheaded+1","floor":24.0},{"not_picked":["Conserve Battery","Amplify"],"picked":"Defragment","floor":25.0},{"not_picked":["Rainbow","Reboot"],"picked":"Biased Cognition","floor":33.0},{"not_picked":["Undo"],"picked":"SKIP","floor":35.0},{"not_picked":["Cold Snap"],"picked":"SKIP","floor":39.0},{"not_picked":[],"picked":"Panache","floor":41.0},{"not_picked":[],"picked":"Gash","floor":46.0},{"not_picked":["Turbo"],"picked":"SKIP","floor":47.0},{"not_picked":["Rebound"],"picked":"SKIP","floor":48.0},{"not_picked":["Electrodynamics"],"picked":"SKIP","floor":54}],"player_experience":286145,"relics_obtained":[{"floor":10.0,"key":"Bottled Tornado"},{"floor":21.0,"key":"Red Mask"},{"floor":22.0,"key":"Pocketwatch"},{"floor":25.0,"key":"Emotion Chip"},{"floor":26.0,"key":"Letter Opener"},{"floor":43.0,"key":"Ornamental Fan"},{"floor":54,"key":"Whetstone"}],"event_choices":[{"cards_removed":["Strike_B"],"damage_healed":0.0,"max_hp_gain":0.0,"max_hp_loss":0.0,"gold_gain":0.0,"event_name":"Golden Wing","player_choice":"Card Removal","floor":3.0,"gold_loss":0.0,"damage_taken":7.0},{"damage_healed":0.0,"max_hp_gain":0.0,"max_hp_loss":0.0,"gold_gain":0.0,"event_name":"Scrap Ooze","player_choice":"Success","floor":4.0,"gold_loss":0.0,"damage_taken":18.0,"relics_obtained":["Smiling Mask"]},{"cards_removed":["Defend_B"],"damage_healed":0.0,"max_hp_gain":0.0,"max_hp_loss":0.0,"gold_gain":0.0,"event_name":"The Cleric","player_choice":"Card Removal","floor":14.0,"gold_loss":50.0,"damage_taken":0.0},{"damage_healed":0.0,"max_hp_gain":0.0,"max_hp_loss":0.0,"gold_gain":0.0,"event_name":"Masked Bandits","player_choice":"Fought Bandits","floor":21.0,"gold_loss":0.0,"damage_taken":0.0},{"cards_removed":["Strike_B"],"damage_healed":0.0,"max_hp_gain":0.0,"max_hp_loss":0.0,"gold_gain":0.0,"event_name":"Back to Basics","player_choice":"Elegance","floor":28.0,"gold_loss":0.0,"damage_taken":0.0},{"damage_healed":0.0,"max_hp_gain":5.0,"max_hp_loss":0.0,"gold_gain":0.0,"event_name":"Forgotten Altar","player_choice":"Shed Blood","floor":31.0,"gold_loss":0.0,"damage_taken":19.0},{"damage_healed":0.0,"max_hp_gain":0.0,"max_hp_loss":4.0,"gold_gain":0.0,"event_name":"Winding Halls","player_choice":"Max HP","floor":37.0,"gold_loss":0.0,"damage_taken":0.0},{"damage_healed":0.0,"max_hp_gain":0.0,"max_hp_loss":0.0,"gold_gain":0.0,"event_name":"SensoryStone","player_choice":"Memory 1","floor":41.0,"gold_loss":0.0,"damage_taken":0.0},{"damage_healed":0.0,"max_hp_gain":0.0,"max_hp_loss":0.0,"gold_gain":0.0,"event_name":"Match and Keep!","player_choice":"0 cards matched","floor":45.0,"gold_loss":0.0,"damage_taken":0.0,"cards_obtained":[]}],"is_beta":false,"boss_relics":[{"not_picked":["Orrery","Snecko Eye"],"picked":"Lizard Tail"},{"not_picked":["Runic Pyramid","Tiny House"],"picked":"Busted Crown"}],"items_purged_floors":[2,19,29,36,38,53],"is_endless":false,"potions_floor_spawned":[1,11,16,18,24,46,54],"ascension_level":0}