{"gold_per_floor":[111,111,121,121,46,46,59,88,88,100,10,24,24,38,38,139,139,159,178,103,53,67,67,67,67,91,41,53,72,86,36,36,36],"floor_reached":33,"playtime":1067,"items_purged":["Defend_R","Defend_R","Defend_R","Strike_R","Defend_R"],"score":239,"play_id":"9a19bd09-e52a-49bf-973d-439414f2632b","local_time":"20190504085646","is_ascension_mode":false,"campfire_choices":[{"data":"Clash","floor":6,"key":"SMITH"},{"data":"Shrug It Off","floor":13,"key":"SMITH"},{"floor":15,"key":"REST"},{"floor":23,"key":"REST"},{"data":"Entrench","floor":25,"key":"SMITH"},{"floor":32,"key":"REST"}],"neow_cost":"NONE","seed_source_timestamp":2015992232147389,"circlet_count":0,"master_deck":["Strike_R","Strike_R","Strike_R","Bash+1","Clash+1","Shrug It Off+1","Entrench+1","Flame Barrier+1"],"relics":["Burning Blood","Dodecahedron","Strawberry","Odd Mushroom","Smiling Mask","Runic Dome","Bag of Marbles"],"potions_floor_usage":[16,16],"damage_taken":[{"damage":6,"enemies":"Cultist","floor":1,"turns":3},{"damage":0,"enemies":"Small Slimes","floor":3,"turns":2},{"damage":0,"enemies":"2 Louse","floor":7,"turns":2},{"damage":23,"enemies":"The Mushroom Lair","floor":8,"turns":4},{"damage":9,"enemies":"Exordium Wildlife","floor":10,"turns":5},{"damage":5,"enemies":"Red Slaver","floor":12,"turns":2},{"damage":15,"enemies":"Large Slime","floor":14,"turns":5},{"damage":85,"enemies":"Hexaghost","floor":16,"turns":13},{"damage":9,"enemies":"Spheric Guardian","floor":18,"turns":4},{"damage":14,"enemies":"Shell Parasite","floor":19,"turns":6},{"damage":39,"enemies":"Centurion and Healer","floor":22,"turns":5},{"damage":13,"enemies":"Chosen and Byrds","floor":28,"turns":7},{"damage":31,"enemies":"Snake Plant","floor":29,"turns":3},{"damage":13,"enemies":"3 Cultists","floor":30,"turns":9},{"damage":51,"enemies":"Automaton","floor":33,"turns":8}],"seed_played":"-9092779201890459489","potions_obtained":[{"floor":1,"key":"Dexterity Potion"},{"floor":8,"key":"BloodPotion"},{"floor":10,"key":"Poison Potion"},{"floor":22,"key":"Ancient Potion"},{"floor":24,"key":"Block Potion"},{"floor":24,"key":"Block Potion"}],"is_trial":false,"path_per_floor":["M","T","M","?","$","R","M","?","T","M","$","M","R","M","R","B",null,"M","M","?","$","M","R","?","R","T","$","M","M","M","$","R","B"],"character_chosen":"IRONCLAD","items_purchased":["Entrench"],"campfire_rested":3,"item_purchase_floors":[11],"current_hp_per_floor":[80,80,80,80,80,80,86,69,69,66,66,67,67,58,84,8,87,84,76,76,76,43,69,69,69,69,69,62,37,30,30,56,5],"gold":36,"neow_bonus":"UPGRADE_CARD","is_prod":false,"is_daily":false,"chose_seed":false,"campfire_upgraded":3,"win_rate":0,"timestamp":1556953006,"path_taken":["M","?","M","?","$","R","M","?","T","M","$","M","R","M","R","BOSS","M","M","?","$","M","R","?","R","T","$","M","M","M","$","R","BOSS"],"build_version":"2019-01-23","purchased_purges":5,"victory":false,"max_hp_per_floor":[80,80,80,87,87,87,87,87,87,87,87,87,87,87,87,87,87,87,87,87,87,87,87,87,87,87,87,87,87,87,87,87,87],"card_choices":[{"not_picked":["Corruption","Headbutt"],"picked":"Clash","floor":1},{"not_picked":["Heavy Blade","Pommel Strike","Feel No Pain"],"picked":"SKIP","floor":3},{"not_picked":["Reckless Charge","Uppercut"],"picked":"Shrug It Off","floor":7},{"not_picked":["Power Through","Twin Strike","Havoc"],"picked":"SKIP","floor":10},{"not_picked":["Fire Breathing","Headbutt","Perfected Strike"],"picked":"SKIP","floor":12},{"not_picked":["Flex","Heavy Blade","Rupture"],"picked":"SKIP","floor":14},{"not_picked":["Blood for Blood","Thunderclap","Sword Boomerang"],"picked":"SKIP","floor":18},{"not_picked":["Armaments+1","Clash+1","Dropkick+1"],"picked":"SKIP","floor":19},{"not_picked":["Anger","Spot Weakness","Perfected Strike"],"picked":"SKIP","floor":22},{"not_picked":["Intimidate+1","Heavy Blade+1","Berserk"],"picked":"SKIP","floor":28},{"not_picked":["Clothesline","Thunderclap"],"picked":"Flame Barrier+1","floor":29},{"not_picked":["Rupture","Thunderclap+1","Rampage+1"],"picked":"SKIP","floor":30}],"player_experience":160899,"relics_obtained":[{"floor":2,"key":"Dodecahedron"},{"floor":8,"key":"Odd Mushroom"},{"floor":9,"key":"Smiling Mask"},{"floor":26,"key":"Bag of Marbles"}],"event_choices":[{"damage_healed":0,"gold_gain":0,"player_choice":"Success","damage_taken":7,"relics_obtained":["Strawberry"],"max_hp_gain":0,"max_hp_loss":0,"event_name":"Scrap Ooze","floor":4,"gold_loss":0},{"damage_healed":0,"gold_gain":0,"player_choice":"Fought Mushrooms","damage_taken":0,"max_hp_gain":0,"max_hp_loss":0,"event_name":"Mushrooms","floor":8,"gold_loss":0},{"cards_removed":["Strike_R"],"damage_healed":0,"gold_gain":0,"player_choice":"Gave Gold","damage_taken":0,"max_hp_gain":0,"max_hp_loss":0,"event_name":"Beggar","floor":20,"gold_loss":75},{"damage_healed":0,"gold_gain":0,"player_choice":"Got Potions","damage_taken":0,"max_hp_gain":0,"max_hp_loss":0,"event_name":"Lab","floor":24,"gold_loss":0}],"is_beta":false,"boss_relics":[{"not_picked":["White Beast Statue","Calling Bell"],"picked":"Runic Dome"}],"items_purged_floors":[5,11,21,27,31],"is_endless":false,"potions_floor_spawned":[1,8,10,14,22,28],"killed_by":"Automaton","ascension_level":0}