{"path_per_floor":["M","M","?","M","M","E","M","R","T","M","R","M","$","M","R","B",null,"M","?","$","M","M","R","M","R","T","M","M","$","?","$","R"],"character_chosen":"THE_SILENT","items_purchased":["Noxious Fumes","Deflect","All Out Attack","Bouncing Flask"],"gold_per_floor":[113,123,123,141,153,183,197,197,197,209,209,220,71,91,91,186,186,168,168,78,90,105,105,116,116,116,133,150,13,13,13,13],"floor_reached":33,"campfire_rested":3,"playtime":19149,"current_hp_per_floor":[70,70,70,70,68,51,51,70,70,65,65,65,65,59,59,13,70,51,70,70,58,47,68,53,53,67,45,32,32,32,32,57],"items_purged":["Strike_G","Strike_G"],"gold":13,"play_id":"f69cc0bb-f5d9-450f-9cc2-cb4c9cac37f5","is_prod":false,"is_daily":false,"campfire_rituals":0,"campfire_upgraded":3,"is_hardmode":false,"path_taken":["M","M","?","M","M","E","M","R","T","M","R","M","$","M","R","BOSS","M","?","$","M","M","R","M","R","T","M","M","$","?","$","R","BOSS"],"build_version":"2018-01-18-PROD4","purchased_purges":2,"victory":false,"master_deck":["Defend_G","Defend_G","Defend_G","Defend_G","Defend_G","Strike_G","Strike_G","Survivor","Neutralize","PiercingWail","Poisoned Stab","Backflip","Heel Hook","Dagger Throw","Sucker Punch","Outmaneuver","Envenom","Noxious Fumes","Dagger Throw","Bullet Time","Outmaneuver","Poisoned Stab","Dagger Throw","Burst","PiercingWail","Noxious Fumes","Deflect","All Out Attack","Endless Agony","Flying Knee","PiercingWail","Deadly Poison","Quick Slash","Bouncing Flask"],"max_hp_per_floor":[70,70,70,70,70,70,70,70,70,70,70,70,70,70,70,70,70,70,70,70,70,70,70,70,70,84,84,84,84,84,84,84],"relics":["Ring of the Snake","Bronze Scales","Mercury Hourglass","Orrery","Mango"],"campfire_meditates":0,"card_choices":[{"not_picked":["Prepared","Finisher"],"picked":"PiercingWail"},{"not_picked":["Deflect","Burst"],"picked":"Poisoned Stab"},{"not_picked":["Acrobatics","Leg Sweep"],"picked":"Backflip"},{"not_picked":["Dodge and Roll","Dash"],"picked":"Heel Hook"},{"not_picked":["Slice","Blade Dance"],"picked":"Dagger Throw"},{"not_picked":["Malaise","Dash"],"picked":"Sucker Punch"},{"not_picked":["Distraction","Calculated Gamble"],"picked":"Outmaneuver"},{"not_picked":["Eviscerate","Outmaneuver"],"picked":"Envenom"},{"not_picked":["Outmaneuver","Quick Slash"],"picked":"Dagger Throw"},{"not_picked":["Phantasmal Killer","After Image"],"picked":"Bullet Time"},{"not_picked":["Deflect","Eviscerate"],"picked":"Outmaneuver"},{"not_picked":["Blade Dance","Deflect"],"picked":"Poisoned Stab"},{"not_picked":["Heel Hook","Dodge and Roll"],"picked":"Dagger Throw"},{"not_picked":["Acrobatics","Prepared"],"picked":"Burst"},{"not_picked":["Deadly Poison","Outmaneuver"],"picked":"PiercingWail"},{"not_picked":["Choke","Backflip"],"picked":"Noxious Fumes"},{"not_picked":["Dodge and Roll","Prepared"],"picked":"Endless Agony"},{"not_picked":["Backflip","Blade Dance"],"picked":"Flying Knee"},{"not_picked":["Die Die Die","Flying Knee"],"picked":"PiercingWail"},{"not_picked":["Well Laid Plans","Malaise"],"picked":"Deadly Poison"},{"not_picked":["Deadly Poison","Acrobatics"],"picked":"Quick Slash"}],"player_experience":43679,"potions_floor_usage":[16,27,33],"damage_taken":[{"damage":0,"enemies":"Jaw Worm","floor":1,"turns":4},{"damage":0,"enemies":"2 Louse","floor":2,"turns":4},{"damage":0,"enemies":"Small Slimes","floor":4,"turns":4},{"damage":2,"enemies":"2 Fungi Beasts","floor":5,"turns":6},{"damage":17,"enemies":"3 Sentries","floor":6,"turns":12},{"damage":0,"enemies":"Looter","floor":7,"turns":3},{"damage":5,"enemies":"Large Slime","floor":10,"turns":5},{"damage":0,"enemies":"Exordium Wildlife","floor":12,"turns":2},{"damage":6,"enemies":"Red Slaver","floor":14,"turns":3},{"damage":46,"enemies":"Slime Boss","floor":16,"turns":9},{"damage":19,"enemies":"2 Thieves","floor":18,"turns":4},{"damage":12,"enemies":"3 Byrds","floor":21,"turns":3},{"damage":11,"enemies":"Centurion and Healer","floor":22,"turns":6},{"damage":15,"enemies":"3 Cultists","floor":24,"turns":5},{"damage":22,"enemies":"Snecko","floor":27,"turns":7},{"damage":13,"enemies":"Snake Plant","floor":28,"turns":4},{"damage":61,"enemies":"Automaton","floor":33,"turns":8}],"event_choices":[{"event_name":"Liars Game","player_choice":"disagreed","floor":3,"damage_taken":0},{"event_name":"The Library","player_choice":"Heal","floor":19,"damage_taken":0},{"event_name":"Drug Dealer","player_choice":"Ignored","floor":30,"damage_taken":0}],"boss_relics":[{"not_picked":["Velvet Choker","Eternal Feather"],"picked":"Orrery"}],"potions_floor_spawned":[2,5,7,16,21,27],"seed_played":"-7300779189889653987","killed_by":"Automaton","is_trial":false}