{"path_per_floor":["M","M","?","$","M","R","M","E","T","R","M","R","?","M","R","B",null,"M","?","?","M","$","R","E","M","T","R","?","M","$","M","R"],"character_chosen":"IRONCLAD","items_purchased":["Toy Ornithopter","Feed","Bandage Up","Poison Potion"],"gold_per_floor":[213,229,229,36,51,51,64,104,104,104,127,127,202,218,218,343,343,362,362,362,379,147,147,175,194,194,194,109,129,79,96,96],"floor_reached":33,"campfire_rested":4,"playtime":4624,"current_hp_per_floor":[80,80,60,60,65,65,54,51,51,51,50,74,63,72,72,39,80,69,69,69,54,54,79,48,48,48,74,74,60,60,46,73],"items_purged":[],"gold":96,"score":267,"play_id":"07d516bf-b0de-4fb2-886c-22ee18971105","is_prod":false,"is_daily":false,"is_ascension_mode":false,"campfire_upgraded":3,"path_taken":["M","?","?","$","M","R","M","E","T","R","?","R","?","?","R","BOSS","M","?","?","M","$","R","E","M","T","R","?","M","$","?","R","BOSS"],"build_version":"2018-02-22-PROD2","purchased_purges":0,"victory":false,"master_deck":["Strike_R","Strike_R","Strike_R","Strike_R","Strike_R","Defend_R","Defend_R","Defend_R","Defend_R","Bash","Seeing Red+1","Searing Blow+2","Thunderclap","Intimidate","Reaper","Battle Trance","Flex","Feed","Headbutt","Feed","Bandage Up","Uppercut","Rampage","Armaments","Twin Strike+1"],"max_hp_per_floor":[80,80,80,80,80,80,80,80,80,80,80,80,80,80,80,80,80,83,83,83,86,86,86,89,89,89,89,89,92,92,92,92],"relics":["Burning Blood","Bloody Idol","Toy Ornithopter","Meat on the Bone","Ancient Tea Set","Lizard Tail","Vajra","Thread and Needle","Molten Egg 2"],"card_choices":[{"not_picked":["Bloodletting","Armaments"],"picked":"Seeing Red"},{"not_picked":["Combust","Metallicize"],"picked":"Searing Blow"},{"not_picked":["Blood for Blood","Pommel Strike"],"picked":"Thunderclap"},{"not_picked":["Cleave","Anger"],"picked":"Intimidate"},{"not_picked":["Warcry","Armaments"],"picked":"Reaper"},{"not_picked":["Perfected Strike","Dropkick"],"picked":"Battle Trance"},{"not_picked":["Iron Wave","Warcry"],"picked":"Flex"},{"not_picked":["Offering","Impervious"],"picked":"Feed"},{"not_picked":["Iron Wave","Shockwave"],"picked":"Headbutt"},{"not_picked":["Rampage","Juggernaut"],"picked":"Uppercut"},{"not_picked":["Iron Wave","Bloodletting"],"picked":"Rampage"},{"not_picked":["Disarm","Rupture"],"picked":"Armaments"},{"not_picked":["Infernal Blade","Headbutt"],"picked":"Twin Strike"}],"player_experience":254937,"potions_floor_usage":[8,14,16,16,24,24,33],"damage_taken":[{"damage":1,"enemies":"Cultist","floor":1,"turns":3},{"damage":1,"enemies":"2 Louse","floor":2,"turns":2},{"damage":1,"enemies":"Small Slimes","floor":5,"turns":3},{"damage":17,"enemies":"Looter","floor":7,"turns":4},{"damage":21,"enemies":"Gremlin Nob","floor":8,"turns":4},{"damage":7,"enemies":"Blue Slaver","floor":11,"turns":3},{"damage":0,"enemies":"Lots of Slimes","floor":14,"turns":1},{"damage":66,"enemies":"Hexaghost","floor":16,"turns":9},{"damage":20,"enemies":"Spheric Guardian","floor":18,"turns":4},{"damage":41,"enemies":"Shell Parasite","floor":21,"turns":6},{"damage":112,"enemies":"Slavers","floor":24,"turns":8},{"damage":34,"enemies":"Snecko","floor":25,"turns":5},{"damage":47,"enemies":"3 Cultists","floor":29,"turns":6},{"damage":41,"enemies":"Snake Plant","floor":31,"turns":5},{"damage":112,"enemies":"Collector","floor":33,"turns":6}],"event_choices":[{"event_name":"Golden Idol","player_choice":"Take Damage","floor":3,"damage_taken":0},{"event_name":"World of Goop","player_choice":"Gather Gold","floor":13,"damage_taken":0},{"event_name":"Accursed Blacksmith","player_choice":"Ignore","floor":19,"damage_taken":0},{"event_name":"Forgotten Altar","player_choice":"Gave Idol","floor":20,"damage_taken":0},{"event_name":"Addict","player_choice":"Obtained Relic","floor":28,"damage_taken":0}],"boss_relics":[{"not_picked":["Orrery","Pandora\u0027s Box"],"picked":"Lizard Tail"}],"potions_floor_spawned":[1,2,7,11,16,18],"seed_played":"2329587593153911806","killed_by":"Collector","ascension_level":0,"is_trial":false}