{"gold_per_floor":[114,114,114,130,55,55,55,55,128,142,142,168,178,195,195,300,300,318,218,218,218,93,93,122,142,195,195,210,15,15],"floor_reached":30,"playtime":839,"items_purged":["Defend_R","Defend_R","Strike_R","Defend_R"],"score":246,"play_id":"f5bcd1e1-9509-436a-985d-a6047a2efafc","local_time":"20190426072601","is_ascension_mode":false,"campfire_choices":[{"floor":6,"key":"REST"},{"data":"Strike_R","floor":8,"key":"SMITH"},{"data":"Defend_R","floor":11,"key":"SMITH"},{"floor":15,"key":"REST"},{"floor":23,"key":"REST"},{"floor":27,"key":"REST"}],"neow_cost":"NONE","seed_source_timestamp":1319589605061452,"circlet_count":0,"master_deck":["Strike_R+1","Strike_R","Strike_R","Strike_R","Defend_R+1","Bash+1","Dropkick+1","Clash"],"relics":["Burning Blood","Strawberry","Sundial","Darkstone Periapt","Kunai","Lizard Tail","Dodecahedron","Ancient Tea Set","Omamori"],"potions_floor_usage":[24,24,24,25],"damage_taken":[{"damage":6,"enemies":"Cultist","floor":1,"turns":3},{"damage":17,"enemies":"Small Slimes","floor":4,"turns":5},{"damage":8,"enemies":"Jaw Worm","floor":10,"turns":3},{"damage":32,"enemies":"3 Sentries","floor":12,"turns":9},{"damage":2,"enemies":"2 Fungi Beasts","floor":13,"turns":4},{"damage":13,"enemies":"Exordium Wildlife","floor":14,"turns":3},{"damage":39,"enemies":"Slime Boss","floor":16,"turns":18},{"damage":17,"enemies":"Chosen","floor":18,"turns":6},{"damage":98,"enemies":"Slavers","floor":24,"turns":10},{"damage":33,"enemies":"2 Thieves","floor":25,"turns":4},{"damage":9,"enemies":"Snecko","floor":28,"turns":5},{"damage":62,"enemies":"Book of Stabbing","floor":30,"turns":5}],"seed_played":"-7558015332012297221","potions_obtained":[{"floor":4,"key":"Dexterity Potion"},{"floor":12,"key":"FearPotion"},{"floor":16,"key":"Regen Potion"},{"floor":18,"key":"Ancient Potion"},{"floor":24,"key":"Poison Potion"}],"is_trial":false,"path_per_floor":["M","?","?","M","$","R","T","R","T","M","R","E","M","M","R","B",null,"M","$","?","T","$","R","E","M","T","R","M","$","E"],"character_chosen":"IRONCLAD","items_purchased":["Clash"],"campfire_rested":4,"item_purchase_floors":[29],"current_hp_per_floor":[80,80,85,74,74,92,92,92,92,90,90,64,68,61,88,55,92,81,81,81,81,81,92,15,36,36,63,60,60,0],"gold":15,"neow_bonus":"UPGRADE_CARD","is_prod":false,"is_daily":false,"chose_seed":false,"campfire_upgraded":2,"win_rate":0,"timestamp":1556256361,"path_taken":["M","?","?","M","$","R","?","R","T","M","R","E","M","M","R","BOSS","M","$","?","?","?","R","E","M","T","R","M","$","E"],"build_version":"2019-01-23","purchased_purges":4,"victory":false,"max_hp_per_floor":[80,87,92,92,92,92,92,92,92,92,92,92,92,92,92,92,92,92,92,92,92,92,92,92,92,92,92,92,92,92],"card_choices":[{"not_picked":["Iron Wave","Wild Strike","Sword Boomerang"],"picked":"SKIP","floor":1},{"not_picked":["Wild Strike","Disarm","Anger"],"picked":"SKIP","floor":4},{"not_picked":["Spot Weakness","Heavy Blade","Thunderclap"],"picked":"SKIP","floor":10},{"not_picked":["Hemokinesis","Inflame","Warcry"],"picked":"SKIP","floor":12},{"not_picked":["Perfected Strike","Reckless Charge","Burning Pact"],"picked":"SKIP","floor":13},{"not_picked":["Burning Pact","Rampage","Warcry"],"picked":"SKIP","floor":14},{"not_picked":["Battle Trance+1","Feel No Pain","Warcry"],"picked":"SKIP","floor":18},{"not_picked":["Cleave","Combust"],"picked":"Dropkick+1","floor":24},{"not_picked":["Intimidate","Warcry+1","Ghostly Armor"],"picked":"SKIP","floor":25},{"not_picked":["Offering","Body Slam","Iron Wave+1"],"picked":"SKIP","floor":28}],"player_experience":149535,"relics_obtained":[{"floor":7,"key":"Sundial"},{"floor":9,"key":"Darkstone Periapt"},{"floor":12,"key":"Kunai"},{"floor":21,"key":"Dodecahedron"},{"floor":24,"key":"Ancient Tea Set"},{"floor":26,"key":"Omamori"}],"event_choices":[{"damage_healed":0,"gold_gain":0,"player_choice":"Success","damage_taken":7,"relics_obtained":["Strawberry"],"max_hp_gain":0,"max_hp_loss":0,"event_name":"Scrap Ooze","floor":2,"gold_loss":0},{"damage_healed":0,"gold_gain":0,"player_choice":"Donut","damage_taken":0,"max_hp_gain":5,"max_hp_loss":0,"event_name":"Big Fish","floor":3,"gold_loss":0},{"damage_healed":0,"gold_gain":0,"player_choice":"Ignored","damage_taken":0,"max_hp_gain":0,"max_hp_loss":0,"event_name":"The Mausoleum","floor":20,"gold_loss":0}],"is_beta":false,"boss_relics":[{"not_picked":["Mark of Pain","Coffee Dripper"],"picked":"Lizard Tail"}],"items_purged_floors":[5,19,22,29],"is_endless":false,"potions_floor_spawned":[4,12,16,18,24],"killed_by":"Book of Stabbing","ascension_level":0}