{"gold_per_floor":[117,133,133,145,161,196,214,233,259,259,278,278,308,325,325,421,421,434,534,544,544],"floor_reached":21,"playtime":1181,"items_purged":[],"score":319,"play_id":"35ac0f5d-8e6d-4dce-b4f4-6b8d6b327b4b","local_time":"20190411232412","is_ascension_mode":true,"campfire_choices":[{"floor":10,"key":"REST"},{"data":"Bash","floor":12,"key":"SMITH"},{"floor":15,"key":"REST"}],"neow_cost":"NONE","seed_source_timestamp":165718217969184,"circlet_count":0,"master_deck":["Strike_R","Strike_R","Strike_R","Strike_R","Strike_R","Defend_R","Defend_R","Defend_R","Defend_R","Bash+1","Demon Form","Pommel Strike","Bloodletting","Anger","Shrug It Off","Fiend Fire","Ghostly Armor","Combust","Clothesline","Reaper","Metallicize","Disarm+1"],"relics":["Burning Blood","Lantern","Self Forming Clay","Ancient Tea Set","Smiling Mask","Runic Cube"],"potions_floor_usage":[],"damage_taken":[{"damage":7,"enemies":"Small Slimes","floor":1,"turns":4},{"damage":11,"enemies":"Cultist","floor":2,"turns":4},{"damage":7,"enemies":"Jaw Worm","floor":4,"turns":3},{"damage":17,"enemies":"3 Louse","floor":5,"turns":4},{"damage":32,"enemies":"Gremlin Nob","floor":6,"turns":4},{"damage":7,"enemies":"2 Fungi Beasts","floor":7,"turns":4},{"damage":8,"enemies":"Blue Slaver","floor":8,"turns":3},{"damage":14,"enemies":"Red Slaver","floor":11,"turns":4},{"damage":3,"enemies":"Lagavulin","floor":13,"turns":5},{"damage":15,"enemies":"Large Slime","floor":14,"turns":3},{"damage":19,"enemies":"Hexaghost","floor":16,"turns":8},{"damage":29,"enemies":"Spheric Guardian","floor":18,"turns":5},{"damage":31,"enemies":"Chosen","floor":20,"turns":7},{"damage":14,"enemies":"Shelled Parasite and Fungi","floor":21,"turns":2}],"seed_played":"4615214491151797107","potions_obtained":[{"floor":1,"key":"SteroidPotion"},{"floor":4,"key":"Fire Potion"},{"floor":5,"key":"SpeedPotion"},{"floor":11,"key":"EssenceOfSteel"}],"is_trial":false,"path_per_floor":["M","M","?","M","M","E","M","M","T","R","M","R","E","M","R","B",null,"M","?","M","M"],"character_chosen":"IRONCLAD","items_purchased":[],"campfire_rested":2,"item_purchase_floors":[],"current_hp_per_floor":[71,66,66,65,54,28,27,25,25,49,41,41,44,35,59,46,72,49,49,28,14],"gold":544,"neow_bonus":"ONE_RANDOM_RARE_CARD","is_prod":false,"is_daily":false,"chose_seed":false,"campfire_upgraded":1,"win_rate":0,"timestamp":1555050252,"path_taken":["M","M","?","M","?","E","M","M","T","R","M","R","E","M","R","BOSS","M","?","M","M"],"build_version":"2019-01-23","purchased_purges":0,"victory":false,"max_hp_per_floor":[80,80,80,80,80,80,80,80,80,80,80,80,80,80,80,80,80,80,80,80,80],"card_choices":[{"not_picked":["Feel No Pain","Rage"],"picked":"Pommel Strike","floor":1},{"not_picked":["Perfected Strike","Infernal Blade"],"picked":"Cleave","floor":2},{"not_picked":["Wild Strike","Body Slam"],"picked":"Bloodletting","floor":4},{"not_picked":["Burning Pact","Corruption"],"picked":"Anger","floor":5},{"not_picked":["Clash","Thunderclap"],"picked":"Shrug It Off","floor":6},{"not_picked":["Rupture","Dual Wield"],"picked":"Fiend Fire","floor":7},{"not_picked":["Perfected Strike","Anger","Armaments"],"picked":"SKIP","floor":8},{"not_picked":["Entrench","Warcry"],"picked":"Ghostly Armor","floor":11},{"not_picked":["Uppercut","Warcry"],"picked":"Combust","floor":13},{"not_picked":["Anger","Sever Soul"],"picked":"Clothesline","floor":14},{"not_picked":["Barricade","Exhume"],"picked":"Reaper","floor":16},{"not_picked":["Flex","Shockwave"],"picked":"Metallicize","floor":18},{"not_picked":["Heavy Blade","Twin Strike"],"picked":"Disarm+1","floor":20}],"player_experience":700260,"relics_obtained":[{"floor":6,"key":"Self Forming Clay"},{"floor":9,"key":"Ancient Tea Set"},{"floor":13,"key":"Smiling Mask"}],"event_choices":[{"cards_removed":["Cleave"],"damage_healed":0,"gold_gain":0,"player_choice":"Gave Card","damage_taken":0,"relics_obtained":["Lantern"],"max_hp_gain":0,"max_hp_loss":0,"event_name":"WeMeetAgain","floor":3,"gold_loss":0},{"damage_healed":0,"gold_gain":100,"player_choice":"Pray","damage_taken":0,"max_hp_gain":0,"max_hp_loss":0,"event_name":"Golden Shrine","floor":19,"gold_loss":0}],"is_beta":false,"boss_relics":[{"not_picked":["Mark of Pain","Tiny House"],"picked":"Runic Cube"}],"items_purged_floors":[],"is_endless":false,"potions_floor_spawned":[1,4,5,6,11,16,20],"killed_by":"Shelled Parasite and Fungi","ascension_level":9}