{"gold_per_floor":[117,42,42,42,52,78,78,28,81,96,116,142,92,167,167,167],"floor_reached":16,"playtime":284,"items_purged":["Defend_R","Defend_R","Defend_R"],"score":123,"play_id":"08b7fd94-c1b0-4c87-b3ec-9b492bc1abb0","local_time":"20190428232307","is_ascension_mode":false,"campfire_choices":[{"data":"Bash","floor":7.0,"key":"SMITH"},{"floor":15.0,"key":"REST"}],"neow_cost":"NONE","seed_source_timestamp":1550339533790214,"circlet_count":0,"master_deck":["Strike_R","Strike_R","Strike_R","Strike_R","Strike_R","Bash+1","Shrug It Off"],"special_seed":0,"relics":["Burning Blood","NeowsBlessing","Turnip","Smiling Mask","Happy Flower","Odd Mushroom"],"potions_floor_usage":[16],"damage_taken":[{"damage":0.0,"enemies":"Cultist","floor":1.0,"turns":1.0},{"damage":0.0,"enemies":"Jaw Worm","floor":5.0,"turns":1.0},{"damage":0.0,"enemies":"Lagavulin","floor":6.0,"turns":1.0},{"damage":0.0,"enemies":"Small Slimes","floor":10.0,"turns":3.0},{"damage":5.0,"enemies":"2 Fungi Beasts","floor":11.0,"turns":4.0},{"damage":38.0,"enemies":"The Mushroom Lair","floor":12.0,"turns":5.0},{"damage":58,"enemies":"Hexaghost","floor":16,"turns":9}],"seed_played":"7377376567414572945","potions_obtained":[{"floor":5.0,"key":"Energy Potion"},{"floor":6.0,"key":"AttackPotion"}],"is_trial":false,"path_per_floor":["M","$","?","?","M","E","R","$","T","M","M","?","$","?","R","B"],"character_chosen":"IRONCLAD","items_purchased":[],"campfire_rested":1,"item_purchase_floors":[],"current_hp_per_floor":[80,80,55,55,61,67,67,67,67,73,74,42,42,31,55,0],"gold":167,"neow_bonus":"THREE_ENEMY_KILL","is_prod":false,"is_daily":false,"chose_seed":false,"campfire_upgraded":1,"win_rate":0,"timestamp":1556486587,"path_taken":["M","?","?","?","M","E","R","$","T","M","M","?","$","?","R","BOSS"],"build_version":"2019-01-23","purchased_purges":3,"victory":false,"max_hp_per_floor":[80,80,80,80,80,80,80,80,80,80,80,80,80,80,80,80],"card_choices":[{"not_picked":["Perfected Strike","Anger","Whirlwind"],"picked":"SKIP","floor":1.0},{"not_picked":["Clothesline","Evolve","Twin Strike"],"picked":"SKIP","floor":5.0},{"not_picked":["Carnage","Heavy Blade","Barricade"],"picked":"SKIP","floor":6.0},{"not_picked":["Rage","Clothesline"],"picked":"Shrug It Off","floor":10.0},{"not_picked":["Shrug It Off","Metallicize","True Grit"],"picked":"SKIP","floor":11.0}],"player_experience":154290,"relics_obtained":[{"floor":6.0,"key":"Smiling Mask"},{"floor":9.0,"key":"Happy Flower"},{"floor":12.0,"key":"Odd Mushroom"}],"event_choices":[{"damage_healed":0.0,"max_hp_gain":0.0,"max_hp_loss":0.0,"gold_gain":0.0,"event_name":"Scrap Ooze","player_choice":"Success","floor":3.0,"gold_loss":0.0,"damage_taken":25.0,"relics_obtained":["Turnip"]},{"cards_removed":["Defend_R"],"damage_healed":0.0,"max_hp_gain":0.0,"max_hp_loss":0.0,"gold_gain":0.0,"event_name":"Living Wall","player_choice":"Forget","floor":4.0,"gold_loss":0.0,"damage_taken":0.0},{"damage_healed":0.0,"max_hp_gain":0.0,"max_hp_loss":0.0,"gold_gain":0.0,"event_name":"Mushrooms","player_choice":"Fought Mushrooms","floor":12.0,"gold_loss":0.0,"damage_taken":0.0},{"damage_healed":0.0,"max_hp_gain":0.0,"max_hp_loss":0.0,"gold_gain":75.0,"event_name":"World of Goop","player_choice":"Gather Gold","floor":14.0,"gold_loss":0.0,"damage_taken":11.0}],"is_beta":false,"boss_relics":[],"items_purged_floors":[2,8,13],"is_endless":false,"potions_floor_spawned":[5,6],"killed_by":"Hexaghost","ascension_level":0}