{"gold_per_floor":[110,185,199,374,374,408,408,434,434,113,133,165,183,33,33,136,136,153,153,153,153,153,153,153],"floor_reached":24,"playtime":1393,"items_purged":["Doubt"],"score":235,"play_id":"f1be651e-e99a-40d0-b031-a92b370dc626","local_time":"20190415115848","is_ascension_mode":false,"campfire_choices":[{"data":"Zap","floor":7,"key":"SMITH"},{"floor":15,"key":"REST"},{"floor":23,"key":"RECALL"}],"neow_cost":"NONE","seed_source_timestamp":477191206309578,"circlet_count":0,"master_deck":["Strike_B","Strike_B","Strike_B","Strike_B","Defend_B","Defend_B","Defend_B","Defend_B","Zap+1","Dualcast","Leap","Redo+1","Chill","Buffer","Capacitor","Conserve Battery","Redo","Reprogram","Cold Snap","Multi-Cast","Blizzard","Cold Snap","Coolheaded","BootSequence","Stack+1","Hello World"],"relics":["Cracked Core","Oddly Smooth Stone","Omamori","Bag of Preparation","Letter Opener","Bag of Marbles","Peace Pipe","Juzu Bracelet","Orrery","Mummified Hand"],"potions_floor_usage":[8],"damage_taken":[{"damage":0,"enemies":"Cultist","floor":1,"turns":3},{"damage":0,"enemies":"Jaw Worm","floor":3,"turns":3},{"damage":32,"enemies":"Lagavulin","floor":6,"turns":9},{"damage":11,"enemies":"3 Sentries","floor":8,"turns":13},{"damage":0,"enemies":"2 Louse","floor":11,"turns":1},{"damage":0,"enemies":"Lagavulin","floor":12,"turns":7},{"damage":8,"enemies":"Looter","floor":13,"turns":3},{"damage":12,"enemies":"Hexaghost","floor":16,"turns":14},{"damage":2,"enemies":"Shell Parasite","floor":18,"turns":9},{"damage":76,"enemies":"Gremlin Leader","floor":24,"turns":9}],"seed_played":"6853048761082091425","potions_obtained":[{"floor":6,"key":"EssenceOfSteel"},{"floor":13,"key":"SteroidPotion"}],"is_trial":false,"path_per_floor":["M","T","M","?","?","E","R","E","T","$","M","E","M","$","R","B",null,"M","?","T","$","?","R","E"],"character_chosen":"DEFECT","items_purchased":["Capacitor","Bag of Marbles","Conserve Battery","Juzu Bracelet"],"campfire_rested":1,"item_purchase_floors":[10,10,10,14],"current_hp_per_floor":[75,75,75,75,75,43,43,32,32,32,32,32,24,24,46,34,75,73,73,73,73,73,73,0],"gold":153,"neow_bonus":"RANDOM_COMMON_RELIC","is_prod":false,"is_daily":false,"chose_seed":false,"campfire_upgraded":1,"win_rate":0,"timestamp":1555340328,"path_taken":["M","?","M","?","?","E","R","E","T","?","M","E","M","$","R","BOSS","M","?","?","$","?","R","E"],"build_version":"2019-01-23","purchased_purges":1,"victory":false,"max_hp_per_floor":[75,75,75,75,75,75,75,75,75,75,75,75,75,75,75,75,75,75,75,75,75,75,75,75],"card_choices":[{"not_picked":["Darkness","Redo"],"picked":"Leap","floor":1},{"not_picked":["Streamline","Beam Cell"],"picked":"Redo","floor":3},{"not_picked":["Leap","Hyperbeam"],"picked":"Chill","floor":6},{"not_picked":["Conserve Battery","Beam Cell"],"picked":"Buffer","floor":8},{"not_picked":["Static Discharge","Ball Lightning"],"picked":"Redo","floor":11},{"not_picked":["Recycle","Redo"],"picked":"Reprogram","floor":12},{"not_picked":["Redo","Gash"],"picked":"Cold Snap","floor":13},{"not_picked":["Hyperbeam","Core Surge"],"picked":"Multi-Cast","floor":16},{"not_picked":["Barrage","Static Discharge"],"picked":"Blizzard","floor":17},{"not_picked":["Skim","Sweeping Beam"],"picked":"Cold Snap","floor":17},{"not_picked":["Fusion","Ball Lightning"],"picked":"Coolheaded","floor":17},{"not_picked":["Stack","Hyperbeam"],"picked":"BootSequence","floor":17},{"not_picked":["Beam Cell","Redo"],"picked":"Stack+1","floor":18}],"player_experience":596609,"relics_obtained":[{"floor":6,"key":"Omamori"},{"floor":8,"key":"Bag of Preparation"},{"floor":9,"key":"Letter Opener"},{"floor":12,"key":"Peace Pipe"},{"floor":20,"key":"Mummified Hand"}],"event_choices":[{"damage_healed":0,"gold_gain":175,"player_choice":"AGREE","damage_taken":0,"max_hp_gain":0,"max_hp_loss":0,"event_name":"Liars Game","floor":4,"gold_loss":0,"cards_obtained":["Doubt"]},{"damage_healed":0,"gold_gain":0,"player_choice":"Grow","damage_taken":0,"max_hp_gain":0,"max_hp_loss":0,"event_name":"Living Wall","floor":5,"gold_loss":0,"cards_upgraded":["Redo"]},{"damage_healed":0,"gold_gain":0,"player_choice":"Ignored","damage_taken":0,"max_hp_gain":0,"max_hp_loss":0,"event_name":"Ghosts","floor":19,"gold_loss":0},{"damage_healed":0,"gold_gain":0,"player_choice":"Read","damage_taken":0,"max_hp_gain":0,"max_hp_loss":0,"event_name":"The Library","floor":22,"gold_loss":0,"cards_obtained":["Hello World"]}],"is_beta":false,"boss_relics":[{"not_picked":["Sozu","Ectoplasm"],"picked":"Orrery"}],"items_purged_floors":[10],"is_endless":false,"potions_floor_spawned":[6,13],"killed_by":"Gremlin Leader","ascension_level":0}