{"gold_per_floor":[116,7,24,24,24,24,63,63,63,79,79,98,98,112,112,112],"floor_reached":16,"playtime":230,"items_purged":["Strike_B"],"score":125,"play_id":"ad089bb3-e734-428d-b3ea-5c50d1556047","local_time":"20190620183344","is_ascension_mode":false,"campfire_choices":[{"data":"Defragment","floor":6,"key":"SMITH"},{"data":"Genetic Algorithm","floor":11,"key":"SMITH"},{"floor":15,"key":"REST"}],"neow_cost":"NONE","seed_source_timestamp":566832347384613,"circlet_count":0,"master_deck":["Strike_B","Strike_B","Strike_B","Defend_B","Defend_B","Defend_B","Defend_B","Zap","Dualcast","Genetic Algorithm+1","Defragment+1"],"relics":["Cracked Core","NeowsBlessing","Golden Idol","Toxic Egg 2","Singing Bowl"],"potions_floor_usage":[],"damage_taken":[{"damage":0,"enemies":"2 Louse","floor":1,"turns":1},{"damage":0,"enemies":"Cultist","floor":3,"turns":1},{"damage":0,"enemies":"Gremlin Nob","floor":7,"turns":1},{"damage":10,"enemies":"Small Slimes","floor":10,"turns":3},{"damage":13,"enemies":"Red Slaver","floor":12,"turns":4},{"damage":8,"enemies":"Large Slime","floor":14,"turns":7},{"damage":0,"enemies":"Slime Boss","floor":16,"turns":1}],"seed_played":"5947804406898374198","potions_obtained":[{"floor":1,"key":"SpeedPotion"},{"floor":12,"key":"SpeedPotion"},{"floor":14,"key":"SneckoOil"}],"is_trial":false,"path_per_floor":["M","$","M","?","?","R","E","?","T","M","R","M","$","M","R","B"],"character_chosen":"DEFECT","items_purchased":["Defragment"],"campfire_rested":1,"item_purchase_floors":[2],"current_hp_per_floor":[75,75,75,80,74,74,74,74,74,66,66,55,55,49,73,73],"gold":112,"neow_bonus":"THREE_ENEMY_KILL","is_prod":false,"is_daily":false,"chose_seed":false,"campfire_upgraded":2,"win_rate":0,"timestamp":1561048424,"path_taken":["M","$","M","?","?","R","E","?","T","M","R","M","$","M","R","BOSS"],"build_version":"2019-01-23","purchased_purges":1,"victory":false,"max_hp_per_floor":[75,75,75,80,74,74,74,74,74,76,76,78,78,80,80,80],"card_choices":[{"not_picked":["Steam","Turbo"],"picked":"Genetic Algorithm","floor":1},{"not_picked":["Beam Cell","Loop","Undo"],"picked":"SKIP","floor":3},{"not_picked":["Fusion","Capacitor","Redo"],"picked":"SKIP","floor":7},{"not_picked":["Barrage","Tempest+1","Blizzard"],"picked":"Singing Bowl","floor":10},{"not_picked":["Go for the Eyes","Reprogram+1","Self Repair"],"picked":"Singing Bowl","floor":12},{"not_picked":["Doom and Gloom","Turbo+1","Gash"],"picked":"Singing Bowl","floor":14}],"player_experience":292397,"relics_obtained":[{"floor":7,"key":"Toxic Egg 2"},{"floor":9,"key":"Singing Bowl"}],"event_choices":[{"damage_healed":0,"gold_gain":0,"player_choice":"Donut","damage_taken":0,"max_hp_gain":5,"max_hp_loss":0,"event_name":"Big Fish","floor":4,"gold_loss":0},{"damage_healed":0,"gold_gain":0,"player_choice":"Lose Max HP","damage_taken":0,"relics_obtained":["Golden Idol"],"max_hp_gain":0,"max_hp_loss":6,"event_name":"Golden Idol","floor":5,"gold_loss":0},{"damage_healed":0,"gold_gain":0,"player_choice":"Ignored","damage_taken":0,"max_hp_gain":0,"max_hp_loss":0,"event_name":"Liars Game","floor":8,"gold_loss":0}],"is_beta":false,"boss_relics":[],"items_purged_floors":[2],"is_endless":false,"potions_floor_spawned":[1,12,14],"killed_by":"Slime Boss","ascension_level":0}