{"gold_per_floor":[116,116,128,53,66,66,13,13,13,13,13,13,26,39,39,141,141,141,141,141,141,141,141,141,141,141,141,41,41,41,41,41,41],"floor_reached":33,"playtime":589,"items_purged":["Defend_R","Defend_R"],"score":239,"play_id":"87307d3d-4ca6-406b-9e9a-ac7d7d2ec6b4","local_time":"20190418114103","is_ascension_mode":false,"campfire_choices":[{"data":"Flex","floor":6.0,"key":"SMITH"},{"data":"Flex","floor":8.0,"key":"SMITH"},{"data":"Strike_R","floor":10.0,"key":"SMITH"},{"data":"Whirlwind","floor":15.0,"key":"SMITH"},{"floor":23.0,"key":"REST"},{"floor":29.0,"key":"REST"},{"floor":32.0,"key":"REST"}],"neow_cost":"NONE","seed_source_timestamp":643717507041749,"circlet_count":0,"master_deck":["Strike_R","Strike_R+1","Strike_R+1","Strike_R+1","Strike_R","Defend_R","Bash+1","Flex+1","Flex+1","Whirlwind+1","Flex+1"],"special_seed":0,"relics":["Burning Blood","Sundial","Ectoplasm","Nloth\u0027s Gift"],"potions_floor_usage":[33,33],"damage_taken":[{"damage":11.0,"enemies":"2 Louse","floor":1.0,"turns":3.0},{"damage":6.0,"enemies":"Cultist","floor":3.0,"turns":3.0},{"damage":6.0,"enemies":"Jaw Worm","floor":5.0,"turns":2.0},{"damage":0.0,"enemies":"Large Slime","floor":13.0,"turns":2.0},{"damage":9.0,"enemies":"2 Fungi Beasts","floor":14.0,"turns":3.0},{"damage":59.0,"enemies":"Hexaghost","floor":16.0,"turns":6.0},{"damage":0.0,"enemies":"3 Byrds","floor":18.0,"turns":2.0},{"damage":22.0,"enemies":"Shell Parasite","floor":21.0,"turns":3.0},{"damage":11.0,"enemies":"3 Cultists","floor":22.0,"turns":4.0},{"damage":40.0,"enemies":"Shelled Parasite and Fungi","floor":24.0,"turns":3.0},{"damage":10.0,"enemies":"Chosen and Byrds","floor":25.0,"turns":4.0},{"damage":12.0,"enemies":"3 Cultists","floor":27.0,"turns":4.0},{"damage":30.0,"enemies":"Shelled Parasite and Fungi","floor":30.0,"turns":3.0},{"damage":90,"enemies":"Champ","floor":33,"turns":8}],"seed_played":"2517366265889064657","potions_obtained":[{"floor":1.0,"key":"Ancient Potion"},{"floor":3.0,"key":"GamblersBrew"},{"floor":14.0,"key":"Dexterity Potion"},{"floor":18.0,"key":"Fruit Juice"},{"floor":22.0,"key":"Dexterity Potion"},{"floor":24.0,"key":"SneckoOil"},{"floor":30.0,"key":"Regen Potion"}],"is_trial":false,"path_per_floor":["M","?","M","$","M","R","$","R","T","R","?","?","M","M","R","B",null,"M","?","?","M","M","R","M","M","T","M","$","R","M","?","R","B"],"character_chosen":"IRONCLAD","items_purchased":["Flex"],"campfire_rested":3,"item_purchase_floors":[7],"current_hp_per_floor":[75,75,75,75,75,75,75,75,75,75,75,75,80,77,77,24,80,80,80,72,56,56,81,47,43,43,37,37,62,38,38,63,0],"gold":41,"neow_bonus":"REMOVE_CARD","is_prod":false,"is_daily":false,"chose_seed":false,"campfire_upgraded":4,"win_rate":0,"timestamp":1555580463,"path_taken":["M","?","M","$","?","R","$","R","T","R","?","?","M","M","R","BOSS","M","?","?","?","M","R","M","M","T","M","$","R","M","?","R","BOSS"],"build_version":"2019-01-23","purchased_purges":2,"victory":false,"max_hp_per_floor":[80,80,80,80,80,80,80,80,80,80,80,80,80,80,80,80,80,80,80,80,80,85,85,85,85,85,85,85,85,85,85,85,85],"card_choices":[{"not_picked":["Rupture","Infernal Blade","Headbutt"],"picked":"SKIP","floor":1.0},{"not_picked":["Sentinel","Disarm"],"picked":"Flex","floor":3.0},{"not_picked":["Ghostly Armor","Anger","Intimidate"],"picked":"SKIP","floor":5.0},{"not_picked":["Pummel","Evolve"],"picked":"Whirlwind","floor":13.0},{"not_picked":["Body Slam","Shrug It Off","True Grit"],"picked":"SKIP","floor":14.0},{"not_picked":["Intimidate","Power Through","Clash"],"picked":"SKIP","floor":18.0},{"not_picked":["Armaments","Shrug It Off"],"picked":"Flex+1","floor":21.0},{"not_picked":["Anger+1","Sword Boomerang","Perfected Strike"],"picked":"SKIP","floor":22.0},{"not_picked":["Sword Boomerang+1","Clothesline+1","Rupture"],"picked":"SKIP","floor":24.0},{"not_picked":["Pommel Strike","Clash+1","Bludgeon"],"picked":"SKIP","floor":25.0},{"not_picked":["Armaments","Inflame+1","Sword Boomerang+1"],"picked":"SKIP","floor":27.0},{"not_picked":["Spot Weakness","Blood for Blood","Perfected Strike"],"picked":"SKIP","floor":30.0}],"player_experience":119310,"relics_obtained":[{"floor":9.0,"key":"Sundial"},{"floor":26.0,"key":"Whetstone"}],"event_choices":[{"damage_healed":0.0,"max_hp_gain":0.0,"max_hp_loss":0.0,"gold_gain":0.0,"event_name":"Upgrade Shrine","player_choice":"Upgraded","floor":2.0,"gold_loss":0.0,"damage_taken":0.0,"cards_upgraded":["Bash"]},{"damage_healed":0.0,"max_hp_gain":0.0,"max_hp_loss":0.0,"gold_gain":0.0,"event_name":"The Cleric","player_choice":"Leave","floor":11.0,"gold_loss":0.0,"damage_taken":0.0},{"damage_healed":0.0,"max_hp_gain":0.0,"max_hp_loss":0.0,"gold_gain":0.0,"event_name":"Liars Game","player_choice":"Ignored","floor":12.0,"gold_loss":0.0,"damage_taken":0.0},{"damage_healed":0.0,"max_hp_gain":0.0,"max_hp_loss":0.0,"gold_gain":99.0,"event_name":"Nest","player_choice":"Stole From Cult","floor":19.0,"gold_loss":0.0,"damage_taken":0.0},{"damage_healed":0.0,"max_hp_gain":0.0,"max_hp_loss":0.0,"gold_gain":0.0,"event_name":"Wheel of Change","player_choice":"Damaged","floor":20.0,"gold_loss":0.0,"damage_taken":8.0},{"damage_healed":0.0,"max_hp_gain":0.0,"max_hp_loss":0.0,"gold_gain":0.0,"event_name":"N\u0027loth","player_choice":"Traded Relic","floor":31.0,"relics_lost":["Whetstone"],"gold_loss":0.0,"damage_taken":0.0,"relics_obtained":["Nloth\u0027s Gift"]}],"is_beta":false,"boss_relics":[{"not_picked":["Astrolabe","Eternal Feather"],"picked":"Ectoplasm"}],"items_purged_floors":[4,28],"is_endless":false,"potions_floor_spawned":[1,3,14,18,22,24,30],"killed_by":"Champ","ascension_level":0}