{"gold_per_floor":[109,109,109,125,136,136,186,216,298,315,315],"floor_reached":11,"playtime":413,"items_purged":[],"score":139,"play_id":"18fa5471-3c60-4b6c-9c24-74d5eaf30dd7","local_time":"20190614103326","is_ascension_mode":true,"campfire_choices":[{"data":"Armaments","floor":6,"key":"SMITH"}],"neow_cost":"CURSE","seed_source_timestamp":2343359832383170,"circlet_count":0,"master_deck":["AscendersBane","Strike_R","Strike_R","Strike_R","Strike_R","Strike_R","Defend_R","Defend_R","Defend_R","Defend_R","Bash","Doubt","Armaments+1","Twin Strike","Anger","Flame Barrier"],"relics":["Burning Blood","Incense Burner","Bronze Scales","Dodecahedron","The Courier"],"potions_floor_usage":[8,10],"damage_taken":[{"damage":12,"enemies":"Cultist","floor":1,"turns":4},{"damage":0,"enemies":"Small Slimes","floor":4,"turns":4},{"damage":1,"enemies":"2 Louse","floor":5,"turns":3},{"damage":39,"enemies":"Lagavulin","floor":8,"turns":10},{"damage":0,"enemies":"Blue Slaver","floor":10,"turns":3},{"damage":44,"enemies":"Gremlin Nob","floor":11,"turns":4}],"seed_played":"-5074464248742988940","potions_obtained":[{"floor":4,"key":"SneckoOil"},{"floor":8,"key":"GamblersBrew"}],"is_trial":false,"path_per_floor":["M","?","?","M","M","R","?","E","T","M","E"],"character_chosen":"IRONCLAD","items_purchased":[],"campfire_rested":0,"item_purchase_floors":[],"current_hp_per_floor":[62,57,57,63,68,68,68,35,35,41,0],"gold":315,"neow_bonus":"ONE_RARE_RELIC","is_prod":false,"is_daily":false,"chose_seed":false,"campfire_upgraded":1,"win_rate":0,"timestamp":1560519206,"path_taken":["M","?","?","M","M","R","?","E","T","M","E"],"build_version":"2019-01-23","purchased_purges":0,"victory":false,"max_hp_per_floor":[75,75,75,75,75,75,75,75,75,75,75],"card_choices":[{"not_picked":["Perfected Strike","Bloodletting"],"picked":"Armaments","floor":1},{"not_picked":["Armaments","Flex"],"picked":"Twin Strike","floor":4},{"not_picked":["Warcry","Power Through","Twin Strike"],"picked":"SKIP","floor":5},{"not_picked":["Infernal Blade","Twin Strike"],"picked":"Anger","floor":8},{"not_picked":["Havoc","Cleave"],"picked":"Flame Barrier","floor":10}],"player_experience":1034013,"relics_obtained":[{"floor":8,"key":"Dodecahedron"},{"floor":9,"key":"The Courier"}],"event_choices":[{"damage_healed":0,"gold_gain":0,"player_choice":"Success","damage_taken":5,"relics_obtained":["Bronze Scales"],"max_hp_gain":0,"max_hp_loss":0,"event_name":"Scrap Ooze","floor":2,"gold_loss":0},{"damage_healed":0,"gold_gain":0,"player_choice":"Ignored","damage_taken":0,"max_hp_gain":0,"max_hp_loss":0,"event_name":"Golden Idol","floor":3,"gold_loss":0},{"damage_healed":0,"gold_gain":50,"player_choice":"Pray","damage_taken":0,"max_hp_gain":0,"max_hp_loss":0,"event_name":"Golden Shrine","floor":7,"gold_loss":0}],"is_beta":false,"boss_relics":[],"items_purged_floors":[],"is_endless":false,"potions_floor_spawned":[4,8],"killed_by":"Gremlin Nob","ascension_level":18}