{"gold_per_floor":[111,128,49,224,238,238,266,266,266,295,23,41,41,41,41,144,144,157,191,209,60,60,60,60,87,87,97,117,146,146],"floor_reached":30,"playtime":2118,"items_purged":["Doubt","Strike_R"],"score":326,"play_id":"4c3f6569-96f5-4f66-a270-70a31d00a621","local_time":"20190131221551","is_ascension_mode":false,"campfire_choices":[{"data":"Spot Weakness","floor":6.0,"key":"SMITH"},{"floor":15.0,"key":"REST"},{"floor":23,"key":"REST"}],"neow_cost":"NONE","seed_source_timestamp":0,"circlet_count":0,"master_deck":["Strike_R+1","Strike_R+1","Strike_R+1","Defend_R+1","Defend_R+1","Defend_R+1","Defend_R+1","Bash+1","Spot Weakness+1","Headbutt","Combust","Heavy Blade","Demon Form","Feed","Cleave","Pommel Strike","Offering","Shrug It Off","Thunderclap","Iron Wave","Evolve","True Grit+1","Power Through"],"special_seed":0,"relics":["Burning Blood","Thread and Needle","Orichalcum","Nunchaku","Regal Pillow","Bag of Marbles","Black Star","Red Mask","Enchiridion","Bottled Tornado","Bottled Flame","Paper Frog","Singing Bowl","Pantograph"],"potions_floor_usage":[25,28,29,29],"damage_taken":[{"damage":13.0,"enemies":"Jaw Worm","floor":1.0,"turns":3.0},{"damage":0.0,"enemies":"2 Louse","floor":2.0,"turns":3.0},{"damage":8.0,"enemies":"Small Slimes","floor":5.0,"turns":4.0},{"damage":31.0,"enemies":"Lagavulin","floor":7.0,"turns":6.0},{"damage":9.0,"enemies":"Gremlin Nob","floor":10.0,"turns":3.0},{"damage":0.0,"enemies":"3 Louse","floor":12.0,"turns":4.0},{"damage":16.0,"enemies":"Slime Boss","floor":16.0,"turns":6.0},{"damage":6.0,"enemies":"Chosen","floor":18.0,"turns":6.0},{"damage":65.0,"enemies":"Masked Bandits","floor":19.0,"turns":6.0},{"damage":18,"enemies":"Spheric Guardian","floor":20,"turns":4},{"damage":6,"enemies":"Book of Stabbing","floor":25,"turns":2},{"damage":11,"enemies":"Centurion and Healer","floor":27,"turns":4},{"damage":35,"enemies":"Cultist and Chosen","floor":28,"turns":5},{"damage":18,"enemies":"Gremlin Leader","floor":29,"turns":6},{"damage":16,"enemies":"Shelled Parasite and Fungi","floor":30,"turns":5}],"seed_played":"2209414246480192151","potions_obtained":[{"floor":1.0,"key":"PowerPotion"},{"floor":7.0,"key":"Strength Potion"},{"floor":16.0,"key":"Fire Potion"},{"floor":25,"key":"FearPotion"},{"floor":27,"key":"EssenceOfSteel"}],"is_trial":false,"path_per_floor":["M","M","$","?","M","R","E","?","T","E","$","M","?","$","R","B",null,"M","?","M","$","?","R","?","E","T","M","M","E","M"],"character_chosen":"IRONCLAD","items_purchased":["Combust","Bag of Marbles","Cleave","Energy Potion"],"campfire_rested":2,"item_purchase_floors":[3,11,11,21],"current_hp_per_floor":[73,79,79,79,77,77,52,45,45,42,42,51,44,44,83,73,83,86,30,21,21,21,63,47,47,47,45,19,10,0],"gold":146,"neow_bonus":"UPGRADE_CARD","is_prod":false,"is_daily":false,"chose_seed":false,"campfire_upgraded":1,"win_rate":0,"timestamp":1549001751,"path_taken":["M","M","$","?","M","R","E","?","T","E","?","M","?","$","R","BOSS","M","?","M","$","?","R","?","E","T","M","M","E","M"],"build_version":"2019-01-23","purchased_purges":2,"victory":false,"max_hp_per_floor":[80,80,80,80,80,80,80,80,80,80,80,83,83,83,83,83,83,86,89,92,92,92,92,92,92,92,95,98,101,101],"card_choices":[{"not_picked":["Clash","Armaments"],"picked":"Spot Weakness","floor":1.0},{"not_picked":["Shrug It Off","Armaments"],"picked":"Headbutt","floor":2.0},{"not_picked":["Bloodletting","Anger"],"picked":"Heavy Blade","floor":5.0},{"not_picked":["Uppercut","Intimidate"],"picked":"Demon Form","floor":7.0},{"not_picked":["Sword Boomerang","Power Through"],"picked":"Feed","floor":10.0},{"not_picked":["Twin Strike","Pummel"],"picked":"Pommel Strike","floor":12.0},{"not_picked":["Feed","Juggernaut"],"picked":"Offering","floor":16.0},{"not_picked":["Pommel Strike","Warcry"],"picked":"Shrug It Off","floor":18.0},{"not_picked":["Twin Strike","Warcry"],"picked":"Thunderclap","floor":19.0},{"not_picked":["Cleave","Sword Boomerang","Fire Breathing"],"picked":"SKIP","floor":20},{"not_picked":["Warcry","Flex"],"picked":"Iron Wave","floor":25},{"not_picked":["Armaments","Rage"],"picked":"Evolve","floor":27},{"not_picked":["Intimidate","Perfected Strike"],"picked":"True Grit+1","floor":28},{"not_picked":["Searing Blow","Dropkick"],"picked":"Power Through","floor":29}],"player_experience":514034,"relics_obtained":[{"floor":7.0,"key":"Thread and Needle"},{"floor":9.0,"key":"Nunchaku"},{"floor":10.0,"key":"Regal Pillow"},{"floor":19.0,"key":"Red Mask"},{"floor":24,"key":"Enchiridion"},{"floor":25,"key":"Bottled Tornado"},{"floor":25,"key":"Bottled Flame"},{"floor":26,"key":"Paper Frog"},{"floor":29,"key":"Singing Bowl"},{"floor":29,"key":"Pantograph"}],"event_choices":[{"damage_healed":0.0,"max_hp_gain":0.0,"max_hp_loss":0.0,"gold_gain":175.0,"event_name":"Liars Game","player_choice":"AGREE","floor":4.0,"gold_loss":0.0,"damage_taken":0.0,"cards_obtained":["Doubt"]},{"damage_healed":0.0,"max_hp_gain":0.0,"max_hp_loss":0.0,"gold_gain":0.0,"event_name":"Scrap Ooze","player_choice":"Success","floor":8.0,"gold_loss":0.0,"damage_taken":7.0,"relics_obtained":["Orichalcum"]},{"cards_removed":["Strike_R"],"damage_healed":0.0,"max_hp_gain":0.0,"max_hp_loss":0.0,"gold_gain":0.0,"event_name":"Golden Wing","player_choice":"Card Removal","floor":13.0,"gold_loss":0.0,"damage_taken":7.0},{"damage_healed":0.0,"max_hp_gain":0.0,"max_hp_loss":0.0,"gold_gain":0.0,"event_name":"Masked Bandits","player_choice":"Fought Bandits","floor":19.0,"gold_loss":0.0,"damage_taken":0.0},{"damage_healed":0,"gold_gain":0,"player_choice":"Simplicity","damage_taken":0,"max_hp_gain":0,"max_hp_loss":0,"event_name":"Back to Basics","floor":22,"gold_loss":0,"cards_upgraded":["Strike_R","Strike_R","Strike_R","Defend_R","Defend_R","Defend_R","Defend_R"]},{"damage_healed":0,"gold_gain":0,"player_choice":"Obtained Book","damage_taken":16,"max_hp_gain":0,"max_hp_loss":0,"event_name":"Cursed Tome","floor":24,"gold_loss":0}],"is_beta":false,"boss_relics":[{"not_picked":["Fusion Hammer","Runic Dome"],"picked":"Black Star"}],"items_purged_floors":[11,21],"is_endless":false,"potions_floor_spawned":[1,7,16,25,27],"killed_by":"Shelled Parasite and Fungi","ascension_level":0}