{"gold_per_floor":[115,115,127,52,72,72,72,82,82,82,82,107,107,127,127,256,256,271,271,271,196,210,210,110,126,152,167,191,205,80,80,80,209,209,224,224,349,199,532,602,351,351,351,351,203,203,220,230,230,230],"floor_reached":50,"playtime":1376,"items_purged":["Defend_R","Strike_R","Strike_R","Strike_R","Strike_R+1"],"score":480,"play_id":"de0b0d90-f388-490c-b120-3313d9c6d236","local_time":"20190422095645","is_ascension_mode":false,"campfire_choices":[{"data":"Shrug It Off","floor":6.0,"key":"SMITH"},{"data":"Bash","floor":13.0,"key":"SMITH"},{"data":"Clash","floor":15.0,"key":"SMITH"},{"data":"Strike_R","floor":23.0,"key":"SMITH"},{"data":"Strike_R","floor":32.0,"key":"SMITH"},{"data":"Dropkick","floor":46,"key":"SMITH"},{"floor":49,"key":"REST"}],"neow_cost":"NONE","seed_source_timestamp":982394105928121,"circlet_count":0,"master_deck":["Strike_R+1","Bash+1","Clash+1","Dropkick+1","Clothesline"],"special_seed":0,"relics":["Burning Blood","Nunchaku","Ornamental Fan","Busted Crown","MutagenicStrength","Bag of Marbles","Orrery","WingedGreaves","Matryoshka","Toxic Egg 2","Self Forming Clay","Pen Nib"],"potions_floor_usage":[33,33,50,50,50],"damage_taken":[{"damage":5.0,"enemies":"2 Louse","floor":1.0,"turns":3.0},{"damage":17.0,"enemies":"Small Slimes","floor":3.0,"turns":4.0},{"damage":5.0,"enemies":"Jaw Worm","floor":5.0,"turns":4.0},{"damage":1.0,"enemies":"3 Louse","floor":8.0,"turns":3.0},{"damage":2.0,"enemies":"Exordium Wildlife","floor":12.0,"turns":3.0},{"damage":13.0,"enemies":"Red Slaver","floor":14.0,"turns":2.0},{"damage":62.0,"enemies":"Slime Boss","floor":16.0,"turns":10.0},{"damage":8.0,"enemies":"3 Byrds","floor":18.0,"turns":4.0},{"damage":0.0,"enemies":"Shell Parasite","floor":22.0,"turns":2.0},{"damage":0.0,"enemies":"Cultist and Chosen","floor":25.0,"turns":3.0},{"damage":0.0,"enemies":"Shelled Parasite and Fungi","floor":27.0,"turns":2.0},{"damage":0.0,"enemies":"3 Cultists","floor":28.0,"turns":4.0},{"damage":0.0,"enemies":"Snake Plant","floor":29.0,"turns":1.0},{"damage":39,"enemies":"Automaton","floor":33,"turns":5},{"damage":17,"enemies":"3 Darklings","floor":35,"turns":5},{"damage":11,"enemies":"Mind Bloom Boss Battle","floor":37,"turns":4},{"damage":18,"enemies":"3 Shapes","floor":47,"turns":3},{"damage":0,"enemies":"Spire Growth","floor":48,"turns":2},{"damage":74,"enemies":"Donu and Deca","floor":50,"turns":6}],"seed_played":"686842177734418308","potions_obtained":[{"floor":0.0,"key":"BloodPotion"},{"floor":0.0,"key":"Weak Potion"},{"floor":0.0,"key":"SpeedPotion"},{"floor":12.0,"key":"FearPotion"},{"floor":16.0,"key":"SpeedPotion"},{"floor":25.0,"key":"SneckoOil"},{"floor":27.0,"key":"PowerPotion"},{"floor":37,"key":"SkillPotion"},{"floor":48,"key":"Block Potion"}],"is_trial":false,"path_per_floor":["M","?","M","$","M","R","?","M","T","?","?","M","R","M","R","B",null,"M","?","?","?","M","R","$","M","T","M","M","M","$","$","R","B",null,"M","?","?","$","?","T","$","?","T","?","$","R","M","M","R","B"],"character_chosen":"IRONCLAD","items_purchased":["Dropkick","Pen Nib"],"campfire_rested":1,"item_purchase_floors":[41,45],"current_hp_per_floor":[80,73,70,70,71,71,64,69,69,69,69,73,73,66,66,10,74,72,72,72,72,74,74,74,74,74,74,74,74,74,74,74,41,74,63,63,58,58,58,58,58,58,58,58,58,58,46,52,74,0],"gold":230,"neow_bonus":"THREE_SMALL_POTIONS","is_prod":false,"is_daily":false,"chose_seed":false,"campfire_upgraded":6,"win_rate":0,"timestamp":1555919805,"path_taken":["M","?","M","$","M","R","?","M","T","?","?","M","R","M","R","BOSS","M","?","?","?","M","R","$","M","T","M","?","M","?","$","R","BOSS","M","?","?","$","?","?","$","?","T","?","$","R","?","M","R","BOSS"],"build_version":"2019-01-23","purchased_purges":5,"victory":false,"max_hp_per_floor":[80,80,80,80,80,80,80,80,80,74,74,74,74,74,74,74,74,74,74,74,74,74,74,74,74,74,74,74,74,74,74,74,74,74,74,74,74,74,74,74,74,74,74,74,74,74,74,74,74,74],"card_choices":[{"not_picked":["Carnage","Cleave","Rupture"],"picked":"SKIP","floor":1.0},{"not_picked":["Ghostly Armor","Dropkick"],"picked":"Shrug It Off","floor":3.0},{"not_picked":["Seeing Red","Battle Trance"],"picked":"Clash","floor":5.0},{"not_picked":["Hemokinesis","Bloodletting","Sever Soul"],"picked":"SKIP","floor":8.0},{"not_picked":["Body Slam","Twin Strike","Headbutt"],"picked":"SKIP","floor":12.0},{"not_picked":["Flex","Shrug It Off","Perfected Strike"],"picked":"SKIP","floor":14.0},{"not_picked":["Second Wind"],"picked":"SKIP","floor":18.0},{"not_picked":["Armaments"],"picked":"SKIP","floor":22.0},{"not_picked":["Ghostly Armor"],"picked":"SKIP","floor":25.0},{"not_picked":["Flex"],"picked":"SKIP","floor":27.0},{"not_picked":["Inflame+1"],"picked":"SKIP","floor":28.0},{"not_picked":["Anger"],"picked":"SKIP","floor":29.0},{"not_picked":["Seeing Red"],"picked":"SKIP","floor":35},{"not_picked":["Iron Wave+1"],"picked":"SKIP","floor":47},{"not_picked":[],"picked":"Clothesline","floor":48}],"player_experience":140607,"relics_obtained":[{"floor":9.0,"key":"Ornamental Fan"},{"floor":26.0,"key":"Bag of Marbles"},{"floor":37,"key":"WingedGreaves"},{"floor":40,"key":"Matryoshka"},{"floor":43,"key":"Toxic Egg 2"},{"floor":43,"key":"Self Forming Clay"}],"event_choices":[{"cards_removed":["Defend_R"],"damage_healed":0.0,"max_hp_gain":0.0,"max_hp_loss":0.0,"gold_gain":0.0,"event_name":"Golden Wing","player_choice":"Card Removal","floor":2.0,"gold_loss":0.0,"damage_taken":7.0},{"damage_healed":0.0,"max_hp_gain":0.0,"max_hp_loss":0.0,"gold_gain":0.0,"event_name":"Scrap Ooze","player_choice":"Success","floor":7.0,"gold_loss":0.0,"damage_taken":7.0,"relics_obtained":["Nunchaku"]},{"damage_healed":0.0,"max_hp_gain":0.0,"max_hp_loss":6.0,"gold_gain":0.0,"event_name":"Golden Idol","player_choice":"Lose Max HP","floor":10.0,"gold_loss":0.0,"damage_taken":0.0,"relics_obtained":["Golden Idol"]},{"cards_removed":["Defend_R"],"damage_healed":0.0,"max_hp_gain":0.0,"max_hp_loss":0.0,"gold_gain":0.0,"event_name":"Living Wall","player_choice":"Forget","floor":11.0,"gold_loss":0.0,"damage_taken":0.0},{"damage_healed":0.0,"max_hp_gain":0.0,"max_hp_loss":0.0,"gold_gain":0.0,"event_name":"Drug Dealer","player_choice":"Inject Mutagens","floor":19.0,"gold_loss":0.0,"damage_taken":0.0,"relics_obtained":["MutagenicStrength"]},{"damage_healed":0.0,"max_hp_gain":0.0,"max_hp_loss":0.0,"gold_gain":0.0,"event_name":"Vampires","player_choice":"Ignored","floor":20.0,"gold_loss":0.0,"damage_taken":0.0},{"cards_removed":["Defend_R"],"damage_healed":0.0,"max_hp_gain":0.0,"max_hp_loss":0.0,"gold_gain":0.0,"event_name":"Beggar","player_choice":"Gave Gold","floor":21.0,"gold_loss":75.0,"damage_taken":0.0},{"damage_healed":0,"gold_gain":0,"player_choice":"Memory 1","damage_taken":0,"max_hp_gain":0,"max_hp_loss":0,"event_name":"SensoryStone","floor":36,"gold_loss":0},{"damage_healed":0,"gold_gain":0,"player_choice":"Fight","damage_taken":0,"max_hp_gain":0,"max_hp_loss":0,"event_name":"MindBloom","floor":37,"gold_loss":0},{"damage_healed":0,"gold_gain":333,"player_choice":"Gave Idol","damage_taken":0,"max_hp_gain":0,"max_hp_loss":0,"event_name":"The Moai Head","floor":39,"relics_lost":["Golden Idol"],"gold_loss":0},{"cards_removed":["Shrug It Off"],"damage_healed":0,"gold_gain":0,"player_choice":"Removed Skill","damage_taken":0,"max_hp_gain":0,"max_hp_loss":0,"event_name":"Falling","floor":42,"gold_loss":0},{"damage_healed":0,"gold_gain":0,"player_choice":"Ignored","damage_taken":0,"max_hp_gain":0,"max_hp_loss":0,"event_name":"Mysterious Sphere","floor":44,"gold_loss":0}],"is_beta":false,"boss_relics":[{"not_picked":["Black Blood","Eternal Feather"],"picked":"Busted Crown"},{"not_picked":["Tiny House","Black Star"],"picked":"Orrery"}],"items_purged_floors":[4,24,30,38,41],"is_endless":false,"potions_floor_spawned":[1,8,12,16,25,27,37,48],"killed_by":"Donu and Deca","ascension_level":0}