{"gold_per_floor":[359,376,386,236,252,252,4,4,27,27,202,77,87,113,113,211,211,230,242,242,254,281,281,300,300,323,114,114,65,65,164,164,262,262,276,70,81,95,109,144,144,154,177,203,215,77,77,89,89,89,89,89,17,48,48],"floor_reached":55,"playtime":2863,"items_purged":["Normality","Strike_G","Doubt","Strike_G+1"],"score":697,"play_id":"880330a8-bcdf-42be-ad49-5d862d7cc3ce","local_time":"20190609202925","is_ascension_mode":false,"campfire_choices":[{"data":"Noxious Fumes","floor":6.0,"key":"SMITH"},{"data":"Bouncing Flask","floor":10.0,"key":"SMITH"},{"floor":15.0,"key":"REST"},{"floor":23.0,"key":"REST"},{"data":"Noxious Fumes","floor":25.0,"key":"SMITH"},{"data":"Backflip","floor":28.0,"key":"SMITH"},{"floor":30.0,"key":"REST"},{"data":"Outmaneuver","floor":32.0,"key":"SMITH"},{"floor":41.0,"key":"REST"},{"data":"Neutralize","floor":45.0,"key":"SMITH"},{"floor":47.0,"key":"RECALL"},{"floor":49.0,"key":"REST"},{"floor":52.0,"key":"REST"}],"neow_cost":"CURSE","seed_source_timestamp":2125396863221393,"circlet_count":0,"master_deck":["Defend_G+1","Defend_G+1","Defend_G+1","Defend_G+1","Defend_G+1","Strike_G+1","Survivor+1","Neutralize+1","Noxious Fumes+1","Bouncing Flask+1","Backflip+1","Noxious Fumes+1","Outmaneuver+1","Catalyst+1","Deadly Poison+1","Well Laid Plans+1","PiercingWail+1"],"special_seed":0,"relics":["Ring of the Serpent","Blood Vial","War Paint","Art of War","Empty Cage","Red Mask","Toy Ornithopter","MealTicket","Omamori","MawBank","Thread and Needle"],"potions_floor_usage":[55,55,55,55,55],"damage_taken":[{"damage":6.0,"enemies":"2 Louse","floor":1.0,"turns":3.0},{"damage":0.0,"enemies":"Small Slimes","floor":2.0,"turns":4.0},{"damage":2.0,"enemies":"Jaw Worm","floor":3.0,"turns":6.0},{"damage":5.0,"enemies":"Looter","floor":5.0,"turns":4.0},{"damage":17.0,"enemies":"Large Slime","floor":13.0,"turns":6.0},{"damage":10.0,"enemies":"3 Sentries","floor":14.0,"turns":7.0},{"damage":29.0,"enemies":"Slime Boss","floor":16.0,"turns":9.0},{"damage":3.0,"enemies":"Shell Parasite","floor":18.0,"turns":7.0},{"damage":26.0,"enemies":"2 Thieves","floor":19.0,"turns":5.0},{"damage":8.0,"enemies":"Cultist and Chosen","floor":21.0,"turns":6.0},{"damage":19.0,"enemies":"Masked Bandits","floor":22.0,"turns":6.0},{"damage":7.0,"enemies":"Snecko","floor":24.0,"turns":6.0},{"damage":43.0,"enemies":"Champ","floor":33.0,"turns":12.0},{"damage":29.0,"enemies":"3 Darklings","floor":35.0,"turns":5.0},{"damage":2.0,"enemies":"Orb Walker","floor":37.0,"turns":4.0},{"damage":2.0,"enemies":"Jaw Worm Horde","floor":38.0,"turns":6.0},{"damage":0.0,"enemies":"Writhing Mass","floor":39.0,"turns":5.0},{"damage":4.0,"enemies":"Nemesis","floor":40.0,"turns":5.0},{"damage":8.0,"enemies":"Transient","floor":42.0,"turns":5.0},{"damage":0.0,"enemies":"Maw","floor":44.0,"turns":6.0},{"damage":41.0,"enemies":"Spire Growth","floor":48.0,"turns":4.0},{"damage":17.0,"enemies":"Donu and Deca","floor":50.0,"turns":10.0},{"damage":51.0,"enemies":"Shield and Spear","floor":54.0,"turns":8.0},{"damage":73,"enemies":"The Heart","floor":55,"turns":6}],"seed_played":"-6232737732398505346","potions_obtained":[{"floor":1.0,"key":"SteroidPotion"},{"floor":3.0,"key":"Dexterity Potion"},{"floor":19.0,"key":"Dexterity Potion"},{"floor":24.0,"key":"Explosive Potion"},{"floor":33.0,"key":"GamblersBrew"},{"floor":35.0,"key":"SkillPotion"},{"floor":39.0,"key":"EntropicBrew"},{"floor":48.0,"key":"Weak Potion"}],"is_trial":false,"path_per_floor":["M","M","M","$","M","R","$","?","T","R","?","$","M","E","R","B",null,"M","M","?","M","?","R","M","R","T","$","R","$","R","?","R","B",null,"M","$","M","M","M","E","R","M","T","M","R","$","R","M","R","B",null,"R","$","E","B"],"character_chosen":"THE_SILENT","items_purchased":["Bouncing Flask","Blood Vial","Toy Ornithopter","Outmaneuver","MealTicket","Regen Potion"],"campfire_rested":6,"item_purchase_floors":[4,7,27,29,36,53],"current_hp_per_floor":[64,64,62,62,57,57,57,62,62,62,62,62,47,39,61,34,75,72,48,48,42,25,47,42,42,42,42,42,42,64,64,64,23,75,51,51,51,51,53,56,75,67,67,69,69,75,75,34,56,46,75,75,75,29,0],"gold":48,"neow_bonus":"TWO_FIFTY_GOLD","is_prod":false,"is_daily":false,"chose_seed":false,"campfire_upgraded":6,"win_rate":0,"timestamp":1560104965,"path_taken":["M","M","M","$","M","R","$","?","T","R","?","$","M","E","R","BOSS","M","M","?","M","?","R","M","R","T","$","R","$","R","?","R","BOSS","M","$","M","M","M","E","R","M","T","M","R","$","R","M","R","BOSS","R","$","E","BOSS"],"build_version":"2019-01-23","purchased_purges":4,"victory":false,"max_hp_per_floor":[70,70,70,70,70,70,70,75,75,75,75,75,75,75,75,75,75,75,75,75,75,75,75,75,75,75,75,75,75,75,75,75,75,75,75,75,75,75,75,75,75,75,75,75,75,75,75,75,75,75,75,75,75,75,75],"card_choices":[{"not_picked":["Dash","Deadly Poison"],"picked":"Noxious Fumes","floor":1.0},{"not_picked":["Acrobatics","Choke","Crippling Poison"],"picked":"SKIP","floor":2.0},{"not_picked":["Cloak And Dagger","Terror","Escape Plan"],"picked":"SKIP","floor":3.0},{"not_picked":["Calculated Gamble","Bane","Dagger Throw"],"picked":"SKIP","floor":5.0},{"not_picked":["Dagger Spray","Acrobatics"],"picked":"Backflip","floor":13.0},{"not_picked":["Infinite Blades","Calculated Gamble"],"picked":"Noxious Fumes","floor":14.0},{"not_picked":["Prepared","Dagger Throw","Quick Slash"],"picked":"SKIP","floor":18.0},{"not_picked":["Dagger Spray+1","Poisoned Stab","Distraction"],"picked":"SKIP","floor":19.0},{"not_picked":["Backflip","Calculated Gamble","Choke"],"picked":"SKIP","floor":21.0},{"not_picked":["Blade Dance","Escape Plan+1","Choke"],"picked":"SKIP","floor":24.0},{"not_picked":["Well Laid Plans","Deadly Poison+1"],"picked":"Catalyst+1","floor":35.0},{"not_picked":["Outmaneuver+1","Finisher+1","Prepared"],"picked":"SKIP","floor":37.0},{"not_picked":["Dodge and Roll","Phantasmal Killer","Concentrate"],"picked":"SKIP","floor":38.0},{"not_picked":["Footwork","Sucker Punch"],"picked":"Deadly Poison+1","floor":39.0},{"not_picked":["Terror+1","Blade Dance+1","Corpse Explosion"],"picked":"SKIP","floor":40.0},{"not_picked":["Choke","Dagger Throw+1"],"picked":"Well Laid Plans+1","floor":42.0},{"not_picked":["Endless Agony+1","Outmaneuver+1","Dagger Spray"],"picked":"SKIP","floor":44.0},{"not_picked":["Slice","Finisher+1"],"picked":"PiercingWail+1","floor":48.0},{"not_picked":["Bane","Dodge and Roll","Dagger Throw+1"],"picked":"SKIP","floor":54.0}],"player_experience":248304,"relics_obtained":[{"floor":9.0,"key":"War Paint"},{"floor":14.0,"key":"Art of War"},{"floor":22.0,"key":"Red Mask"},{"floor":40.0,"key":"Omamori"},{"floor":43.0,"key":"MawBank"},{"floor":54.0,"key":"Thread and Needle"}],"event_choices":[{"damage_healed":0.0,"max_hp_gain":5.0,"max_hp_loss":0.0,"gold_gain":0.0,"event_name":"Big Fish","player_choice":"Donut","floor":8.0,"gold_loss":0.0,"damage_taken":0.0},{"damage_healed":0.0,"max_hp_gain":0.0,"max_hp_loss":0.0,"gold_gain":175.0,"event_name":"Liars Game","player_choice":"AGREE","floor":11.0,"gold_loss":0.0,"damage_taken":0.0,"cards_obtained":["Doubt"]},{"damage_healed":0.0,"max_hp_gain":0.0,"max_hp_loss":0.0,"gold_gain":0.0,"event_name":"Back to Basics","player_choice":"Simplicity","floor":20.0,"gold_loss":0.0,"damage_taken":0.0,"cards_upgraded":["Defend_G","Defend_G","Defend_G","Defend_G","Strike_G","Strike_G"]},{"damage_healed":0.0,"max_hp_gain":0.0,"max_hp_loss":0.0,"gold_gain":0.0,"event_name":"Masked Bandits","player_choice":"Fought Bandits","floor":22.0,"gold_loss":0.0,"damage_taken":0.0},{"damage_healed":0.0,"max_hp_gain":0.0,"max_hp_loss":0.0,"gold_gain":99.0,"event_name":"Nest","player_choice":"Stole From Cult","floor":31.0,"gold_loss":0.0,"damage_taken":0.0}],"is_beta":false,"boss_relics":[{"not_picked":["Pandora\u0027s Box","Coffee Dripper"],"picked":"Empty Cage"},{"not_picked":["Tiny House","Calling Bell"],"picked":"Ring of the Serpent"}],"items_purged_floors":[4,7,12,46],"is_endless":false,"potions_floor_spawned":[1,3,19,24,33,35,39,48],"killed_by":"The Heart","ascension_level":0}