{"gold_per_floor":[117,292,312,329,176,204,216,249,249,261,279,279,289,318,318,419,419,437,437,455,455,466,466,523,539,591,368,396,318,318,332,332,429,429,445,445,495,511,386,386,416,7,33,44,44,62,62,90,90,90],"floor_reached":51,"playtime":3871,"items_purged":["Doubt","Strike_R","Defend_R","Strike_R"],"score":965,"play_id":"981b52cd-0907-479f-acf4-1da80451c075","local_time":"20190314222628","is_ascension_mode":true,"campfire_choices":[{"floor":15.0,"key":"DIG"},{"floor":23.0,"key":"DIG"},{"floor":32.0,"key":"DIG"},{"floor":40,"key":"DIG"},{"floor":45,"key":"DIG"},{"floor":47,"key":"DIG"},{"floor":49,"key":"DIG"}],"neow_cost":"NONE","seed_source_timestamp":0,"circlet_count":0,"master_deck":["Strike_R","Defend_R+1","Defend_R+1","Defend_R","Bash","Anger","Shrug It Off","Clothesline","Metallicize","Inflame","Heavy Blade","Warcry","Armaments","Second Wind","Barricade","Wild Strike+1","Thunderclap+1","Bludgeon","Double Tap","True Grit+1","Iron Wave","Pommel Strike+1","Power Through","Metallicize","Iron Wave+1","Juggernaut","Combust+1","Enlightenment","Uppercut+1","Evolve","Dropkick","Iron Wave+1"],"special_seed":0,"relics":["Burning Blood","PreservedInsect","War Paint","Mercury Hourglass","Ginger","Shovel","Omamori","Fusion Hammer","Art of War","Tiny Chest","Blood Vial","Bird Faced Urn","Bag of Preparation","Mango","White Beast Statue","Thread and Needle","Torii","Gremlin Horn","Bronze Scales","Anchor","Strawberry","Pear","Happy Flower","Ornamental Fan"],"potions_floor_usage":[37,41,41,50,50,50],"damage_taken":[{"damage":6.0,"enemies":"Cultist","floor":1.0,"turns":4.0},{"damage":0.0,"enemies":"2 Louse","floor":3.0,"turns":3.0},{"damage":11.0,"enemies":"Small Slimes","floor":4.0,"turns":4.0},{"damage":16.0,"enemies":"Lagavulin","floor":6.0,"turns":5.0},{"damage":0.0,"enemies":"3 Louse","floor":7.0,"turns":5.0},{"damage":9.0,"enemies":"3 Sentries","floor":8.0,"turns":5.0},{"damage":26.0,"enemies":"Exordium Thugs","floor":10.0,"turns":4.0},{"damage":8.0,"enemies":"Exordium Wildlife","floor":11.0,"turns":4.0},{"damage":0.0,"enemies":"Lots of Slimes","floor":13.0,"turns":3.0},{"damage":9.0,"enemies":"Gremlin Nob","floor":14.0,"turns":3.0},{"damage":27.0,"enemies":"Hexaghost","floor":16.0,"turns":9.0},{"damage":16.0,"enemies":"Spheric Guardian","floor":18.0,"turns":4.0},{"damage":1.0,"enemies":"Chosen","floor":20.0,"turns":7.0},{"damage":25.0,"enemies":"Centurion and Healer","floor":22.0,"turns":6.0},{"damage":0.0,"enemies":"Slavers","floor":24.0,"turns":3.0},{"damage":9.0,"enemies":"Snake Plant","floor":25.0,"turns":4.0},{"damage":11.0,"enemies":"Book of Stabbing","floor":28.0,"turns":4.0},{"damage":10.0,"enemies":"Shelled Parasite and Fungi","floor":31.0,"turns":6.0},{"damage":64.0,"enemies":"Collector","floor":33.0,"turns":8.0},{"damage":21,"enemies":"3 Shapes","floor":35,"turns":5},{"damage":25,"enemies":"2 Orb Walkers","floor":37,"turns":4},{"damage":25,"enemies":"3 Darklings","floor":38,"turns":5},{"damage":36,"enemies":"Giant Head","floor":41,"turns":7},{"damage":3,"enemies":"4 Shapes","floor":44,"turns":3},{"damage":2,"enemies":"Sphere and 2 Shapes","floor":46,"turns":3},{"damage":28,"enemies":"Reptomancer","floor":48,"turns":5},{"damage":33,"enemies":"Time Eater","floor":50,"turns":9}],"seed_played":"-3485516575049674298","potions_obtained":[{"floor":3.0,"key":"Poison Potion"},{"floor":4.0,"key":"Block Potion"},{"floor":6.0,"key":"Explosive Potion"},{"floor":8.0,"key":"Swift Potion"},{"floor":10.0,"key":"SkillPotion"},{"floor":14.0,"key":"AttackPotion"},{"floor":20.0,"key":"SkillPotion"},{"floor":25.0,"key":"EssenceOfSteel"},{"floor":28.0,"key":"Fruit Juice"},{"floor":31.0,"key":"FearPotion"},{"floor":35,"key":"BloodPotion"},{"floor":37,"key":"Block Potion"},{"floor":38,"key":"Energy Potion"},{"floor":41,"key":"PowerPotion"},{"floor":44,"key":"AttackPotion"},{"floor":48,"key":"Weak Potion"}],"is_trial":false,"path_per_floor":["M","?","M","M","$","E","M","E","T","M","M","?","M","E","R","B",null,"M","?","M","?","M","R","E","M","T","$","E","$","?","M","R","B",null,"M","?","?","M","$","R","E","$","T","M","R","M","R","E","R","B",null],"character_chosen":"IRONCLAD","items_purchased":["Metallicize","SteroidPotion","Power Through","Metallicize","Evolve","Dropkick","Bronze Scales"],"campfire_rested":0,"item_purchase_floors":[5,27,27,29,42,42,42],"current_hp_per_floor":[80,80,80,75,75,65,71,68,68,48,46,72,78,75,75,54,80,70,70,75,75,56,56,62,59,59,59,56,56,56,63,77,27,99,90,90,86,79,79,79,63,63,63,76,83,99,109,97,97,86],"gold":90,"neow_bonus":"RANDOM_COMMON_RELIC","is_prod":false,"is_daily":false,"chose_seed":false,"campfire_upgraded":0,"win_rate":0,"timestamp":1552627588,"path_taken":["M","?","M","M","$","E","M","E","T","M","M","?","M","E","R","BOSS","M","?","M","?","M","R","E","M","T","$","E","$","?","M","R","BOSS","M","?","?","M","$","R","E","$","T","M","R","M","R","E","R","BOSS"],"build_version":"2019-01-23","purchased_purges":4,"victory":true,"max_hp_per_floor":[80,80,80,80,80,80,80,80,80,80,80,80,80,80,80,80,80,80,80,80,80,80,80,80,80,80,80,80,80,80,85,99,99,99,99,99,99,99,99,99,99,99,99,99,106,106,116,116,116,116],"card_choices":[{"not_picked":["Wild Strike","Bloodletting"],"picked":"Anger","floor":1.0},{"not_picked":["Cleave","Thunderclap"],"picked":"Shrug It Off","floor":3.0},{"not_picked":["Burning Pact","Shrug It Off"],"picked":"Clothesline","floor":4.0},{"not_picked":["Shockwave","Anger"],"picked":"Inflame","floor":6.0},{"not_picked":["Anger","Twin Strike"],"picked":"Heavy Blade","floor":7.0},{"not_picked":["Infernal Blade","Heavy Blade","Anger"],"picked":"SKIP","floor":8.0},{"not_picked":["Pommel Strike","Clash"],"picked":"Warcry","floor":10.0},{"not_picked":["Anger","Heavy Blade","Dropkick"],"picked":"SKIP","floor":11.0},{"not_picked":["Clash","Heavy Blade"],"picked":"Armaments","floor":13.0},{"not_picked":["Rupture","Thunderclap"],"picked":"Second Wind","floor":14.0},{"not_picked":["Immolate","Berserk"],"picked":"Barricade","floor":16.0},{"not_picked":["True Grit","Perfected Strike+1"],"picked":"Wild Strike+1","floor":18.0},{"not_picked":["Cleave","Corruption"],"picked":"Thunderclap+1","floor":20.0},{"not_picked":["Thunderclap","Rupture"],"picked":"True Grit+1","floor":22.0},{"not_picked":["Wild Strike+1","Headbutt"],"picked":"Iron Wave","floor":24.0},{"not_picked":["Pummel","Exhume"],"picked":"Pommel Strike+1","floor":25.0},{"not_picked":["Shrug It Off","Whirlwind","Perfected Strike"],"picked":"SKIP","floor":28.0},{"not_picked":["Sword Boomerang","Clothesline"],"picked":"Iron Wave+1","floor":31.0},{"not_picked":["Brutality","Fiend Fire"],"picked":"Juggernaut","floor":33.0},{"not_picked":["Perfected Strike","Fire Breathing"],"picked":"Combust+1","floor":35},{"not_picked":["Discovery","Madness"],"picked":"Enlightenment","floor":36},{"not_picked":["Cleave","True Grit","Infernal Blade"],"picked":"SKIP","floor":38},{"not_picked":["Carnage","Body Slam"],"picked":"Uppercut+1","floor":41},{"not_picked":["Clothesline","Reckless Charge","True Grit"],"picked":"SKIP","floor":44},{"not_picked":["Warcry+1","Pommel Strike+1"],"picked":"Iron Wave+1","floor":46},{"not_picked":["Heavy Blade","Clothesline+1","Warcry+1"],"picked":"SKIP","floor":48}],"player_experience":607888,"relics_obtained":[{"floor":6.0,"key":"War Paint"},{"floor":8.0,"key":"Mercury Hourglass"},{"floor":9.0,"key":"Ginger"},{"floor":14.0,"key":"Shovel"},{"floor":15.0,"key":"Omamori"},{"floor":23.0,"key":"Art of War"},{"floor":24.0,"key":"Tiny Chest"},{"floor":26.0,"key":"Blood Vial"},{"floor":28.0,"key":"Bird Faced Urn"},{"floor":32.0,"key":"Mango"},{"floor":37,"key":"Thread and Needle"},{"floor":40,"key":"Torii"},{"floor":41,"key":"Gremlin Horn"},{"floor":43,"key":"Anchor"},{"floor":45,"key":"Strawberry"},{"floor":47,"key":"Pear"},{"floor":48,"key":"Happy Flower"},{"floor":49,"key":"Ornamental Fan"}],"event_choices":[{"damage_healed":0.0,"max_hp_gain":0.0,"max_hp_loss":0.0,"gold_gain":175.0,"event_name":"Liars Game","player_choice":"AGREE","floor":2.0,"gold_loss":0.0,"damage_taken":0.0,"cards_obtained":["Doubt"]},{"damage_healed":26.0,"max_hp_gain":0.0,"max_hp_loss":0.0,"gold_gain":0.0,"event_name":"Big Fish","player_choice":"Banana","floor":12.0,"gold_loss":0.0,"damage_taken":0.0},{"damage_healed":0.0,"max_hp_gain":0.0,"max_hp_loss":0.0,"gold_gain":0.0,"event_name":"Vampires","player_choice":"Ignored","floor":19.0,"gold_loss":0.0,"damage_taken":0.0},{"damage_healed":0.0,"max_hp_gain":0.0,"max_hp_loss":0.0,"gold_gain":0.0,"cards_transformed":["Strike_R","Strike_R"],"event_name":"Drug Dealer","player_choice":"Became Test Subject","floor":21.0,"gold_loss":0.0,"damage_taken":0.0,"cards_obtained":["Bludgeon","Double Tap"]},{"damage_healed":0.0,"max_hp_gain":0.0,"max_hp_loss":0.0,"gold_gain":0.0,"event_name":"The Mausoleum","player_choice":"Opened","floor":30.0,"gold_loss":0.0,"damage_taken":0.0,"relics_obtained":["Bag of Preparation"]},{"damage_healed":0,"gold_gain":0,"player_choice":"Memory 1","damage_taken":0,"max_hp_gain":0,"max_hp_loss":0,"event_name":"SensoryStone","floor":36,"gold_loss":0},{"damage_healed":0,"gold_gain":0,"player_choice":"Fight","damage_taken":0,"max_hp_gain":0,"max_hp_loss":0,"event_name":"Mysterious Sphere","floor":37,"gold_loss":0}],"is_beta":false,"boss_relics":[{"not_picked":["Runic Cube","Coffee Dripper"],"picked":"Fusion Hammer"},{"not_picked":["Mark of Pain","Pandora\u0027s Box"],"picked":"White Beast Statue"}],"items_purged_floors":[5,27,39,42],"is_endless":false,"potions_floor_spawned":[3,4,6,8,10,14,20,25,28,31,35,37,38,41,44,46,48],"ascension_level":4}