{"gold_per_floor":[362,362,29,49,69,94,94,108,108,108,183,183,208,227,227,300,300,311,65,65,10,27,27],"floor_reached":23,"playtime":1156,"items_purged":[],"score":398,"play_id":"e184ecf5-2efb-42cd-9e02-40c3ff8c49db","local_time":"20190622092442","is_ascension_mode":true,"campfire_choices":[{"data":"Loop","floor":7.0,"key":"SMITH"},{"data":"Zap","floor":10.0,"key":"SMITH"},{"floor":12.0,"key":"REST"},{"data":"Go for the Eyes","floor":15.0,"key":"SMITH"}],"neow_cost":"PERCENT_DAMAGE","seed_source_timestamp":247166622514248,"circlet_count":0,"master_deck":["AscendersBane","Strike_B","Strike_B","Strike_B","Defend_B","Defend_B","Defend_B","Defend_B","Zap+1","Dualcast","Consume","Conserve Battery","Go for the Eyes+1","Ball Lightning","Loop+1","White Noise","Self Repair+1","Creative AI+1","Coolheaded","Machine Learning+1","Glacier","Loop+1","RitualDagger","Glacier"],"special_seed":0,"relics":["Cracked Core","Lee\u0027s Waffle","Bag of Preparation","Frozen Egg 2","Prayer Wheel","Nuclear Battery","Happy Flower","Pen Nib"],"potions_floor_usage":[],"damage_taken":[{"damage":9.0,"enemies":"Jaw Worm","floor":1.0,"turns":4.0},{"damage":0.0,"enemies":"Small Slimes","floor":4.0,"turns":4.0},{"damage":0.0,"enemies":"Cultist","floor":5.0,"turns":3.0},{"damage":13.0,"enemies":"Lagavulin","floor":6.0,"turns":7.0},{"damage":18.0,"enemies":"Exordium Wildlife","floor":8.0,"turns":4.0},{"damage":14.0,"enemies":"Gremlin Nob","floor":13.0,"turns":4.0},{"damage":26.0,"enemies":"Lots of Slimes","floor":14.0,"turns":3.0},{"damage":22.0,"enemies":"The Guardian","floor":16.0,"turns":8.0},{"damage":8.0,"enemies":"Chosen","floor":18.0,"turns":5.0},{"damage":12.0,"enemies":"3 Byrds","floor":22.0,"turns":5.0},{"damage":60,"enemies":"Gremlin Leader","floor":23,"turns":6}],"seed_played":"4721203138340175939","potions_obtained":[{"floor":1.0,"key":"Weak Potion"},{"floor":8.0,"key":"GamblersBrew"},{"floor":14.0,"key":"Dexterity Potion"},{"floor":18.0,"key":"Block Potion"}],"is_trial":false,"path_per_floor":["M","?","$","M","M","E","R","M","T","R","?","R","E","M","R","B",null,"M","$","?","?","M","E"],"character_chosen":"DEFECT","items_purchased":["Lee\u0027s Waffle","Conserve Battery","Go for the Eyes","Loop+1","Happy Flower"],"campfire_rested":1,"item_purchase_floors":[3,3,3,19,19],"current_hp_per_floor":[37,30,78,78,78,65,65,47,47,47,36,59,45,29,29,17,63,65,65,59,59,57,0],"gold":27,"neow_bonus":"TWO_FIFTY_GOLD","is_prod":false,"is_daily":false,"chose_seed":false,"campfire_upgraded":3,"win_rate":0,"timestamp":1561220682,"path_taken":["M","?","$","M","M","E","R","M","T","R","?","R","E","M","R","BOSS","M","$","?","?","M","E"],"build_version":"2019-01-23","purchased_purges":0,"victory":false,"max_hp_per_floor":[71,71,78,78,78,78,78,78,78,78,78,78,78,78,78,78,78,78,78,78,78,78,78],"card_choices":[{"not_picked":["Steam Power","Gash"],"picked":"Consume","floor":1.0},{"not_picked":["Recycle","Barrage"],"picked":"Ball Lightning","floor":4.0},{"not_picked":["Lockon","Double Energy"],"picked":"Loop","floor":5.0},{"not_picked":["Rebound","Steam","Barrage"],"picked":"SKIP","floor":6.0},{"not_picked":["Lockon","Steam"],"picked":"White Noise","floor":8.0},{"not_picked":["Aggregate","Sunder"],"picked":"Self Repair+1","floor":13.0},{"not_picked":["Double Energy","Steam Power"],"picked":"Creative AI+1","floor":14.0},{"not_picked":["Turbo","Stack"],"picked":"Coolheaded","floor":14.0},{"not_picked":["Amplify","Rainbow"],"picked":"Machine Learning+1","floor":16.0},{"not_picked":["Gash","Compile Driver"],"picked":"Glacier","floor":18.0},{"not_picked":["Go for the Eyes","Gash","Compile Driver"],"picked":"SKIP","floor":18.0},{"not_picked":["Steam Power","Redo+1"],"picked":"Glacier","floor":22.0},{"not_picked":["Scrape","Gash","Turbo"],"picked":"SKIP","floor":22.0}],"player_experience":1001883,"relics_obtained":[{"floor":6.0,"key":"Bag of Preparation"},{"floor":9.0,"key":"Frozen Egg 2"},{"floor":13.0,"key":"Prayer Wheel"}],"event_choices":[{"cards_removed":["Strike_B"],"damage_healed":0.0,"max_hp_gain":0.0,"max_hp_loss":0.0,"gold_gain":0.0,"event_name":"Golden Wing","player_choice":"Card Removal","floor":2.0,"gold_loss":0.0,"damage_taken":7.0},{"damage_healed":0.0,"max_hp_gain":0.0,"max_hp_loss":0.0,"gold_gain":75.0,"event_name":"World of Goop","player_choice":"Gather Gold","floor":11.0,"gold_loss":0.0,"damage_taken":11.0},{"damage_healed":0.0,"max_hp_gain":0.0,"max_hp_loss":0.0,"gold_gain":0.0,"event_name":"Nest","player_choice":"Joined the Cult","floor":20.0,"gold_loss":0.0,"damage_taken":6.0,"cards_obtained":["RitualDagger"]},{"damage_healed":0.0,"max_hp_gain":0.0,"max_hp_loss":0.0,"gold_gain":0.0,"event_name":"WeMeetAgain","player_choice":"Paid Gold","floor":21.0,"gold_loss":55.0,"damage_taken":0.0,"relics_obtained":["Pen Nib"]}],"is_beta":false,"boss_relics":[{"not_picked":["Philosopher\u0027s Stone","Velvet Choker"],"picked":"Nuclear Battery"}],"items_purged_floors":[],"is_endless":false,"potions_floor_spawned":[1,8,14,18],"killed_by":"Gremlin Leader","ascension_level":20}