{"gold_per_floor":[111,186,199,124,141,141,174,20,20,39,51,51,29,29],"floor_reached":14,"playtime":369,"items_purged":["Strike_G"],"score":90,"play_id":"b9ddb874-1c07-4cfb-8618-78d1475b10f0","local_time":"20190524073251","is_ascension_mode":false,"campfire_choices":[{"data":"Neutralize","floor":6.0,"key":"SMITH"}],"neow_cost":"NONE","seed_source_timestamp":699316705048820,"circlet_count":0,"master_deck":["Defend_G","Defend_G","Defend_G","Defend_G","Defend_G","Strike_G","Strike_G","Strike_G","Strike_G","Survivor","Neutralize+1","Prepared","Blade Dance","Deadly Poison","Blade Dance"],"special_seed":0,"relics":["Ring of the Snake","NeowsBlessing","Ice Cream","Blood Vial","Singing Bowl","Happy Flower"],"potions_floor_usage":[7,14],"damage_taken":[{"damage":0.0,"enemies":"Jaw Worm","floor":1.0,"turns":1.0},{"damage":0.0,"enemies":"Cultist","floor":3.0,"turns":1.0},{"damage":0.0,"enemies":"2 Louse","floor":5.0,"turns":1.0},{"damage":51,"enemies":"Gremlin Nob","floor":7,"turns":7},{"damage":1,"enemies":"Blue Slaver","floor":10,"turns":6},{"damage":2,"enemies":"Exordium Wildlife","floor":11,"turns":6},{"damage":16,"enemies":"Exordium Thugs","floor":14,"turns":5}],"seed_played":"1923309149364431163","potions_obtained":[{"floor":1.0,"key":"SkillPotion"},{"floor":11,"key":"Weak Potion"}],"is_trial":false,"path_per_floor":["M","?","M","$","M","R","E","$","T","M","M","T","$","M"],"character_chosen":"THE_SILENT","items_purchased":["Blood Vial","Blade Dance"],"campfire_rested":0,"item_purchase_floors":[8,13],"current_hp_per_floor":[70,59,59,59,59,59,8,8,8,11,11,11,11,0],"gold":29,"neow_bonus":"THREE_ENEMY_KILL","is_prod":false,"is_daily":false,"chose_seed":false,"campfire_upgraded":1,"win_rate":0,"timestamp":1558675971,"path_taken":["M","?","M","$","M","R","E","$","T","M","M","?","$","M"],"build_version":"2019-01-23","purchased_purges":1,"victory":false,"max_hp_per_floor":[70,70,70,70,70,70,70,70,70,72,72,72,72,72],"card_choices":[{"not_picked":["Concentrate","Dagger Spray","Eviscerate"],"picked":"SKIP","floor":1.0},{"not_picked":["Outmaneuver","Underhanded Strike"],"picked":"Prepared","floor":3.0},{"not_picked":["Tools of the Trade","Escape Plan","Sucker Punch"],"picked":"SKIP","floor":5.0},{"not_picked":["Dagger Spray","Sucker Punch"],"picked":"Blade Dance","floor":7},{"not_picked":["Footwork","Eviscerate","Quick Slash"],"picked":"Singing Bowl","floor":10},{"not_picked":["Cloak And Dagger","Well Laid Plans"],"picked":"Deadly Poison","floor":11}],"player_experience":213018,"relics_obtained":[{"floor":7,"key":"Ice Cream"},{"floor":9,"key":"Singing Bowl"},{"floor":12,"key":"Happy Flower"}],"event_choices":[{"damage_healed":0.0,"max_hp_gain":0.0,"max_hp_loss":0.0,"gold_gain":75.0,"event_name":"World of Goop","player_choice":"Gather Gold","floor":2.0,"gold_loss":0.0,"damage_taken":11.0}],"is_beta":false,"boss_relics":[],"items_purged_floors":[4],"is_endless":false,"potions_floor_spawned":[1,11],"killed_by":"Exordium Thugs","ascension_level":0}