{"gold_per_floor":[112,60,60,36,46,46,46,79,79,94,125,47,47,47,47,118,118,131,131,131,142,142,142],"floor_reached":23,"playtime":912,"items_purged":[],"score":418,"play_id":"4529b267-8828-4f82-8cbd-7b52cc61f8f8","local_time":"20190615082853","is_ascension_mode":true,"campfire_choices":[{"data":"Armaments","floor":6,"key":"SMITH"},{"data":"Disarm","floor":13,"key":"SMITH"},{"data":"Rampage","floor":15,"key":"SMITH"}],"neow_cost":"NONE","seed_source_timestamp":2421787473376253,"circlet_count":0,"master_deck":["AscendersBane","Strike_R+1","Strike_R+1","Defend_R","Defend_R","Bash","Flex","Shrug It Off","Rage","Armaments+1","Disarm+1","Rampage+1","Seeing Red","Battle Trance","Reaper","Inflame+1","Fire Breathing+1","Spot Weakness+1","Inflame","Necronomicurse","True Grit"],"relics":["Burning Blood","NeowsBlessing","Bottled Lightning","Letter Opener","Whetstone","Astrolabe","MutagenicStrength","Necronomicon"],"potions_floor_usage":[11,23],"damage_taken":[{"damage":0,"enemies":"Jaw Worm","floor":1,"turns":1},{"damage":0,"enemies":"Cultist","floor":5,"turns":1},{"damage":0,"enemies":"Gremlin Nob","floor":8,"turns":1},{"damage":5,"enemies":"Small Slimes","floor":10,"turns":3},{"damage":18,"enemies":"Lagavulin","floor":11,"turns":5},{"damage":42,"enemies":"Slime Boss","floor":16,"turns":11},{"damage":31,"enemies":"Chosen","floor":18,"turns":6},{"damage":17,"enemies":"2 Thieves","floor":21,"turns":4},{"damage":90,"enemies":"Slavers","floor":23,"turns":5}],"seed_played":"-1898267578820652294","potions_obtained":[{"floor":5,"key":"AttackPotion"},{"floor":10,"key":"LiquidBronze"},{"floor":16,"key":"Dexterity Potion"}],"is_trial":false,"path_per_floor":["M","$","?","$","M","R","?","E","T","M","E","$","R","?","R","B",null,"M","?","?","M","$","E"],"character_chosen":"IRONCLAD","items_purchased":["Shrug It Off","Armaments","Battle Trance"],"campfire_rested":0,"item_purchase_floors":[2,4,12],"current_hp_per_floor":[74,74,74,74,75,75,75,75,75,75,63,63,63,63,63,27,63,48,48,27,52,52,0],"gold":142,"neow_bonus":"THREE_ENEMY_KILL","is_prod":false,"is_daily":false,"chose_seed":false,"campfire_upgraded":3,"win_rate":0,"timestamp":1560598133,"path_taken":["M","$","?","$","?","R","?","E","T","M","E","?","R","?","R","BOSS","M","?","?","M","$","E"],"build_version":"2019-01-23","purchased_purges":0,"victory":false,"max_hp_per_floor":[75,75,75,75,75,75,75,75,75,75,75,75,75,75,75,75,75,75,75,75,75,75,75],"card_choices":[{"not_picked":["Second Wind","Havoc"],"picked":"Flex","floor":1},{"not_picked":["Disarm","True Grit","Entrench"],"picked":"SKIP","floor":5},{"not_picked":["True Grit","Entrench"],"picked":"Disarm","floor":5},{"not_picked":["Havoc","Carnage","Double Tap"],"picked":"SKIP","floor":8},{"not_picked":["Thunderclap","Shrug It Off"],"picked":"Rampage","floor":10},{"not_picked":["Pommel Strike","Warcry"],"picked":"Seeing Red","floor":11},{"not_picked":["Barricade","Immolate"],"picked":"Reaper","floor":16},{"not_picked":["Dropkick","Armaments"],"picked":"Inflame","floor":18},{"not_picked":["Anger","Searing Blow"],"picked":"True Grit","floor":21}],"player_experience":1046191,"relics_obtained":[{"floor":8,"key":"Bottled Lightning"},{"floor":9,"key":"Letter Opener"},{"floor":11,"key":"Whetstone"},{"floor":20,"key":"Necronomicon"}],"event_choices":[{"damage_healed":0,"gold_gain":0,"cards_transformed":["Strike_R"],"player_choice":"Transformed","damage_taken":0,"max_hp_gain":0,"max_hp_loss":0,"event_name":"Transmorgrifier","floor":3,"gold_loss":0,"cards_obtained":["Rage"]},{"cards_removed":["Defend_R"],"damage_healed":0,"gold_gain":0,"player_choice":"Purged","damage_taken":0,"max_hp_gain":0,"max_hp_loss":0,"event_name":"Purifier","floor":7,"gold_loss":0},{"damage_healed":0,"gold_gain":0,"player_choice":"Ignored","damage_taken":0,"max_hp_gain":0,"max_hp_loss":0,"event_name":"Liars Game","floor":14,"gold_loss":0},{"damage_healed":0,"gold_gain":0,"player_choice":"Inject Mutagens","damage_taken":0,"relics_obtained":["MutagenicStrength"],"max_hp_gain":0,"max_hp_loss":0,"event_name":"Drug Dealer","floor":19,"gold_loss":0},{"damage_healed":0,"gold_gain":0,"player_choice":"Obtained Book","damage_taken":21,"max_hp_gain":0,"max_hp_loss":0,"event_name":"Cursed Tome","floor":20,"gold_loss":0}],"is_beta":false,"boss_relics":[{"not_picked":["Black Star","Empty Cage"],"picked":"Astrolabe"}],"items_purged_floors":[],"is_endless":false,"potions_floor_spawned":[5,10,16,21],"killed_by":"Slavers","ascension_level":18}