{"gold_per_floor":[112,125,125,200,200,231,231,246,246,246,256,256,133,83,83,178,178,192,92,92,167,179,206,206],"floor_reached":24,"playtime":612,"items_purged":["Defend_R","Strike_R"],"score":237,"play_id":"98af94de-0847-4dbc-8237-6d7792afe9d9","local_time":"20190504091436","is_ascension_mode":false,"campfire_choices":[{"floor":7,"key":"REST"},{"data":"Bash","floor":10,"key":"SMITH"},{"floor":15,"key":"REST"}],"neow_cost":"NONE","seed_source_timestamp":2017518593335791,"circlet_count":0,"master_deck":["Strike_R","Strike_R+1","Strike_R","Defend_R+1","Bash+1","Shrug It Off","Demon Form"],"relics":["Burning Blood","NeowsBlessing","Ice Cream","Sundial","Pantograph","Runic Dome","Bag of Preparation"],"potions_floor_usage":[18,23],"damage_taken":[{"damage":0,"enemies":"2 Louse","floor":1,"turns":1},{"damage":0,"enemies":"Jaw Worm","floor":2,"turns":1},{"damage":0,"enemies":"Gremlin Nob","floor":6,"turns":1},{"damage":6,"enemies":"Cultist","floor":8,"turns":3},{"damage":6,"enemies":"Exordium Wildlife","floor":11,"turns":9},{"damage":46,"enemies":"The Guardian","floor":16,"turns":16},{"damage":6,"enemies":"Shell Parasite","floor":18,"turns":3},{"damage":14,"enemies":"2 Thieves","floor":22,"turns":4},{"damage":43,"enemies":"Book of Stabbing","floor":23,"turns":5},{"damage":27,"enemies":"Sentry and Sphere","floor":24,"turns":5}],"seed_played":"-1685985582286635754","potions_obtained":[{"floor":6,"key":"Fire Potion"},{"floor":22,"key":"Energy Potion"}],"is_trial":false,"path_per_floor":["M","M","?","?","?","E","R","M","T","R","M","?","$","?","R","B",null,"M","$","?","?","M","E","M"],"character_chosen":"IRONCLAD","items_purchased":["Shrug It Off"],"campfire_rested":2,"item_purchase_floors":[13],"current_hp_per_floor":[80,80,73,62,50,56,80,80,80,80,80,64,64,64,80,40,80,80,80,80,72,64,27,0],"gold":206,"neow_bonus":"THREE_ENEMY_KILL","is_prod":false,"is_daily":false,"chose_seed":false,"campfire_upgraded":1,"win_rate":0,"timestamp":1556954076,"path_taken":["M","M","?","?","?","E","R","M","T","R","?","?","$","?","R","BOSS","M","$","?","?","M","E","M"],"build_version":"2019-01-23","purchased_purges":2,"victory":false,"max_hp_per_floor":[80,80,80,80,80,80,80,80,80,80,80,80,80,80,80,80,80,80,80,80,80,80,80,80],"card_choices":[{"not_picked":["Flex","Headbutt","Battle Trance"],"picked":"SKIP","floor":1},{"not_picked":["Flex","Wild Strike","Sentinel"],"picked":"SKIP","floor":2},{"not_picked":["Sentinel","Havoc","Infernal Blade"],"picked":"SKIP","floor":6},{"not_picked":["Searing Blow","Headbutt","Feel No Pain"],"picked":"SKIP","floor":8},{"not_picked":["Havoc","Perfected Strike","Brutality"],"picked":"SKIP","floor":11},{"not_picked":["Immolate","Limit Break"],"picked":"Demon Form","floor":16},{"not_picked":["Havoc","Rage","Cleave"],"picked":"SKIP","floor":18},{"not_picked":["Inflame","Heavy Blade+1","Pummel+1"],"picked":"SKIP","floor":22},{"not_picked":["Bloodletting","Flame Barrier","Spot Weakness"],"picked":"SKIP","floor":23}],"player_experience":162388,"relics_obtained":[{"floor":6,"key":"Sundial"},{"floor":9,"key":"Pantograph"},{"floor":23,"key":"Bag of Preparation"}],"event_choices":[{"cards_removed":["Defend_R"],"damage_healed":0,"gold_gain":0,"player_choice":"Card Removal","damage_taken":7,"max_hp_gain":0,"max_hp_loss":0,"event_name":"Golden Wing","floor":3,"gold_loss":0},{"damage_healed":0,"gold_gain":75,"player_choice":"Gather Gold","damage_taken":11,"max_hp_gain":0,"max_hp_loss":0,"event_name":"World of Goop","floor":4,"gold_loss":0},{"damage_healed":0,"gold_gain":0,"player_choice":"Success","damage_taken":12,"relics_obtained":["Ice Cream"],"max_hp_gain":0,"max_hp_loss":0,"event_name":"Scrap Ooze","floor":5,"gold_loss":0},{"damage_healed":0,"gold_gain":0,"player_choice":"Entered Light","damage_taken":16,"max_hp_gain":0,"max_hp_loss":0,"event_name":"Shining Light","floor":12,"gold_loss":0,"cards_upgraded":["Strike_R","Defend_R"]},{"cards_removed":["Defend_R"],"damage_healed":0,"gold_gain":0,"player_choice":"Card Removal","damage_taken":0,"max_hp_gain":0,"max_hp_loss":0,"event_name":"The Cleric","floor":14,"gold_loss":50},{"cards_removed":["Strike_R"],"damage_healed":0,"gold_gain":0,"player_choice":"Elegance","damage_taken":0,"max_hp_gain":0,"max_hp_loss":0,"event_name":"Back to Basics","floor":20,"gold_loss":0},{"damage_healed":0,"gold_gain":75,"player_choice":"Touch","damage_taken":8,"max_hp_gain":0,"max_hp_loss":0,"event_name":"FaceTrader","floor":21,"gold_loss":0}],"is_beta":false,"boss_relics":[{"not_picked":["Cursed Key","Ectoplasm"],"picked":"Runic Dome"}],"items_purged_floors":[13,19],"is_endless":false,"potions_floor_spawned":[6,22],"killed_by":"Sentry and Sphere","ascension_level":0}