{"gold_per_floor":[119,119,119,119,119,119,136,136,136,146,165,179,214,228,228,325,325,339,264,280,291,291,325,325,325,325,343,356,367,367,267,267,369,369,386,386,261,274,124,124,136,136,136,236,255,255,281,39,39,39],"floor_reached":51,"playtime":1403,"items_purged":["Strike_R","Strike_R","Strike_R","Defend_R+1","Evolve"],"score":772,"play_id":"5d1344af-ee43-4e3b-bfa1-4d72b0c45180","local_time":"20190428230643","is_ascension_mode":false,"campfire_choices":[{"data":"Bash","floor":6.0,"key":"SMITH"},{"floor":8.0,"key":"REST"},{"data":"Clash","floor":15.0,"key":"SMITH"},{"floor":24.0,"key":"REST"},{"floor":30.0,"key":"REST"},{"floor":32.0,"key":"REST"},{"data":"Dropkick","floor":40.0,"key":"SMITH"},{"floor":42.0,"key":"REST"},{"floor":49.0,"key":"REST"}],"neow_cost":"NONE","seed_source_timestamp":1548178904449563,"circlet_count":0,"master_deck":["Bash+1","Clash+1","Dropkick+1","Shrug It Off+1","Dropkick+1"],"special_seed":0,"relics":["Burning Blood","Bronze Scales","Pantograph","Shuriken","Empty Cage","Gremlin Horn","Pear","Lizard Tail","Ornamental Fan","Calipers","Molten Egg 2"],"potions_floor_usage":[50,50,50],"damage_taken":[{"damage":1.0,"enemies":"Small Slimes","floor":1.0,"turns":4.0},{"damage":2.0,"enemies":"2 Louse","floor":7.0,"turns":2.0},{"damage":3.0,"enemies":"Jaw Worm","floor":10.0,"turns":3.0},{"damage":6.0,"enemies":"Exordium Thugs","floor":11.0,"turns":3.0},{"damage":2.0,"enemies":"Large Slime","floor":12.0,"turns":5.0},{"damage":23.0,"enemies":"Lagavulin","floor":13.0,"turns":5.0},{"damage":8.0,"enemies":"Lots of Slimes","floor":14.0,"turns":3.0},{"damage":16.0,"enemies":"Slime Boss","floor":16.0,"turns":7.0},{"damage":2.0,"enemies":"Chosen","floor":18.0,"turns":3.0},{"damage":12.0,"enemies":"2 Thieves","floor":20.0,"turns":3.0},{"damage":15.0,"enemies":"Snecko","floor":21.0,"turns":3.0},{"damage":59.0,"enemies":"Book of Stabbing","floor":23.0,"turns":5.0},{"damage":3.0,"enemies":"Cultist and Chosen","floor":27.0,"turns":4.0},{"damage":26.0,"enemies":"Shelled Parasite and Fungi","floor":28.0,"turns":3.0},{"damage":14.0,"enemies":"Centurion and Healer","floor":29.0,"turns":3.0},{"damage":54.0,"enemies":"Collector","floor":33.0,"turns":5.0},{"damage":7.0,"enemies":"Orb Walker","floor":35.0,"turns":2.0},{"damage":11.0,"enemies":"3 Darklings","floor":38.0,"turns":3.0},{"damage":56.0,"enemies":"4 Shapes","floor":41.0,"turns":4.0},{"damage":0.0,"enemies":"Mind Bloom Boss Battle","floor":44.0,"turns":4.0},{"damage":0.0,"enemies":"Spire Growth","floor":45.0,"turns":2.0},{"damage":35.0,"enemies":"Giant Head","floor":47.0,"turns":7.0},{"damage":28,"enemies":"Time Eater","floor":50,"turns":5}],"seed_played":"7499937163417100333","potions_obtained":[{"floor":0.0,"key":"PowerPotion"},{"floor":0.0,"key":"Fruit Juice"},{"floor":0.0,"key":"BloodPotion"},{"floor":7.0,"key":"Energy Potion"},{"floor":13.0,"key":"SteroidPotion"},{"floor":20.0,"key":"Explosive Potion"},{"floor":27.0,"key":"Fruit Juice"},{"floor":28.0,"key":"Dexterity Potion"},{"floor":29.0,"key":"FearPotion"},{"floor":33.0,"key":"AttackPotion"},{"floor":47.0,"key":"AttackPotion"}],"is_trial":false,"path_per_floor":["M","?","?","?","?","R","M","R","T","M","M","M","E","M","R","B",null,"M","$","M","M","?","E","R","?","T","M","M","M","R","$","R","B",null,"M","?","$","M","$","R","M","R","T","?","M","?","E","$","R","B",null],"character_chosen":"IRONCLAD","items_purchased":["Dropkick+1"],"campfire_rested":6,"item_purchase_floors":[48],"current_hp_per_floor":[85,82,65,65,65,65,69,85,85,85,85,85,68,66,66,75,85,85,85,79,70,70,17,42,42,52,55,40,32,62,62,92,52,100,99,99,99,94,94,94,44,74,74,100,100,100,71,71,100,78],"gold":39,"neow_bonus":"THREE_SMALL_POTIONS","is_prod":false,"is_daily":false,"chose_seed":false,"campfire_upgraded":3,"win_rate":0,"timestamp":1556485603,"path_taken":["M","?","?","?","?","R","M","R","T","M","M","?","E","M","R","BOSS","M","$","M","M","?","E","R","?","T","?","M","M","R","$","R","BOSS","M","?","$","M","$","R","M","R","T","?","M","?","E","$","R","BOSS"],"build_version":"2019-01-23","purchased_purges":5,"victory":true,"max_hp_per_floor":[85,85,85,85,85,85,85,85,85,85,85,85,85,85,85,85,85,85,85,85,85,85,85,85,85,95,95,100,100,100,100,100,100,100,100,100,100,100,100,100,100,100,100,100,100,100,100,100,100,100],"card_choices":[{"not_picked":["Anger","Armaments","Metallicize"],"picked":"SKIP","floor":1.0},{"not_picked":["Searing Blow","Heavy Blade","True Grit"],"picked":"SKIP","floor":7.0},{"not_picked":["Flex","Hemokinesis","Second Wind"],"picked":"SKIP","floor":10.0},{"not_picked":["Carnage","Inflame"],"picked":"Clash","floor":11.0},{"not_picked":["Heavy Blade","True Grit","Ghostly Armor"],"picked":"SKIP","floor":12.0},{"not_picked":["Rage","Limit Break","Havoc"],"picked":"SKIP","floor":13.0},{"not_picked":["Combust","Battle Trance"],"picked":"Dropkick","floor":14.0},{"not_picked":["Anger+1","Sever Soul","Sword Boomerang"],"picked":"SKIP","floor":18.0},{"not_picked":["Warcry+1","Power Through","Combust"],"picked":"SKIP","floor":20.0},{"not_picked":["Uppercut","Pommel Strike","Heavy Blade"],"picked":"SKIP","floor":21.0},{"not_picked":["Double Tap","Second Wind","Twin Strike"],"picked":"SKIP","floor":23.0},{"not_picked":["Sever Soul+1","Wild Strike+1","Flex"],"picked":"SKIP","floor":27.0},{"not_picked":["Flex","Pummel","Wild Strike+1"],"picked":"SKIP","floor":28.0},{"not_picked":["Heavy Blade","Infernal Blade","Sever Soul+1"],"picked":"SKIP","floor":29.0},{"not_picked":["Sword Boomerang","Heavy Blade+1","Twin Strike+1"],"picked":"SKIP","floor":35.0},{"not_picked":["Blood for Blood","Twin Strike+1","Whirlwind"],"picked":"SKIP","floor":38.0},{"not_picked":["Reckless Charge+1","Twin Strike+1","Clothesline"],"picked":"SKIP","floor":41.0},{"not_picked":["Rage+1","Pommel Strike"],"picked":"Shrug It Off+1","floor":45.0},{"not_picked":["Body Slam+1","Shockwave+1","Ghostly Armor"],"picked":"SKIP","floor":47.0}],"player_experience":152461,"relics_obtained":[{"floor":9.0,"key":"Pantograph"},{"floor":13.0,"key":"Shuriken"},{"floor":23.0,"key":"Gremlin Horn"},{"floor":26.0,"key":"Pear"},{"floor":43.0,"key":"Ornamental Fan"},{"floor":44.0,"key":"Calipers"},{"floor":47.0,"key":"Molten Egg 2"}],"event_choices":[{"damage_healed":0.0,"max_hp_gain":0.0,"max_hp_loss":0.0,"gold_gain":0.0,"event_name":"Scrap Ooze","player_choice":"Success","floor":2.0,"gold_loss":0.0,"damage_taken":3.0,"relics_obtained":["Bronze Scales"]},{"damage_healed":0.0,"max_hp_gain":0.0,"max_hp_loss":0.0,"gold_gain":0.0,"event_name":"Shining Light","player_choice":"Entered Light","floor":3.0,"gold_loss":0.0,"damage_taken":17.0,"cards_upgraded":["Strike_R","Defend_R"]},{"cards_removed":["Defend_R"],"damage_healed":0.0,"max_hp_gain":0.0,"max_hp_loss":0.0,"gold_gain":0.0,"event_name":"Living Wall","player_choice":"Forget","floor":4.0,"gold_loss":0.0,"damage_taken":0.0},{"damage_healed":0.0,"max_hp_gain":0.0,"max_hp_loss":0.0,"gold_gain":0.0,"event_name":"Liars Game","player_choice":"Ignored","floor":5.0,"gold_loss":0.0,"damage_taken":0.0},{"damage_healed":0.0,"max_hp_gain":0.0,"max_hp_loss":0.0,"gold_gain":0.0,"event_name":"The Mausoleum","player_choice":"Ignored","floor":22.0,"gold_loss":0.0,"damage_taken":0.0},{"cards_removed":["Strike_R"],"damage_healed":0.0,"max_hp_gain":0.0,"max_hp_loss":0.0,"gold_gain":0.0,"event_name":"Bonfire Elementals","player_choice":"Offered Basic","floor":25.0,"gold_loss":0.0,"damage_taken":0.0},{"damage_healed":0.0,"max_hp_gain":0.0,"max_hp_loss":0.0,"gold_gain":0.0,"event_name":"Tomb of Lord Red Mask","player_choice":"Ignored","floor":36.0,"gold_loss":0.0,"damage_taken":0.0},{"damage_healed":0.0,"max_hp_gain":0.0,"max_hp_loss":0.0,"gold_gain":0.0,"event_name":"MindBloom","player_choice":"Fight","floor":44.0,"gold_loss":0.0,"damage_taken":0.0},{"damage_healed":0.0,"max_hp_gain":0.0,"max_hp_loss":0.0,"gold_gain":0.0,"cards_transformed":["Strike_R"],"event_name":"Transmorgrifier","player_choice":"Transformed","floor":46.0,"gold_loss":0.0,"damage_taken":0.0,"cards_obtained":["Evolve"]}],"is_beta":false,"boss_relics":[{"not_picked":["Runic Dome","Runic Cube"],"picked":"Empty Cage"},{"not_picked":["Mark of Pain","Runic Pyramid"],"picked":"Lizard Tail"}],"items_purged_floors":[19,31,37,39,48],"is_endless":false,"potions_floor_spawned":[7,13,14,20,27,28,29,33,35,38,47],"ascension_level":0}