{"gold_per_floor":[114,134,148,5,5,38,58,81,81,81,116,116,135,176,176,295,295,311,336,28,41,57,90,90,124,124,139,139,170,183,183,183,304,304,329,3,18,18,43,43,82,82,82,113,113,238,256,270,270,270],"floor_reached":51,"playtime":5943,"items_purged":["Strike_G","Strike_G"],"score":918,"play_id":"d5c405d9-704e-4ecd-bee7-21f26272a4f1","local_time":"20190313001747","is_ascension_mode":true,"campfire_choices":[{"data":"Backstab","floor":10,"key":"SMITH"},{"floor":12,"key":"REST"},{"data":"Noxious Fumes","floor":15,"key":"SMITH"},{"floor":24,"key":"REST"},{"data":"Apotheosis","floor":28,"key":"SMITH"},{"data":"Adrenaline","floor":32,"key":"SMITH"},{"data":"Doppelganger","floor":40,"key":"SMITH"},{"floor":42,"key":"REST"},{"data":"Footwork","floor":49,"key":"SMITH"}],"neow_cost":"NONE","seed_source_timestamp":1205138501659340,"circlet_count":0,"master_deck":["Defend_G","Defend_G","Defend_G","Defend_G","Defend_G","Strike_G","Survivor","Neutralize","Blade Dance","Deadly Poison","Poisoned Stab","Noxious Fumes+1","Doppelganger+1","Backstab+1","Dodge and Roll","Leg Sweep","Backflip+1","Skewer","Adrenaline+1","Apotheosis+1","Escape Plan","Cloak And Dagger","Dash","Well Laid Plans+1","Acrobatics","Infinite Blades","Infinite Blades","Footwork+1","Slice+1","Unload","Prepared+1","Parasite","Footwork+1"],"relics":["Ring of the Snake","NeowsBlessing","Golden Idol","Pear","Gambling Chip","Singing Bowl","Nunchaku","Empty Cage","Oddly Smooth Stone","Ornamental Fan","Vajra","Mummified Hand","Red Mask","Runic Pyramid","Lantern","Sundial","Kunai","Blue Candle","Prayer Wheel"],"potions_floor_usage":[6,23,23,25,25,33,33,46,50,50],"damage_taken":[{"damage":0,"enemies":"2 Louse","floor":1,"turns":1},{"damage":0,"enemies":"Jaw Worm","floor":2,"turns":1},{"damage":0,"enemies":"Small Slimes","floor":3,"turns":1},{"damage":10,"enemies":"Lagavulin","floor":6,"turns":7},{"damage":1,"enemies":"2 Fungi Beasts","floor":7,"turns":3},{"damage":10,"enemies":"3 Louse","floor":8,"turns":4},{"damage":20,"enemies":"Gremlin Nob","floor":11,"turns":4},{"damage":0,"enemies":"Exordium Wildlife","floor":13,"turns":4},{"damage":5,"enemies":"Lagavulin","floor":14,"turns":8},{"damage":28,"enemies":"Hexaghost","floor":16,"turns":9},{"damage":0,"enemies":"Chosen","floor":18,"turns":5},{"damage":11,"enemies":"3 Byrds","floor":19,"turns":6},{"damage":12,"enemies":"Centurion and Healer","floor":21,"turns":7},{"damage":12,"enemies":"Snake Plant","floor":22,"turns":5},{"damage":27,"enemies":"Book of Stabbing","floor":23,"turns":8},{"damage":16,"enemies":"Slavers","floor":25,"turns":7},{"damage":2,"enemies":"Shelled Parasite and Fungi","floor":27,"turns":5},{"damage":0,"enemies":"Masked Bandits","floor":29,"turns":4},{"damage":0,"enemies":"Centurion and Healer","floor":30,"turns":6},{"damage":12,"enemies":"Automaton","floor":33,"turns":9},{"damage":0,"enemies":"3 Shapes","floor":35,"turns":4},{"damage":0,"enemies":"Orb Walker","floor":37,"turns":3},{"damage":7,"enemies":"3 Darklings","floor":39,"turns":7},{"damage":29,"enemies":"Giant Head","floor":41,"turns":12},{"damage":0,"enemies":"Nemesis","floor":44,"turns":7},{"damage":0,"enemies":"Mind Bloom Boss Battle","floor":46,"turns":6},{"damage":0,"enemies":"Sphere and 2 Shapes","floor":47,"turns":5},{"damage":7,"enemies":"Writhing Mass","floor":48,"turns":7},{"damage":1,"enemies":"Donu and Deca","floor":50,"turns":12}],"seed_played":"4969706116582264065","potions_obtained":[{"floor":1,"key":"SkillPotion"},{"floor":7,"key":"Fire Potion"},{"floor":8,"key":"GhostInAJar"},{"floor":16,"key":"Block Potion"},{"floor":21,"key":"Regen Potion"},{"floor":23,"key":"Regen Potion"},{"floor":25,"key":"Poison Potion"},{"floor":30,"key":"Poison Potion"},{"floor":44,"key":"EntropicBrew"},{"floor":46,"key":"Weak Potion"},{"floor":48,"key":"Regen Potion"}],"is_trial":false,"path_per_floor":["M","M","M","$","?","E","M","M","T","R","E","R","M","E","R","B",null,"M","M","$","M","M","E","R","E","T","M","R","?","M","?","R","B",null,"M","$","M","?","M","R","E","R","T","E","?","?","M","M","R","B",null],"character_chosen":"THE_SILENT","items_purchased":["Noxious Fumes","Oddly Smooth Stone","Apotheosis","Infinite Blades","Lantern"],"campfire_rested":3,"item_purchase_floors":[4,20,20,36,36],"current_hp_per_floor":[70,70,70,70,53,53,52,42,42,42,22,46,46,41,41,13,80,80,71,71,59,49,37,62,61,61,59,59,61,61,61,61,51,88,88,88,88,88,83,83,54,81,81,81,81,83,85,80,80,94],"gold":270,"neow_bonus":"THREE_ENEMY_KILL","is_prod":false,"is_daily":false,"chose_seed":false,"campfire_upgraded":6,"win_rate":0,"timestamp":1552461467,"path_taken":["M","M","M","$","?","E","M","M","T","R","E","R","M","E","R","BOSS","M","M","$","M","M","E","R","E","T","M","R","?","M","?","R","BOSS","M","$","M","?","?","R","E","R","T","E","?","?","M","M","R","BOSS"],"build_version":"2019-01-23","purchased_purges":2,"victory":true,"max_hp_per_floor":[70,70,70,70,70,80,80,80,80,80,80,80,80,80,80,80,80,80,82,82,82,84,84,84,84,84,84,84,86,86,86,86,88,88,88,88,88,88,90,90,90,90,90,90,90,92,94,96,96,96],"card_choices":[{"not_picked":["Cloak And Dagger","Distraction"],"picked":"Blade Dance","floor":1},{"not_picked":["Distraction","Tactician"],"picked":"Deadly Poison","floor":2},{"not_picked":["Cloak And Dagger","Deflect"],"picked":"Poisoned Stab","floor":3},{"not_picked":["Bane","Cloak And Dagger"],"picked":"Doppelganger","floor":6},{"not_picked":["Cloak And Dagger","Dodge and Roll"],"picked":"Backstab","floor":7},{"not_picked":["Distraction","Blade Dance"],"picked":"Dodge and Roll","floor":8},{"not_picked":["Well Laid Plans","Outmaneuver"],"picked":"Leg Sweep","floor":11},{"not_picked":["Acrobatics","Quick Slash"],"picked":"Backflip","floor":13},{"not_picked":["Bullet Time","Terror"],"picked":"Skewer","floor":14},{"not_picked":["Bullet Time","Tools of the Trade"],"picked":"Adrenaline","floor":16},{"not_picked":["Expertise","Prepared"],"picked":"Leg Sweep+1","floor":18},{"not_picked":["Quick Slash","Dodge and Roll","Expertise"],"picked":"Singing Bowl","floor":19},{"not_picked":["Reflex","Slice"],"picked":"Escape Plan","floor":21},{"not_picked":["Finisher+1","Quick Slash","Dagger Spray"],"picked":"Singing Bowl","floor":22},{"not_picked":["Dodge and Roll","Riddle With Holes"],"picked":"Cloak And Dagger","floor":23},{"not_picked":["Outmaneuver","Setup+1"],"picked":"Dash","floor":25},{"not_picked":["Heel Hook","Caltrops"],"picked":"Well Laid Plans+1","floor":27},{"not_picked":["Outmaneuver+1","Dagger Throw","Acrobatics"],"picked":"Singing Bowl","floor":29},{"not_picked":["Deadly Poison","Bane+1"],"picked":"Acrobatics","floor":30},{"not_picked":["Grand Finale","Unload","Die Die Die"],"picked":"Singing Bowl","floor":33},{"not_picked":["Blade Dance","Acrobatics"],"picked":"Infinite Blades","floor":35},{"not_picked":["Cloak And Dagger","Leg Sweep"],"picked":"Footwork+1","floor":37},{"not_picked":["Outmaneuver","Cloak And Dagger+1","Dash"],"picked":"Singing Bowl","floor":39},{"not_picked":["Cloak And Dagger","Blade Dance+1"],"picked":"Slice+1","floor":41},{"not_picked":["Cloak And Dagger","Dodge and Roll"],"picked":"Unload","floor":44},{"not_picked":["Masterful Stab+1","Flying Knee+1","PiercingWail+1"],"picked":"Singing Bowl","floor":46},{"not_picked":["Cloak And Dagger","Flechettes+1"],"picked":"Prepared+1","floor":47},{"not_picked":["Underhanded Strike+1","Endless Agony","Prepared+1"],"picked":"SKIP","floor":47},{"not_picked":["Underhanded Strike+1","Endless Agony","Prepared+1"],"picked":"Singing Bowl","floor":47},{"not_picked":["Acrobatics+1","Infinite Blades+1","Deadly Poison+1"],"picked":"Singing Bowl","floor":48},{"not_picked":["Cloak And Dagger+1","Quick Slash+1"],"picked":"Footwork","floor":48}],"player_experience":594863,"relics_obtained":[{"floor":6,"key":"Pear"},{"floor":9,"key":"Gambling Chip"},{"floor":11,"key":"Singing Bowl"},{"floor":14,"key":"Nunchaku"},{"floor":23,"key":"Ornamental Fan"},{"floor":25,"key":"Vajra"},{"floor":26,"key":"Mummified Hand"},{"floor":29,"key":"Red Mask"},{"floor":41,"key":"Sundial"},{"floor":43,"key":"Kunai"},{"floor":44,"key":"Blue Candle"},{"floor":46,"key":"Prayer Wheel"}],"event_choices":[{"damage_healed":0,"gold_gain":0,"player_choice":"Take Damage","damage_taken":17,"relics_obtained":["Golden Idol"],"max_hp_gain":0,"max_hp_loss":0,"event_name":"Golden Idol","floor":5,"gold_loss":0},{"damage_healed":0,"gold_gain":0,"player_choice":"Fought Bandits","damage_taken":0,"max_hp_gain":0,"max_hp_loss":0,"event_name":"Masked Bandits","floor":29,"gold_loss":0},{"damage_healed":0,"gold_gain":0,"player_choice":"Ignored","damage_taken":0,"max_hp_gain":0,"max_hp_loss":0,"event_name":"Vampires","floor":31,"gold_loss":0},{"damage_healed":0,"gold_gain":0,"player_choice":"Upgraded","damage_taken":0,"max_hp_gain":0,"max_hp_loss":0,"event_name":"Upgrade Shrine","floor":38,"gold_loss":0,"cards_upgraded":["Backflip"]},{"cards_removed":["Leg Sweep"],"damage_healed":0,"gold_gain":0,"player_choice":"Removed Skill","damage_taken":0,"max_hp_gain":0,"max_hp_loss":0,"event_name":"Falling","floor":45,"gold_loss":0},{"damage_healed":0,"gold_gain":0,"player_choice":"Fight","damage_taken":0,"max_hp_gain":0,"max_hp_loss":0,"event_name":"MindBloom","floor":46,"gold_loss":0}],"is_beta":false,"boss_relics":[{"not_picked":["White Beast Statue","Eternal Feather"],"picked":"Empty Cage"},{"not_picked":["WristBlade","Ring of the Serpent"],"picked":"Runic Pyramid"}],"items_purged_floors":[4,36],"is_endless":false,"potions_floor_spawned":[1,7,8,16,19,21,23,25,30,44,46,48],"ascension_level":4}