{"gold_per_floor":[109,109,125,125,145,145,170,170,170,170,199,199,212,6,6,106,106,120,44,44,21,32,63,63,79,128,128,141,167,167,167,167,263,263,281,55,55,155,204,230,230,230,230,54,0,15,15,42,42,42],"floor_reached":51,"playtime":4269,"items_purged":["Strike_G","Heel Hook","Writhe"],"score":1025,"play_id":"2d15aa55-8643-4605-8d89-a63dbf1b9aef","local_time":"20190415181141","is_ascension_mode":true,"campfire_choices":[{"data":"Poisoned Stab","floor":6.0,"key":"SMITH"},{"floor":8.0,"key":"REST"},{"data":"Blade Dance","floor":10.0,"key":"SMITH"},{"floor":15.0,"key":"REST"},{"data":"Catalyst","floor":24.0,"key":"SMITH"},{"floor":27.0,"key":"REST"},{"data":"Bouncing Flask","floor":32.0,"key":"SMITH"},{"floor":41,"key":"REST"},{"data":"Adrenaline","floor":47,"key":"SMITH"},{"data":"Burst","floor":49,"key":"SMITH"}],"neow_cost":"NONE","seed_source_timestamp":0,"circlet_count":0,"master_deck":["Defend_G+1","Defend_G+1","Defend_G+1","Defend_G+1","Defend_G+1","Survivor","Neutralize+1","Blade Dance+1","Malaise","Bouncing Flask+1","Backstab","Catalyst+1","After Image","Cloak And Dagger+1","After Image+1","Heel Hook+1","Cloak And Dagger","Dodge and Roll","PiercingWail","Cloak And Dagger+1","Deflect","Noxious Fumes","Deflect+1","Adrenaline+1","Leg Sweep","Infinite Blades","Backflip","PiercingWail","Burst+1","Acrobatics+1"],"special_seed":0,"relics":["Ring of the Snake","Juzu Bracelet","Shuriken","Snake Skull","Astrolabe","Nloth\u0027s Gift","Ornamental Fan","Boot","Pantograph","Ninja Scroll","Sozu","Dead Branch","Pocketwatch","Molten Egg 2","Kunai","Red Mask","Anchor"],"potions_floor_usage":[50],"damage_taken":[{"damage":4.0,"enemies":"Jaw Worm","floor":1.0,"turns":5.0},{"damage":0.0,"enemies":"Small Slimes","floor":3.0,"turns":3.0},{"damage":0.0,"enemies":"Cultist","floor":5.0,"turns":4.0},{"damage":31.0,"enemies":"3 Sentries","floor":7.0,"turns":10.0},{"damage":16.0,"enemies":"Lagavulin","floor":11.0,"turns":4.0},{"damage":13.0,"enemies":"Lots of Slimes","floor":13.0,"turns":4.0},{"damage":14.0,"enemies":"The Guardian","floor":16.0,"turns":6.0},{"damage":16.0,"enemies":"Spheric Guardian","floor":18.0,"turns":4.0},{"damage":0.0,"enemies":"3 Byrds","floor":22.0,"turns":4.0},{"damage":0.0,"enemies":"Gremlin Leader","floor":23.0,"turns":8.0},{"damage":4.0,"enemies":"Snake Plant","floor":25.0,"turns":5.0},{"damage":0.0,"enemies":"Shelled Parasite and Fungi","floor":28.0,"turns":7.0},{"damage":14.0,"enemies":"Slavers","floor":29.0,"turns":7.0},{"damage":18.0,"enemies":"Collector","floor":33.0,"turns":7.0},{"damage":0.0,"enemies":"3 Shapes","floor":35.0,"turns":3.0},{"damage":1.0,"enemies":"Mind Bloom Boss Battle","floor":38.0,"turns":5.0},{"damage":20.0,"enemies":"2 Orb Walkers","floor":39.0,"turns":8.0},{"damage":10.0,"enemies":"Reptomancer","floor":40.0,"turns":8.0},{"damage":2,"enemies":"Orb Walker","floor":46,"turns":4},{"damage":0,"enemies":"Giant Head","floor":48,"turns":7},{"damage":0,"enemies":"Time Eater","floor":50,"turns":5}],"seed_played":"4606242415830528561","potions_obtained":[{"floor":1.0,"key":"SneckoOil"},{"floor":7.0,"key":"Block Potion"},{"floor":16.0,"key":"LiquidBronze"},{"floor":18.0,"key":"Fire Potion"},{"floor":22.0,"key":"Poison Potion"},{"floor":29.0,"key":"GhostInAJar"},{"floor":33.0,"key":"EntropicBrew"}],"is_trial":false,"path_per_floor":["M","?","M","?","M","R","E","R","T","R","E","?","M","$","R","B",null,"M","$","?","$","M","E","R","M","T","R","M","E","?","?","R","B",null,"M","$","?","?","?","E","R","?","T","$","?","M","R","E","R","B",null],"character_chosen":"THE_SILENT","items_purchased":["Catalyst","AttackPotion","GhostInAJar","Dodge and Roll","Infinite Blades","Backflip","PiercingWail"],"campfire_rested":4,"item_purchase_floors":[14,14,19,21,36,36,44],"current_hp_per_floor":[66,66,66,59,59,59,28,49,49,49,33,33,20,20,41,27,59,43,43,43,43,43,43,43,39,39,60,60,46,46,46,46,52,66,66,66,66,69,49,39,60,60,60,60,60,58,58,58,58,70],"gold":42,"neow_bonus":"RANDOM_COMMON_RELIC","is_prod":false,"is_daily":false,"chose_seed":false,"campfire_upgraded":6,"win_rate":0,"timestamp":1555377101,"path_taken":["M","?","M","?","M","R","E","R","T","R","E","?","M","$","R","BOSS","M","$","?","?","M","E","R","M","T","R","M","E","?","?","R","BOSS","M","$","?","?","?","E","R","?","T","$","?","M","R","E","R","BOSS"],"build_version":"2019-01-23","purchased_purges":3,"victory":true,"max_hp_per_floor":[70,70,70,70,70,70,70,70,70,70,70,70,70,70,70,70,70,70,70,70,70,70,70,70,70,70,70,70,70,70,70,70,70,70,70,70,70,70,70,70,70,70,70,70,70,70,70,70,70,70],"card_choices":[{"not_picked":["Flying Knee","PiercingWail"],"picked":"Heel Hook","floor":1.0},{"not_picked":["Distraction","Setup"],"picked":"Poisoned Stab","floor":3.0},{"not_picked":["Bane","Outmaneuver"],"picked":"Blade Dance","floor":5.0},{"not_picked":["Cloak And Dagger","Choke"],"picked":"Malaise","floor":7.0},{"not_picked":["Reflex","Glass Knife"],"picked":"Bouncing Flask","floor":11.0},{"not_picked":["Blade Dance","PiercingWail"],"picked":"Backstab","floor":13.0},{"not_picked":["Envenom","Bullet Time"],"picked":"After Image","floor":16.0},{"not_picked":["Poisoned Stab","Quick Slash"],"picked":"Cloak And Dagger","floor":18.0},{"not_picked":["Calculated Gamble+1","Distraction"],"picked":"PiercingWail","floor":22.0},{"not_picked":["Underhanded Strike","Poisoned Stab"],"picked":"Cloak And Dagger+1","floor":23.0},{"not_picked":["Concentrate","Poisoned Stab+1"],"picked":"Deflect","floor":25.0},{"not_picked":["Bullet Time","Catalyst"],"picked":"Noxious Fumes","floor":28.0},{"not_picked":["Poisoned Stab+1","Dagger Spray"],"picked":"Deflect+1","floor":29.0},{"not_picked":["Storm of Steel","After Image"],"picked":"Adrenaline","floor":33.0},{"not_picked":["Prepared+1","Distraction+1"],"picked":"Leg Sweep","floor":35.0},{"not_picked":["Underhanded Strike","Concentrate+1","Acrobatics"],"picked":"SKIP","floor":40.0},{"not_picked":["Setup","Tactician+1"],"picked":"Burst","floor":46},{"not_picked":["Prepared","Deadly Poison+1"],"picked":"Acrobatics+1","floor":48}],"player_experience":706173,"relics_obtained":[{"floor":7.0,"key":"Juzu Bracelet"},{"floor":9.0,"key":"Shuriken"},{"floor":11.0,"key":"Snake Skull"},{"floor":23.0,"key":"Ornamental Fan"},{"floor":26.0,"key":"Boot"},{"floor":29.0,"key":"Pantograph"},{"floor":38.0,"key":"Dead Branch"},{"floor":39.0,"key":"Pocketwatch"},{"floor":40.0,"key":"Molten Egg 2"},{"floor":43,"key":"Kunai"},{"floor":48,"key":"Anchor"}],"event_choices":[{"damage_healed":0.0,"max_hp_gain":0.0,"max_hp_loss":0.0,"gold_gain":0.0,"event_name":"Living Wall","player_choice":"Grow","floor":2.0,"gold_loss":0.0,"damage_taken":0.0,"cards_upgraded":["Neutralize"]},{"cards_removed":["Strike_G"],"damage_healed":0.0,"max_hp_gain":0.0,"max_hp_loss":0.0,"gold_gain":0.0,"event_name":"Golden Wing","player_choice":"Card Removal","floor":4.0,"gold_loss":0.0,"damage_taken":7.0},{"damage_healed":0.0,"max_hp_gain":0.0,"max_hp_loss":0.0,"gold_gain":0.0,"cards_transformed":["Strike_G"],"event_name":"Transmorgrifier","player_choice":"Transformed","floor":12.0,"gold_loss":0.0,"damage_taken":0.0,"cards_obtained":["Reflex"]},{"damage_healed":0.0,"max_hp_gain":0.0,"max_hp_loss":0.0,"gold_gain":0.0,"event_name":"N\u0027loth","player_choice":"Traded Relic","floor":20.0,"relics_lost":["Potion Belt"],"gold_loss":0.0,"damage_taken":0.0,"relics_obtained":["Nloth\u0027s Gift"]},{"damage_healed":0.0,"max_hp_gain":0.0,"max_hp_loss":0.0,"gold_gain":0.0,"event_name":"Back to Basics","player_choice":"Simplicity","floor":30.0,"gold_loss":0.0,"damage_taken":0.0,"cards_upgraded":["Defend_G","Defend_G","Defend_G","Defend_G","Defend_G"]},{"damage_healed":0.0,"max_hp_gain":0.0,"max_hp_loss":0.0,"gold_gain":0.0,"event_name":"The Mausoleum","player_choice":"Opened","floor":31.0,"gold_loss":0.0,"damage_taken":0.0,"relics_obtained":["Ninja Scroll"],"cards_obtained":["Writhe"]},{"damage_healed":0.0,"max_hp_gain":0.0,"max_hp_loss":0.0,"gold_gain":0.0,"event_name":"SensoryStone","player_choice":"Memory 1","floor":37.0,"gold_loss":0.0,"damage_taken":0.0},{"damage_healed":0.0,"max_hp_gain":0.0,"max_hp_loss":0.0,"gold_gain":0.0,"event_name":"MindBloom","player_choice":"Fight","floor":38.0,"gold_loss":0.0,"damage_taken":0.0},{"damage_healed":0.0,"max_hp_gain":0.0,"max_hp_loss":0.0,"gold_gain":0.0,"event_name":"Mysterious Sphere","player_choice":"Fight","floor":39.0,"gold_loss":0.0,"damage_taken":0.0},{"cards_removed":["Poisoned Stab"],"damage_healed":0,"gold_gain":0,"player_choice":"Removed Attack","damage_taken":0,"max_hp_gain":0,"max_hp_loss":0,"event_name":"Falling","floor":42,"gold_loss":0},{"damage_healed":0,"gold_gain":0,"player_choice":"Paid","damage_taken":0,"relics_obtained":["Red Mask"],"max_hp_gain":0,"max_hp_loss":0,"event_name":"Tomb of Lord Red Mask","floor":45,"gold_loss":54}],"is_beta":false,"boss_relics":[{"not_picked":["Eternal Feather","Orrery"],"picked":"Astrolabe"},{"not_picked":["Runic Pyramid","Fusion Hammer"],"picked":"Sozu"}],"items_purged_floors":[14,36,44],"is_endless":false,"potions_floor_spawned":[1,7,16,18,22,29,33,39,40,46],"ascension_level":5}