{"gold_per_floor":[114,125,137,150,173,185,185,216,263,281,45,45],"floor_reached":12,"playtime":995,"items_purged":[],"score":94,"play_id":"69f7cbf4-2376-4884-aa06-41dafa4d17b6","local_time":"20190601082853","is_ascension_mode":true,"campfire_choices":[{"floor":7,"key":"REST"}],"neow_cost":"NONE","seed_source_timestamp":1212113336400856,"circlet_count":0,"master_deck":["Strike_B","Strike_B","Strike_B","Strike_B","Defend_B","Defend_B","Defend_B","Defend_B","Zap","Dualcast","Creative AI","Storm","Gash","Ball Lightning","Doom and Gloom","White Noise","Gash","Conserve Battery","FTL"],"relics":["Cracked Core","DataDisk","Bag of Preparation","Art of War","Toolbox"],"potions_floor_usage":[],"damage_taken":[{"damage":9,"enemies":"Cultist","floor":1,"turns":5},{"damage":6,"enemies":"Jaw Worm","floor":2,"turns":5},{"damage":0,"enemies":"2 Louse","floor":3,"turns":3},{"damage":21,"enemies":"Exordium Wildlife","floor":4,"turns":5},{"damage":11,"enemies":"Blue Slaver","floor":6,"turns":3},{"damage":45,"enemies":"3 Sentries","floor":8,"turns":6},{"damage":0,"enemies":"Lots of Slimes","floor":10,"turns":1},{"damage":12,"enemies":"Exordium Wildlife","floor":12,"turns":1}],"seed_played":"-6481569812051817057","potions_obtained":[{"floor":1,"key":"FearPotion"},{"floor":2,"key":"Explosive Potion"},{"floor":4,"key":"Weak Potion"}],"is_trial":false,"path_per_floor":["M","M","M","M","T","M","R","E","T","M","$","M"],"character_chosen":"DEFECT","items_purchased":["Toolbox","FTL"],"campfire_rested":1,"item_purchase_floors":[11,11],"current_hp_per_floor":[66,60,60,39,39,28,50,5,5,5,5,0],"gold":45,"neow_bonus":"ONE_RANDOM_RARE_CARD","is_prod":false,"is_daily":false,"chose_seed":false,"campfire_upgraded":0,"win_rate":0,"timestamp":1559388533,"path_taken":["M","M","M","M","?","M","R","E","T","M","$","M"],"build_version":"2019-01-23","purchased_purges":0,"victory":false,"max_hp_per_floor":[75,75,75,75,75,75,75,75,75,75,75,75],"card_choices":[{"not_picked":["Sunder","Loop"],"picked":"Storm","floor":1},{"not_picked":["Cold Snap","Sweeping Beam"],"picked":"Gash","floor":2},{"not_picked":["Rebound","Barrage"],"picked":"Ball Lightning","floor":3},{"not_picked":["Beam Cell","Compile Driver"],"picked":"Doom and Gloom","floor":4},{"not_picked":["Steam Power","Streamline"],"picked":"White Noise","floor":6},{"not_picked":["White Noise","Machine Learning"],"picked":"Gash","floor":8},{"not_picked":["Auto Shields","Streamline"],"picked":"Conserve Battery","floor":10}],"player_experience":843026,"relics_obtained":[{"floor":5,"key":"DataDisk"},{"floor":8,"key":"Bag of Preparation"},{"floor":9,"key":"Art of War"}],"event_choices":[],"is_beta":false,"boss_relics":[],"items_purged_floors":[],"is_endless":false,"potions_floor_spawned":[1,2,4],"killed_by":"Exordium Wildlife","ascension_level":3}