{"gold_per_floor":[111,111,39,59,74,100,111,111,111,138,138,157,157],"floor_reached":13,"playtime":598,"items_purged":[],"score":109,"play_id":"b461bd0e-9aeb-427a-9b96-1a0daba19f35","local_time":"20190317080837","is_ascension_mode":true,"campfire_choices":[{"floor":11,"key":"REST"}],"neow_cost":"NONE","seed_source_timestamp":370106407522364,"circlet_count":0,"master_deck":["Strike_B","Strike_B","Strike_B","Strike_B","Defend_B","Defend_B","Defend_B","Defend_B","Zap+1","Dualcast","Seek","Double Energy","Rip and Tear","Genetic Algorithm","BootSequence","Lockon","Capacitor","Go for the Eyes"],"relics":["Cracked Core","Pantograph","Bottled Tornado","Mummified Hand"],"potions_floor_usage":[6,10,13],"damage_taken":[{"damage":0,"enemies":"Small Slimes","floor":1,"turns":3},{"damage":2,"enemies":"Jaw Worm","floor":4,"turns":2},{"damage":4,"enemies":"2 Louse","floor":5,"turns":2},{"damage":37,"enemies":"Gremlin Nob","floor":6,"turns":4},{"damage":0,"enemies":"Exordium Wildlife","floor":7,"turns":3},{"damage":23,"enemies":"Lagavulin","floor":10,"turns":6},{"damage":10,"enemies":"Large Slime","floor":12,"turns":4},{"damage":28,"enemies":"3 Sentries","floor":13,"turns":4}],"seed_played":"1507815273763923972","potions_obtained":[{"floor":5,"key":"Regen Potion"},{"floor":7,"key":"FocusPotion"},{"floor":12,"key":"EssenceOfSteel"}],"is_trial":false,"path_per_floor":["M","?","$","M","M","E","M","?","T","E","R","M","E"],"character_chosen":"DEFECT","items_purchased":["Rip and Tear"],"campfire_rested":1,"item_purchase_floors":[3],"current_hp_per_floor":[75,75,75,73,69,37,37,37,37,14,36,26,0],"gold":157,"neow_bonus":"ONE_RANDOM_RARE_CARD","is_prod":false,"is_daily":false,"chose_seed":false,"campfire_upgraded":0,"win_rate":0,"timestamp":1552835317,"path_taken":["M","?","$","M","M","E","M","?","T","E","R","M","E"],"build_version":"2019-01-23","purchased_purges":0,"victory":false,"max_hp_per_floor":[75,75,75,75,75,75,75,75,75,75,75,75,75],"card_choices":[{"not_picked":["Streamline","Static Discharge"],"picked":"Double Energy","floor":1},{"not_picked":["Turbo","Barrage"],"picked":"Genetic Algorithm","floor":4},{"not_picked":["Go for the Eyes","Turbo"],"picked":"BootSequence","floor":5},{"not_picked":["All For One","Hologram"],"picked":"Lockon","floor":6},{"not_picked":["Auto Shields","Cold Snap"],"picked":"Capacitor","floor":7},{"not_picked":["Streamline","Hello World"],"picked":"Go for the Eyes","floor":10},{"not_picked":["All For One","Gash","Scrape"],"picked":"SKIP","floor":12}],"player_experience":615432,"relics_obtained":[{"floor":6,"key":"Pantograph"},{"floor":9,"key":"Bottled Tornado"},{"floor":10,"key":"Mummified Hand"}],"event_choices":[{"damage_healed":0,"gold_gain":0,"player_choice":"Leave","damage_taken":0,"max_hp_gain":0,"max_hp_loss":0,"event_name":"The Cleric","floor":2,"gold_loss":0},{"damage_healed":0,"gold_gain":0,"player_choice":"Grow","damage_taken":0,"max_hp_gain":0,"max_hp_loss":0,"event_name":"Living Wall","floor":8,"gold_loss":0,"cards_upgraded":["Zap"]}],"is_beta":false,"boss_relics":[],"items_purged_floors":[],"is_endless":false,"potions_floor_spawned":[5,7,12],"killed_by":"3 Sentries","ascension_level":3}