{"gold_per_floor":[20,34,34,109,126,126,159,159,159,170,170,170,170,205,205,205],"floor_reached":16,"playtime":663,"items_purged":[],"score":135,"play_id":"5ea0cf04-455f-4587-9f6e-46724a14e19e","local_time":"20190602143051","is_ascension_mode":true,"campfire_choices":[{"data":"Leap","floor":6,"key":"SMITH"},{"floor":8,"key":"REST"},{"data":"Genetic Algorithm","floor":13,"key":"SMITH"},{"data":"Reinforced Body","floor":15,"key":"SMITH"}],"neow_cost":"NO_GOLD","seed_source_timestamp":1320563447153457,"circlet_count":0,"master_deck":["Strike_B","Strike_B","Strike_B","Strike_B+1","Defend_B+1","Defend_B","Defend_B","Defend_B","Zap","Dualcast","Genetic Algorithm+1","Leap+1","Genetic Algorithm+1","Reinforced Body+1","Sunder"],"relics":["Cracked Core","Calipers","The Courier","Orichalcum","Kunai"],"potions_floor_usage":[7,7],"damage_taken":[{"damage":0,"enemies":"2 Louse","floor":1,"turns":1},{"damage":7,"enemies":"Jaw Worm","floor":2,"turns":3},{"damage":2,"enemies":"Cultist","floor":5,"turns":4},{"damage":40,"enemies":"Gremlin Nob","floor":7,"turns":6},{"damage":0,"enemies":"Exordium Wildlife","floor":10,"turns":3},{"damage":16,"enemies":"Lagavulin","floor":14,"turns":10},{"damage":38,"enemies":"Hexaghost","floor":16,"turns":16}],"seed_played":"-6475510031017772258","potions_obtained":[{"floor":1,"key":"Swift Potion"},{"floor":2,"key":"SkillPotion"}],"is_trial":false,"path_per_floor":["M","M","?","?","M","R","E","R","T","M","?","?","R","E","R","B"],"character_chosen":"DEFECT","items_purchased":[],"campfire_rested":1,"item_purchase_floors":[],"current_hp_per_floor":[75,68,68,61,59,59,19,41,41,41,26,51,51,35,35,0],"gold":205,"neow_bonus":"ONE_RARE_RELIC","is_prod":false,"is_daily":false,"chose_seed":false,"campfire_upgraded":3,"win_rate":0,"timestamp":1559496651,"path_taken":["M","M","?","?","?","R","E","R","T","M","?","?","R","E","R","BOSS"],"build_version":"2019-01-23","purchased_purges":0,"victory":false,"max_hp_per_floor":[75,75,75,75,75,75,75,75,75,75,75,75,75,75,75,75],"card_choices":[{"not_picked":["Fusion","Steam"],"picked":"Genetic Algorithm","floor":1},{"not_picked":["Turbo","Storm","Compile Driver"],"picked":"SKIP","floor":2},{"not_picked":["Rebound","Streamline"],"picked":"Leap","floor":5},{"not_picked":["Rainbow","Double Energy"],"picked":"Genetic Algorithm","floor":7},{"not_picked":["Go for the Eyes","Double Energy"],"picked":"Reinforced Body","floor":10},{"not_picked":["Compile Driver","Reinforced Body"],"picked":"Sunder","floor":14}],"player_experience":869287,"relics_obtained":[{"floor":7,"key":"The Courier"},{"floor":9,"key":"Orichalcum"},{"floor":14,"key":"Kunai"}],"event_choices":[{"damage_healed":0,"gold_gain":0,"player_choice":"Grow","damage_taken":0,"max_hp_gain":0,"max_hp_loss":0,"event_name":"Living Wall","floor":3,"gold_loss":0,"cards_upgraded":["Genetic Algorithm"]},{"damage_healed":0,"gold_gain":75,"player_choice":"Touch","damage_taken":7,"max_hp_gain":0,"max_hp_loss":0,"event_name":"FaceTrader","floor":4,"gold_loss":0},{"damage_healed":0,"gold_gain":0,"player_choice":"Entered Light","damage_taken":15,"max_hp_gain":0,"max_hp_loss":0,"event_name":"Shining Light","floor":11,"gold_loss":0,"cards_upgraded":["Strike_B","Defend_B"]},{"damage_healed":25,"gold_gain":0,"player_choice":"Banana","damage_taken":0,"max_hp_gain":0,"max_hp_loss":0,"event_name":"Big Fish","floor":12,"gold_loss":0}],"is_beta":false,"boss_relics":[],"items_purged_floors":[],"is_endless":false,"potions_floor_spawned":[1,2],"killed_by":"Hexaghost","ascension_level":5}