{"gold_per_floor":[114,126,142,159,159,159,35,69,69,98,115,127,127,140,140,242,242,242,242,242,242,119,119,119,119,119,119,44,44,44,44,44,44,44,44,44,44,44,44,44,44,44,44,44,44,44,44,44,44,44],"floor_reached":51,"playtime":9097,"items_purged":["Meteor Strike","Strike_B"],"score":811,"play_id":"3f3c8b28-3d2d-4ec2-85ee-dca73bdfd9f6","local_time":"20181130000917","is_ascension_mode":true,"campfire_choices":[{"data":"Streamline","floor":6.0,"key":"SMITH"},{"data":"Auto Shields","floor":13.0,"key":"SMITH"},{"floor":15.0,"key":"REST"},{"data":"Tempest","floor":23.0,"key":"SMITH"},{"floor":29.0,"key":"REST"},{"floor":32.0,"key":"REST"},{"data":"White Noise","floor":40,"key":"SMITH"},{"data":"Thunder Strike","floor":44,"key":"SMITH"},{"data":"Go for the Eyes","floor":46,"key":"SMITH"},{"floor":49,"key":"REST"}],"neow_cost":"NONE","seed_source_timestamp":0,"circlet_count":0,"master_deck":["Strike_B","Strike_B","Strike_B","Defend_B","Defend_B","Defend_B","Zap","Dualcast","Self Repair","Conserve Battery","Streamline+1","Coolheaded","Loop","Auto Shields+1","Creative AI+1","Defragment+1","Defragment+1","Genetic Algorithm","Coolheaded","Leap","Electrodynamics+1","Static Discharge+1","Cold Snap","Ball Lightning","Storm+1","Tempest+1","Thunder Strike+1","White Noise+1","Stack","Stack","Defragment+1","Genetic Algorithm","Static Discharge+1","Go for the Eyes","Hologram+1","Seek","White Noise+1","Go for the Eyes+1","Biased Cognition+1","Capacitor+1","Self Repair+1","Steam+1","Storm+1","Auto Shields+1","Stack","Melter","Redo+1","Buffer+1","Storm+1","Conserve Battery+1"],"special_seed":0,"relics":["Cracked Core","Gremlin Horn","Prayer Wheel","Ice Cream","Frozen Egg 2","Ectoplasm","Turnip","Sundial","Philosopher\u0027s Stone","Mango","Unceasing Top","Toxic Egg 2","Nunchaku"],"potions_floor_usage":[45,50,50],"damage_taken":[{"damage":12.0,"enemies":"Jaw Worm","floor":1.0,"turns":3.0},{"damage":7.0,"enemies":"Small Slimes","floor":2.0,"turns":4.0},{"damage":0.0,"enemies":"Cultist","floor":3.0,"turns":3.0},{"damage":14.0,"enemies":"Looter","floor":4.0,"turns":4.0},{"damage":17.0,"enemies":"Gremlin Nob","floor":8.0,"turns":4.0},{"damage":8.0,"enemies":"3 Sentries","floor":10.0,"turns":8.0},{"damage":4.0,"enemies":"Lots of Slimes","floor":11.0,"turns":3.0},{"damage":4.0,"enemies":"2 Fungi Beasts","floor":12.0,"turns":3.0},{"damage":11.0,"enemies":"Looter","floor":14.0,"turns":3.0},{"damage":31.0,"enemies":"The Guardian","floor":16.0,"turns":11.0},{"damage":28.0,"enemies":"3 Byrds","floor":18.0,"turns":4.0},{"damage":0.0,"enemies":"Spheric Guardian","floor":19.0,"turns":4.0},{"damage":9.0,"enemies":"Snecko","floor":20.0,"turns":4.0},{"damage":3.0,"enemies":"Chosen and Byrds","floor":21.0,"turns":3.0},{"damage":0.0,"enemies":"3 Cultists","floor":24.0,"turns":3.0},{"damage":23.0,"enemies":"Slavers","floor":25.0,"turns":4.0},{"damage":16.0,"enemies":"Centurion and Healer","floor":27.0,"turns":4.0},{"damage":0.0,"enemies":"Cultist and Chosen","floor":30.0,"turns":6.0},{"damage":0.0,"enemies":"3 Cultists","floor":31.0,"turns":4.0},{"damage":3.0,"enemies":"Automaton","floor":33.0,"turns":5.0},{"damage":0,"enemies":"3 Shapes","floor":35,"turns":5},{"damage":3,"enemies":"Orb Walker","floor":36,"turns":3},{"damage":20,"enemies":"3 Darklings","floor":37,"turns":5},{"damage":13,"enemies":"Spire Growth","floor":38,"turns":4},{"damage":0,"enemies":"Mind Bloom Boss Battle","floor":39,"turns":4},{"damage":0,"enemies":"Giant Head","floor":41,"turns":6},{"damage":7,"enemies":"Maw","floor":42,"turns":5},{"damage":20,"enemies":"2 Orb Walkers","floor":45,"turns":3},{"damage":30,"enemies":"3 Darklings","floor":47,"turns":2},{"damage":35,"enemies":"Donu and Deca","floor":50,"turns":4}],"seed_played":"-8296027198499638384","potions_obtained":[{"floor":1.0,"key":"Explosive Potion"},{"floor":3.0,"key":"SkillPotion"},{"floor":8.0,"key":"SkillPotion"},{"floor":11.0,"key":"FairyPotion"},{"floor":20.0,"key":"FairyPotion"},{"floor":25.0,"key":"AttackPotion"},{"floor":30.0,"key":"Strength Potion"},{"floor":31.0,"key":"Energy Potion"},{"floor":35,"key":"Fire Potion"},{"floor":41,"key":"FocusPotion"},{"floor":45,"key":"AttackPotion"}],"is_trial":false,"path_per_floor":["M","M","M","M","?","R","$","E","T","E","M","M","R","M","R","B",null,"M","M","M","M","$","R","M","E","T","M","?","R","M","M","R","B",null,"M","M","M","M","?","R","E","M","T","R","?","R","M","?","R","B",null],"character_chosen":"DEFECT","items_purchased":["Block Potion","Stack"],"campfire_rested":4,"item_purchase_floors":[7,22],"current_hp_per_floor":[63,63,70,63,51,51,51,34,34,33,36,39,39,35,57,26,75,54,54,45,42,42,42,42,26,26,17,17,39,46,46,68,65,75,75,72,52,49,80,80,89,89,89,89,79,79,49,49,75,57],"gold":44,"neow_bonus":"ONE_RANDOM_RARE_CARD","is_prod":false,"is_daily":false,"chose_seed":false,"campfire_upgraded":6,"win_rate":0,"timestamp":1543565357,"path_taken":["M","M","M","M","?","R","?","E","T","E","M","M","R","M","R","BOSS","M","M","M","M","$","R","M","E","T","M","?","R","M","M","R","BOSS","M","M","M","M","?","R","E","M","T","R","?","R","M","?","R","BOSS"],"build_version":"2018-11-15","purchased_purges":2,"victory":true,"max_hp_per_floor":[75,75,75,75,75,75,75,75,75,75,75,75,75,75,75,75,75,75,75,75,75,75,75,75,75,75,75,75,75,75,75,75,75,75,75,75,75,75,89,89,89,89,89,89,89,89,89,89,89,89],"card_choices":[{"not_picked":["Storm","Reinforced Body"],"picked":"Self Repair","floor":1.0},{"not_picked":["Barrage","Sweeping Beam"],"picked":"Conserve Battery","floor":2.0},{"not_picked":["Sweeping Beam","Barrage"],"picked":"Streamline","floor":3.0},{"not_picked":["Turbo","Steam"],"picked":"Coolheaded","floor":4.0},{"not_picked":["Scrape","Double Energy"],"picked":"Loop","floor":8.0},{"not_picked":["Rebound","Leap"],"picked":"Auto Shields","floor":10.0},{"not_picked":["Compile Driver","Recycle"],"picked":"Creative AI+1","floor":11.0},{"not_picked":["Rebound","Coolheaded"],"picked":"Defragment+1","floor":11.0},{"not_picked":["Cold Snap","Multi-Cast"],"picked":"Defragment+1","floor":12.0},{"not_picked":["Turbo","Redo"],"picked":"Genetic Algorithm","floor":12.0},{"not_picked":["Thunder Strike","Streamline"],"picked":"Coolheaded","floor":14.0},{"not_picked":["Gash","Barrage"],"picked":"Leap","floor":14.0},{"not_picked":["Biased Cognition+1","Machine Learning+1"],"picked":"Electrodynamics+1","floor":16.0},{"not_picked":["Skim+1","Ball Lightning"],"picked":"Static Discharge+1","floor":18.0},{"not_picked":["Steam+1","Blizzard","Compile Driver"],"picked":"SKIP","floor":18.0},{"not_picked":["Stack","Doom and Gloom"],"picked":"Cold Snap","floor":19.0},{"not_picked":["Reprogram","Rebound+1"],"picked":"Ball Lightning","floor":19.0},{"not_picked":["Sweeping Beam","Steam"],"picked":"Storm+1","floor":20.0},{"not_picked":["Ball Lightning","Turbo"],"picked":"Tempest","floor":20.0},{"not_picked":["Force Field","Sunder"],"picked":"Thunder Strike","floor":21.0},{"not_picked":["Redo+1","Scrape"],"picked":"White Noise","floor":21.0},{"not_picked":["Leap","Rebound"],"picked":"Stack","floor":24.0},{"not_picked":["Loop+1","Capacitor+1"],"picked":"Defragment+1","floor":24.0},{"not_picked":["Leap","Beam Cell"],"picked":"Genetic Algorithm","floor":25.0},{"not_picked":["Beam Cell","White Noise+1"],"picked":"Static Discharge+1","floor":27.0},{"not_picked":["Ball Lightning","Scrape"],"picked":"Go for the Eyes","floor":27.0},{"not_picked":["Ball Lightning","Cold Snap"],"picked":"Hologram+1","floor":30.0},{"not_picked":["Conserve Battery","Leap"],"picked":"Seek","floor":30.0},{"not_picked":["Redo","Beam Cell"],"picked":"White Noise+1","floor":31.0},{"not_picked":["Reprogram+1","Seek"],"picked":"Go for the Eyes","floor":31.0},{"not_picked":["Reboot","Thunder Strike"],"picked":"Biased Cognition+1","floor":33.0},{"not_picked":["FTL+1","Fusion+1","Stack"],"picked":"SKIP","floor":35},{"not_picked":["Rebound","Hologram","Streamline+1"],"picked":"SKIP","floor":35},{"not_picked":["Rip and Tear+1","Streamline"],"picked":"Capacitor+1","floor":36},{"not_picked":["Blizzard+1","Consume"],"picked":"Self Repair+1","floor":36},{"not_picked":["Conserve Battery","Go for the Eyes"],"picked":"Steam+1","floor":37},{"not_picked":["Redo","FTL","Machine Learning+1"],"picked":"SKIP","floor":37},{"not_picked":["Cold Snap+1","Gash","Static Discharge+1"],"picked":"SKIP","floor":38},{"not_picked":["Compile Driver+1","Turbo","Barrage"],"picked":"SKIP","floor":38},{"not_picked":["Stack+1","Aggregate+1"],"picked":"Storm+1","floor":39},{"not_picked":["Ball Lightning+1","Recycle","Sunder"],"picked":"SKIP","floor":41},{"not_picked":["Gash","Turbo"],"picked":"Auto Shields+1","floor":42},{"not_picked":["Leap","Steam"],"picked":"Stack","floor":42},{"not_picked":["Consume+1","FTL+1"],"picked":"Melter","floor":45},{"not_picked":["Go for the Eyes","Static Discharge+1"],"picked":"Redo+1","floor":47},{"not_picked":["Gash+1","FTL+1"],"picked":"Buffer+1","floor":47}],"player_experience":435673,"relics_obtained":[{"floor":8.0,"key":"Prayer Wheel"},{"floor":9.0,"key":"Ice Cream"},{"floor":10.0,"key":"Frozen Egg 2"},{"floor":25.0,"key":"Turnip"},{"floor":26.0,"key":"Sundial"},{"floor":39,"key":"Mango"},{"floor":41,"key":"Unceasing Top"},{"floor":43,"key":"Toxic Egg 2"},{"floor":45,"key":"Nunchaku"}],"event_choices":[{"damage_healed":0.0,"max_hp_gain":0.0,"max_hp_loss":0.0,"gold_gain":0.0,"event_name":"Scrap Ooze","player_choice":"Success","floor":5.0,"gold_loss":0.0,"damage_taken":12.0,"relics_obtained":["Gremlin Horn"]},{"cards_removed":["Defend_B"],"damage_healed":0.0,"max_hp_gain":0.0,"max_hp_loss":0.0,"gold_gain":0.0,"event_name":"Beggar","player_choice":"Gave Gold","floor":28.0,"gold_loss":75.0,"damage_taken":0.0},{"damage_healed":0,"gold_gain":0,"player_choice":"Fight","damage_taken":0,"max_hp_gain":0,"max_hp_loss":0,"event_name":"MindBloom","floor":39,"gold_loss":0},{"damage_healed":0,"gold_gain":0,"player_choice":"Fight","damage_taken":0,"max_hp_gain":0,"max_hp_loss":0,"event_name":"Mysterious Sphere","floor":45,"gold_loss":0},{"damage_healed":0,"gold_gain":0,"player_choice":"2 cards matched","damage_taken":0,"max_hp_gain":0,"max_hp_loss":0,"event_name":"Match and Keep!","floor":48,"gold_loss":0,"cards_obtained":["Storm","Conserve Battery"]}],"is_beta":false,"boss_relics":[{"not_picked":["Runic Dome","Eternal Feather"],"picked":"Ectoplasm"},{"not_picked":["Sozu","Tiny House"],"picked":"Philosopher\u0027s Stone"}],"items_purged_floors":[7,22],"is_endless":false,"potions_floor_spawned":[1,3,8,11,20,25,30,31,35,38,41,45],"ascension_level":2}