{"gold_per_floor":[17,29,29,40,60,87,107,107,107,107,138,138,155,174,174,271,271,281,281,295,308,322,349,361,361,385,385,400,325,325,150,150,250,250,263,4,0,15,66,66,66,66,90,90,102,115,125,25,25,25],"floor_reached":51,"playtime":3305,"items_purged":["Strike_R","Anger"],"score":889,"play_id":"f3ef2c69-b885-4e37-aa27-2fe724e765a6","local_time":"20190316090954","is_ascension_mode":true,"campfire_choices":[{"data":"Feed","floor":10.0,"key":"SMITH"},{"data":"Bash","floor":12.0,"key":"SMITH"},{"data":"Metallicize","floor":15.0,"key":"SMITH"},{"floor":25,"key":"REST"},{"floor":27,"key":"REST"},{"floor":30,"key":"REST"},{"data":"Demon Form","floor":32,"key":"SMITH"},{"data":"Heavy Blade","floor":40,"key":"SMITH"},{"data":"Fiend Fire","floor":41,"key":"SMITH"},{"data":"Metallicize","floor":44,"key":"SMITH"},{"data":"Disarm","floor":49,"key":"SMITH"}],"neow_cost":"NO_GOLD","seed_source_timestamp":0,"circlet_count":0,"master_deck":["Strike_R","Strike_R","Strike_R","Strike_R","Defend_R","Defend_R","Defend_R","Defend_R","Bash+1","Feed+1","Metallicize+1","Dropkick","Metallicize+1","Metallicize","Twin Strike","Impervious","Clothesline","Evolve","Demon Form+1","Whirlwind+1","Seeing Red","Ghostly Armor","Shrug It Off","Iron Wave","Clothesline","Heavy Blade+1","The Bomb","Fiend Fire+1","Feel No Pain+1","Carnage+1","Flash of Steel","Disarm+1","Combust+1","Flame Barrier","Parasite","Shockwave+1","Heavy Blade+1"],"special_seed":0,"relics":["Burning Blood","Blue Candle","Orichalcum","Question Card","Incense Burner","Sozu","WingedGreaves","Bag of Marbles","Snecko Eye","Pear","Red Mask","Prayer Wheel","Anchor"],"potions_floor_usage":[18,21],"damage_taken":[{"damage":24.0,"enemies":"Small Slimes","floor":1.0,"turns":4.0},{"damage":8.0,"enemies":"Jaw Worm","floor":2.0,"turns":3.0},{"damage":10.0,"enemies":"2 Louse","floor":4.0,"turns":3.0},{"damage":9.0,"enemies":"2 Fungi Beasts","floor":5.0,"turns":2.0},{"damage":36.0,"enemies":"3 Sentries","floor":6.0,"turns":12.0},{"damage":4.0,"enemies":"Blue Slaver","floor":7.0,"turns":4.0},{"damage":6.0,"enemies":"Lagavulin","floor":11.0,"turns":8.0},{"damage":7.0,"enemies":"3 Louse","floor":13.0,"turns":3.0},{"damage":4.0,"enemies":"Red Slaver","floor":14.0,"turns":4.0},{"damage":27.0,"enemies":"Slime Boss","floor":16.0,"turns":15.0},{"damage":15,"enemies":"Spheric Guardian","floor":18,"turns":6},{"damage":0,"enemies":"3 Byrds","floor":20,"turns":4},{"damage":21,"enemies":"Shelled Parasite and Fungi","floor":21,"turns":7},{"damage":30,"enemies":"Centurion and Healer","floor":22,"turns":8},{"damage":45,"enemies":"Book of Stabbing","floor":23,"turns":7},{"damage":20,"enemies":"Cultist and Chosen","floor":24,"turns":7},{"damage":15,"enemies":"Sentry and Sphere","floor":28,"turns":5},{"damage":5,"enemies":"Champ","floor":33,"turns":9},{"damage":0,"enemies":"3 Shapes","floor":35,"turns":4},{"damage":0,"enemies":"Orb Walker","floor":38,"turns":4},{"damage":8,"enemies":"2 Orb Walkers","floor":39,"turns":4},{"damage":0,"enemies":"Sphere and 2 Shapes","floor":45,"turns":4},{"damage":1,"enemies":"Maw","floor":46,"turns":4},{"damage":0,"enemies":"Writhing Mass","floor":47,"turns":5},{"damage":28,"enemies":"Donu and Deca","floor":50,"turns":8}],"seed_played":"-9074732033821617982","potions_obtained":[{"floor":2.0,"key":"Explosive Potion"},{"floor":4.0,"key":"BloodPotion"},{"floor":7.0,"key":"AttackPotion"},{"floor":13.0,"key":"SpeedPotion"},{"floor":16.0,"key":"Energy Potion"}],"is_trial":false,"path_per_floor":["M","M","?","M","M","E","M","?","T","R","E","R","M","M","R","B",null,"M","$","M","M","M","E","M","R","T","R","M","$","R","$","R","B",null,"M","$","?","M","?","R","R","?","T","R","M","M","M","$","R","B",null],"character_chosen":"IRONCLAD","items_purchased":["The Bomb","Pear"],"campfire_rested":3,"item_purchase_floors":[31,36],"current_hp_per_floor":[65,66,71,70,70,43,48,45,45,45,45,45,48,50,50,43,94,85,85,95,84,64,25,11,47,47,83,74,74,110,110,110,111,120,127,137,137,137,139,139,139,139,139,139,141,141,141,141,141,119],"gold":25,"neow_bonus":"THREE_RARE_CARDS","is_prod":false,"is_daily":false,"chose_seed":false,"campfire_upgraded":8,"win_rate":0,"timestamp":1552752594,"path_taken":["M","M","?","M","M","E","M","?","T","R","E","R","M","M","R","BOSS","M","$","M","M","M","E","M","R","T","R","M","$","R","$","R","BOSS","M","$","?","M","?","R","R","?","T","R","M","M","M","$","R","BOSS"],"build_version":"2019-01-23","purchased_purges":2,"victory":true,"max_hp_per_floor":[83,86,91,94,97,100,103,103,103,103,103,103,107,107,107,111,111,111,111,115,119,123,123,123,123,123,123,123,123,123,123,123,123,123,127,137,137,137,141,141,141,141,141,141,141,141,141,141,141,141],"card_choices":[{"not_picked":["Exhume","Berserk"],"picked":"Feed","floor":0.0},{"not_picked":["Clothesline","Clash"],"picked":"Metallicize","floor":1.0},{"not_picked":["Iron Wave","Clash"],"picked":"Dropkick","floor":2.0},{"not_picked":["Headbutt","Searing Blow"],"picked":"Metallicize","floor":4.0},{"not_picked":["Body Slam","Power Through"],"picked":"Metallicize","floor":5.0},{"not_picked":["Armaments","Thunderclap"],"picked":"Twin Strike","floor":6.0},{"not_picked":["Second Wind","Iron Wave"],"picked":"Anger","floor":7.0},{"not_picked":["Disarm","Evolve","Thunderclap"],"picked":"Impervious","floor":11.0},{"not_picked":["Anger","Sword Boomerang","Clash"],"picked":"Clothesline","floor":13.0},{"not_picked":["Thunderclap","Clothesline","Ghostly Armor"],"picked":"Evolve","floor":14.0},{"not_picked":["Feed","Dark Embrace","Barricade"],"picked":"Demon Form","floor":16.0},{"not_picked":["Body Slam","Thunderclap","Fire Breathing"],"picked":"Whirlwind+1","floor":18},{"not_picked":["Perfected Strike","Flex","Whirlwind"],"picked":"Seeing Red","floor":20},{"not_picked":["Havoc+1","Power Through","Perfected Strike"],"picked":"Ghostly Armor","floor":21},{"not_picked":["Warcry","Body Slam","Bludgeon"],"picked":"Shrug It Off","floor":22},{"not_picked":["Sever Soul","Exhume","True Grit"],"picked":"Iron Wave","floor":23},{"not_picked":["Cleave+1","Sword Boomerang","Wild Strike+1"],"picked":"Clothesline","floor":24},{"not_picked":["Carnage+1","Flex+1","Perfected Strike"],"picked":"Heavy Blade","floor":28},{"not_picked":["Brutality","Dark Embrace","Bludgeon"],"picked":"Fiend Fire","floor":33},{"not_picked":["Cleave","Sever Soul","Iron Wave"],"picked":"Feel No Pain+1","floor":35},{"not_picked":["Sword Boomerang+1","Bloodletting+1","Body Slam"],"picked":"Carnage+1","floor":38},{"not_picked":["Good Instincts","Purity","Deep Breath"],"picked":"Flash of Steel","floor":42},{"not_picked":["Sword Boomerang","Evolve+1","Intimidate+1"],"picked":"Disarm","floor":45},{"not_picked":["Corruption+1","Clothesline","Body Slam+1","Pommel Strike"],"picked":"SKIP","floor":45},{"not_picked":["Perfected Strike+1","Reckless Charge","Rupture+1"],"picked":"Combust+1","floor":46},{"not_picked":["Warcry+1","Whirlwind","Second Wind"],"picked":"Flame Barrier","floor":46},{"not_picked":["Combust","Sword Boomerang+1","Clothesline"],"picked":"Shockwave+1","floor":47},{"not_picked":["Dark Embrace","Perfected Strike+1","Whirlwind"],"picked":"Heavy Blade+1","floor":47}],"player_experience":611759,"relics_obtained":[{"floor":6.0,"key":"Blue Candle"},{"floor":9.0,"key":"Question Card"},{"floor":11.0,"key":"Incense Burner"},{"floor":23,"key":"WingedGreaves"},{"floor":26,"key":"Bag of Marbles"},{"floor":39,"key":"Prayer Wheel"},{"floor":43,"key":"Anchor"}],"event_choices":[{"damage_healed":0.0,"max_hp_gain":5.0,"max_hp_loss":0.0,"gold_gain":0.0,"event_name":"Big Fish","player_choice":"Donut","floor":3.0,"gold_loss":0.0,"damage_taken":0.0},{"damage_healed":0.0,"max_hp_gain":0.0,"max_hp_loss":0.0,"gold_gain":0.0,"event_name":"Scrap Ooze","player_choice":"Success","floor":8.0,"gold_loss":0.0,"damage_taken":3.0,"relics_obtained":["Orichalcum"]},{"damage_healed":0,"gold_gain":0,"player_choice":"Paid","damage_taken":0,"relics_obtained":["Red Mask"],"max_hp_gain":0,"max_hp_loss":0,"event_name":"Tomb of Lord Red Mask","floor":37,"gold_loss":4},{"damage_healed":0,"gold_gain":0,"player_choice":"Fight","damage_taken":0,"max_hp_gain":0,"max_hp_loss":0,"event_name":"Mysterious Sphere","floor":39,"gold_loss":0},{"damage_healed":0,"gold_gain":0,"player_choice":"Memory 1","damage_taken":0,"max_hp_gain":0,"max_hp_loss":0,"event_name":"SensoryStone","floor":42,"gold_loss":0}],"is_beta":false,"boss_relics":[{"not_picked":["Cursed Key","Calling Bell"],"picked":"Sozu"},{"not_picked":["Coffee Dripper","Velvet Choker"],"picked":"Snecko Eye"}],"items_purged_floors":[29,48],"is_endless":false,"potions_floor_spawned":[2,4,7,13,16,18,22,23,24,45,47],"ascension_level":5}