{"gold_per_floor":[113,113,11,28,28,28,54,54,80,80,94,119,175,208,208,313,313,325,344,377,71,71,100,110,110,110,110,110,123,35,64,64,165,165,182,404,422,269,279,308,308,327,352,381,381,407,418,418,418,418],"floor_reached":51,"playtime":3486,"items_purged":["Regret","Strike_G","Defend_G"],"score":1216,"play_id":"79d95d2e-1532-4196-88da-82757f81adb0","local_time":"20190528200322","is_ascension_mode":true,"campfire_choices":[{"data":"Glass Knife","floor":6.0,"key":"SMITH"},{"data":"Glass Knife","floor":8.0,"key":"SMITH"},{"floor":10.0,"key":"REST"},{"data":"A Thousand Cuts","floor":15.0,"key":"SMITH"},{"data":"A Thousand Cuts","floor":25.0,"key":"SMITH"},{"data":"Footwork","floor":27.0,"key":"SMITH"},{"data":"Neutralize","floor":32.0,"key":"SMITH"},{"data":"Chrysalis","floor":41.0,"key":"SMITH"},{"floor":45.0,"key":"REST"},{"floor":49,"key":"REST"}],"neow_cost":"NONE","seed_source_timestamp":0,"circlet_count":0,"master_deck":["Defend_G+1","Defend_G","Defend_G","Defend_G+1","Strike_G","Strike_G+1","Strike_G","Survivor","Neutralize+1","Glass Knife+1","Deflect","Sucker Punch","Dagger Throw","Glass Knife+1","Heel Hook","Backstab","Caltrops","A Thousand Cuts+1","Adrenaline","Backflip","Calculated Gamble+1","Footwork+1","Chrysalis+1","Choke","Flash of Steel+1","A Thousand Cuts+1","Riddle With Holes+1","Heel Hook","Well Laid Plans","Backflip","Skewer","Dagger Throw+1","Footwork+1","Caltrops+1","A Thousand Cuts+1"],"special_seed":0,"relics":["Ring of the Snake","FossilizedHelix","Shuriken","Smiling Mask","Potion Belt","Tough Bandages","Letter Opener","Snake Skull","Busted Crown","Red Mask","Anchor","Bottled Tornado","Frozen Egg 2","Orrery","War Paint","Whetstone","Turnip","Gremlin Horn"],"potions_floor_usage":[50,50,50],"damage_taken":[{"damage":0.0,"enemies":"Small Slimes","floor":1.0,"turns":2.0},{"damage":0.0,"enemies":"Cultist","floor":4.0,"turns":3.0},{"damage":20.0,"enemies":"3 Sentries","floor":7.0,"turns":8.0},{"damage":0.0,"enemies":"2 Louse","floor":11.0,"turns":3.0},{"damage":0.0,"enemies":"Lagavulin","floor":12.0,"turns":4.0},{"damage":0.0,"enemies":"Lagavulin Event","floor":13.0,"turns":3.0},{"damage":0.0,"enemies":"3 Sentries","floor":14.0,"turns":6.0},{"damage":15.0,"enemies":"The Guardian","floor":16.0,"turns":12.0},{"damage":0.0,"enemies":"Chosen","floor":18.0,"turns":3.0},{"damage":0.0,"enemies":"Shell Parasite","floor":19.0,"turns":2.0},{"damage":0.0,"enemies":"Masked Bandits","floor":20.0,"turns":3.0},{"damage":0.0,"enemies":"Book of Stabbing","floor":23.0,"turns":4.0},{"damage":0.0,"enemies":"Centurion and Healer","floor":24.0,"turns":5.0},{"damage":0.0,"enemies":"Snecko","floor":29.0,"turns":2.0},{"damage":0.0,"enemies":"Slavers","floor":31.0,"turns":3.0},{"damage":35.0,"enemies":"Champ","floor":33.0,"turns":8.0},{"damage":0.0,"enemies":"Orb Walker","floor":35.0,"turns":3.0},{"damage":0.0,"enemies":"3 Shapes","floor":37.0,"turns":4.0},{"damage":0.0,"enemies":"Jaw Worm Horde","floor":39.0,"turns":5.0},{"damage":0.0,"enemies":"Giant Head","floor":40.0,"turns":8.0},{"damage":0.0,"enemies":"Sphere and 2 Shapes","floor":42.0,"turns":4.0},{"damage":16.0,"enemies":"Reptomancer","floor":44.0,"turns":6.0},{"damage":32.0,"enemies":"Giant Head","floor":46.0,"turns":7.0},{"damage":0.0,"enemies":"3 Darklings","floor":47.0,"turns":3.0},{"damage":36,"enemies":"Donu and Deca","floor":50,"turns":7}],"seed_played":"9039208872301844520","potions_obtained":[{"floor":1.0,"key":"SpeedPotion"},{"floor":4.0,"key":"Poison Potion"},{"floor":7.0,"key":"EssenceOfSteel"},{"floor":13.0,"key":"SteroidPotion"},{"floor":14.0,"key":"GhostInAJar"},{"floor":16.0,"key":"Ancient Potion"},{"floor":20.0,"key":"SpeedPotion"},{"floor":24.0,"key":"FearPotion"},{"floor":29.0,"key":"Block Potion"},{"floor":35.0,"key":"Explosive Potion"},{"floor":40.0,"key":"Explosive Potion"},{"floor":44.0,"key":"PowerPotion"},{"floor":46.0,"key":"Weak Potion"}],"is_trial":false,"path_per_floor":["M","?","$","M","?","R","E","R","T","R","M","E","?","E","R","B",null,"M","M","?","$","?","E","M","R","T","R","?","M","$","E","R","B",null,"M","?","M","$","M","E","R","M","T","E","R","E","M","?","R","B",null],"character_chosen":"THE_SILENT","items_purchased":["Sucker Punch","Footwork","Chrysalis","Well Laid Plans","Footwork+1","Regen Potion"],"campfire_rested":3,"item_purchase_floors":[3,21,21,30,38,38],"current_hp_per_floor":[63,63,63,63,63,63,43,43,43,64,64,64,64,64,64,49,65,65,65,65,65,65,65,65,65,65,65,65,65,65,65,65,30,60,60,60,60,60,60,60,60,60,60,44,65,33,33,33,54,33],"gold":418,"neow_bonus":"ONE_RANDOM_RARE_CARD","is_prod":false,"is_daily":false,"chose_seed":false,"campfire_upgraded":7,"win_rate":0,"timestamp":1559084602,"path_taken":["M","?","$","M","?","R","E","R","T","R","?","E","?","E","R","BOSS","M","M","?","$","?","E","?","R","T","R","?","?","$","E","R","BOSS","M","?","M","$","M","E","R","M","T","E","R","E","M","?","R","BOSS"],"build_version":"2019-01-23","purchased_purges":3,"victory":true,"max_hp_per_floor":[70,70,70,70,70,70,70,70,70,70,70,70,70,70,70,70,70,70,70,70,70,70,70,70,70,70,70,70,70,70,70,70,70,70,70,70,70,70,70,70,70,70,70,70,70,70,70,70,70,70],"card_choices":[{"not_picked":["Slice","Catalyst"],"picked":"Deflect","floor":1.0},{"not_picked":["Dagger Spray","Quick Slash"],"picked":"Dagger Throw","floor":4.0},{"not_picked":["Leg Sweep","Quick Slash"],"picked":"Glass Knife","floor":7.0},{"not_picked":["Catalyst","PiercingWail"],"picked":"Heel Hook","floor":11.0},{"not_picked":["Quick Slash","Blade Dance"],"picked":"Backstab","floor":12.0},{"not_picked":["Blade Dance","Deflect"],"picked":"Caltrops","floor":13.0},{"not_picked":["Riddle With Holes","Terror"],"picked":"A Thousand Cuts","floor":14.0},{"not_picked":["Phantasmal Killer","Grand Finale"],"picked":"Adrenaline","floor":16.0},{"not_picked":[],"picked":"Backflip","floor":18.0},{"not_picked":["Blade Dance"],"picked":"SKIP","floor":19.0},{"not_picked":[],"picked":"Calculated Gamble+1","floor":20.0},{"not_picked":[],"picked":"A Thousand Cuts","floor":23.0},{"not_picked":[],"picked":"Riddle With Holes+1","floor":24.0},{"not_picked":[],"picked":"Heel Hook","floor":29.0},{"not_picked":[],"picked":"Backflip","floor":31.0},{"not_picked":[],"picked":"Skewer","floor":34.0},{"not_picked":[],"picked":"Dagger Throw+1","floor":34.0},{"not_picked":["Poisoned Stab+1"],"picked":"SKIP","floor":35.0},{"not_picked":["Bane+1"],"picked":"SKIP","floor":37.0},{"not_picked":["Underhanded Strike"],"picked":"SKIP","floor":39.0},{"not_picked":["Poisoned Stab"],"picked":"SKIP","floor":40.0},{"not_picked":[],"picked":"Caltrops+1","floor":42.0},{"not_picked":[],"picked":"A Thousand Cuts+1","floor":44.0},{"not_picked":["Acrobatics"],"picked":"SKIP","floor":46.0},{"not_picked":["Outmaneuver"],"picked":"SKIP","floor":47.0}],"player_experience":809540,"relics_obtained":[{"floor":7.0,"key":"Smiling Mask"},{"floor":9.0,"key":"Potion Belt"},{"floor":12.0,"key":"Tough Bandages"},{"floor":13.0,"key":"Letter Opener"},{"floor":14.0,"key":"Snake Skull"},{"floor":20.0,"key":"Red Mask"},{"floor":23.0,"key":"Anchor"},{"floor":26.0,"key":"Bottled Tornado"},{"floor":31.0,"key":"Frozen Egg 2"},{"floor":40.0,"key":"War Paint"},{"floor":43.0,"key":"Whetstone"},{"floor":44.0,"key":"Turnip"},{"floor":46.0,"key":"Gremlin Horn"}],"event_choices":[{"damage_healed":0.0,"max_hp_gain":0.0,"max_hp_loss":0.0,"gold_gain":0.0,"event_name":"Big Fish","player_choice":"Box","floor":2.0,"gold_loss":0.0,"damage_taken":0.0,"relics_obtained":["FossilizedHelix"],"cards_obtained":["Regret"]},{"damage_healed":0.0,"max_hp_gain":0.0,"max_hp_loss":0.0,"gold_gain":0.0,"event_name":"WeMeetAgain","player_choice":"Gave Potion","floor":5.0,"gold_loss":0.0,"damage_taken":0.0,"relics_obtained":["Shuriken"]},{"damage_healed":0.0,"max_hp_gain":0.0,"max_hp_loss":0.0,"gold_gain":0.0,"event_name":"Dead Adventurer","player_choice":"Searched \u00272\u0027 times","floor":13.0,"gold_loss":0.0,"damage_taken":0.0},{"damage_healed":0.0,"max_hp_gain":0.0,"max_hp_loss":0.0,"gold_gain":0.0,"event_name":"Masked Bandits","player_choice":"Fought Bandits","floor":20.0,"gold_loss":0.0,"damage_taken":0.0},{"damage_healed":0.0,"max_hp_gain":0.0,"max_hp_loss":0.0,"gold_gain":0.0,"event_name":"Match and Keep!","player_choice":"2 cards matched","floor":22.0,"gold_loss":0.0,"damage_taken":0.0,"cards_obtained":["Choke","Flash of Steel"]},{"cards_removed":["Strike_G"],"damage_healed":0.0,"max_hp_gain":0.0,"max_hp_loss":0.0,"gold_gain":0.0,"event_name":"Bonfire Elementals","player_choice":"Offered Basic","floor":28.0,"gold_loss":0.0,"damage_taken":0.0},{"damage_healed":0.0,"max_hp_gain":0.0,"max_hp_loss":0.0,"gold_gain":222.0,"event_name":"Tomb of Lord Red Mask","player_choice":"Wore Mask","floor":36.0,"gold_loss":0.0,"damage_taken":0.0},{"damage_healed":0.0,"max_hp_gain":0.0,"max_hp_loss":0.0,"gold_gain":0.0,"event_name":"SensoryStone","player_choice":"Memory 1","floor":48.0,"gold_loss":0.0,"damage_taken":0.0}],"is_beta":false,"boss_relics":[{"not_picked":["Ring of the Serpent","Velvet Choker"],"picked":"Busted Crown"},{"not_picked":["Calling Bell","HoveringKite"],"picked":"Orrery"}],"items_purged_floors":[3,21,30],"is_endless":false,"potions_floor_spawned":[1,4,7,13,14,16,20,24,29,35,40,44,46],"ascension_level":7}