{"gold_per_floor":[117,117,127,76,90,90,125,139,139,151,161,161,177,177,177,275,275,293,2,2,12,30,57,72,72,72,84,84,84,109,138,150,263,275,299,329,357,388,411,423,435,482,494,506,518,530,561,590,602,614],"floor_reached":51,"playtime":3550,"items_purged":[],"score":818,"play_id":"3811254a-7e92-4286-b3ff-f1a8cf123b2d","local_time":"20190408100423","is_ascension_mode":true,"campfire_choices":[{"data":"Barricade","floor":6,"key":"SMITH"},{"data":"Shrug It Off","floor":12,"key":"SMITH"},{"data":"Blood for Blood","floor":15,"key":"SMITH"},{"floor":25,"key":"REST"},{"floor":28,"key":"REST"},{"floor":32,"key":"REST"},{"floor":40,"key":"REST"},{"floor":44,"key":"REST"},{"floor":46,"key":"REST"},{"data":"Demon Form","floor":49,"key":"SMITH"}],"neow_cost":"NONE","seed_source_timestamp":2186984296486063,"circlet_count":0,"master_deck":["Strike_R","Strike_R","Strike_R","Strike_R","Defend_R","Defend_R","Defend_R","Defend_R","Bash","Barricade+1","Pommel Strike","Iron Wave","Shrug It Off+1","Blood for Blood+1","Cleave","Iron Wave","Limit Break","Feed","Rage","Blood for Blood","Shockwave","Shockwave","Rampage+1","Rage+1","Inflame+1","Demon Form+1","Armaments+1","Body Slam","Shockwave+1","Iron Wave+1","Discovery","Flame Barrier+1"],"relics":["Burning Blood","Orichalcum","Oddly Smooth Stone","Sozu","Self Forming Clay","Dodecahedron","Bronze Scales","MawBank","Runic Pyramid","Pear","Toxic Egg 2"],"potions_floor_usage":[16,16,23],"damage_taken":[{"damage":11,"enemies":"2 Louse","floor":1,"turns":4},{"damage":1,"enemies":"Cultist","floor":3,"turns":4},{"damage":10,"enemies":"Small Slimes","floor":5,"turns":3},{"damage":44,"enemies":"Lagavulin","floor":7,"turns":9},{"damage":9,"enemies":"Exordium Thugs","floor":8,"turns":5},{"damage":1,"enemies":"Blue Slaver","floor":10,"turns":4},{"damage":2,"enemies":"3 Louse","floor":11,"turns":2},{"damage":6,"enemies":"Exordium Wildlife","floor":13,"turns":5},{"damage":26,"enemies":"Slime Boss","floor":16,"turns":13},{"damage":0,"enemies":"Chosen","floor":18,"turns":7},{"damage":19,"enemies":"Spheric Guardian","floor":21,"turns":6},{"damage":27,"enemies":"Cultist and Chosen","floor":22,"turns":8},{"damage":12,"enemies":"Slavers","floor":23,"turns":6},{"damage":25,"enemies":"Snake Plant","floor":24,"turns":6},{"damage":27,"enemies":"Shelled Parasite and Fungi","floor":27,"turns":7},{"damage":8,"enemies":"Book of Stabbing","floor":30,"turns":7},{"damage":8,"enemies":"Chosen and Byrds","floor":31,"turns":5},{"damage":26,"enemies":"Collector","floor":33,"turns":9},{"damage":31,"enemies":"3 Darklings","floor":35,"turns":5},{"damage":8,"enemies":"Orb Walker","floor":36,"turns":4},{"damage":13,"enemies":"3 Darklings","floor":37,"turns":6},{"damage":13,"enemies":"Sphere and 2 Shapes","floor":38,"turns":5},{"damage":21,"enemies":"Spire Growth","floor":39,"turns":6},{"damage":51,"enemies":"Giant Head","floor":42,"turns":8},{"damage":13,"enemies":"Maw","floor":47,"turns":7},{"damage":11,"enemies":"3 Darklings","floor":48,"turns":5},{"damage":42,"enemies":"Awakened One","floor":50,"turns":13}],"seed_played":"-3503789158933818947","potions_obtained":[{"floor":5,"key":"AttackPotion"},{"floor":8,"key":"Block Potion"},{"floor":13,"key":"SkillPotion"}],"is_trial":false,"path_per_floor":["M","?","M","$","M","R","E","M","T","M","M","R","M","?","R","B",null,"M","$","?","M","M","E","M","R","T","M","R","?","E","M","R","B",null,"M","M","M","M","M","R","?","E","T","R","?","R","M","M","R","B",null],"character_chosen":"IRONCLAD","items_purchased":["Shrug It Off","Self Forming Clay","Rage"],"campfire_rested":6,"item_purchase_floors":[4,19,19],"current_hp_per_floor":[75,75,80,80,76,76,38,35,35,40,44,44,44,44,44,24,80,80,80,80,67,49,46,30,56,56,38,65,65,66,64,92,72,95,70,72,69,66,54,87,87,56,56,93,93,124,117,115,115,79],"gold":626,"neow_bonus":"ONE_RANDOM_RARE_CARD","is_prod":false,"is_daily":false,"chose_seed":false,"campfire_upgraded":4,"win_rate":0,"timestamp":1554710663,"path_taken":["M","?","M","$","M","R","E","M","T","M","M","R","M","?","R","BOSS","M","$","?","?","M","E","?","R","T","M","R","?","E","M","R","BOSS","M","M","M","M","M","R","?","E","T","R","?","R","M","?","R","BOSS"],"build_version":"2019-01-23","purchased_purges":0,"victory":true,"max_hp_per_floor":[80,80,80,80,80,80,80,80,80,80,80,80,80,80,80,80,80,80,80,80,80,83,86,89,89,89,92,92,92,95,95,95,95,95,95,99,103,107,110,110,110,124,124,124,124,124,124,127,127,127],"card_choices":[{"not_picked":["Headbutt","Twin Strike"],"picked":"Pommel Strike","floor":1},{"not_picked":["Sever Soul","Feel No Pain"],"picked":"Iron Wave","floor":3},{"not_picked":["Sentinel","Havoc"],"picked":"Blood for Blood","floor":5},{"not_picked":["Perfected Strike","Flex"],"picked":"Cleave","floor":7},{"not_picked":["Hemokinesis","Wild Strike"],"picked":"Iron Wave","floor":8},{"not_picked":["Clash","Perfected Strike","Bloodletting"],"picked":"SKIP","floor":10},{"not_picked":["Havoc","Flame Barrier","Thunderclap"],"picked":"SKIP","floor":11},{"not_picked":["Armaments","Heavy Blade"],"picked":"Limit Break","floor":13},{"not_picked":["Berserk","Dark Embrace"],"picked":"Feed","floor":16},{"not_picked":["Twin Strike","Searing Blow","Hemokinesis"],"picked":"SKIP","floor":18},{"not_picked":["Fire Breathing","Dual Wield"],"picked":"Shockwave","floor":21},{"not_picked":["Spot Weakness+1","Twin Strike"],"picked":"Shockwave","floor":22},{"not_picked":["Headbutt+1","Anger"],"picked":"Rampage+1","floor":23},{"not_picked":["Warcry","Hemokinesis"],"picked":"Rage+1","floor":24},{"not_picked":["Havoc","Fire Breathing","Twin Strike+1"],"picked":"SKIP","floor":27},{"not_picked":["Blood for Blood","Heavy Blade","Dual Wield"],"picked":"SKIP","floor":30},{"not_picked":["Burning Pact","Rage"],"picked":"Inflame+1","floor":31},{"not_picked":["Berserk","Reaper"],"picked":"Demon Form","floor":33},{"not_picked":["Pummel+1","Inflame"],"picked":"Armaments+1","floor":35},{"not_picked":["Heavy Blade","Shrug It Off"],"picked":"Body Slam","floor":36},{"not_picked":["Warcry","Cleave"],"picked":"Shockwave+1","floor":37},{"not_picked":["Second Wind","Rampage"],"picked":"Iron Wave+1","floor":38},{"not_picked":["Sever Soul","Wild Strike+1","Havoc"],"picked":"SKIP","floor":39},{"not_picked":["Purity","Deep Breath"],"picked":"Discovery","floor":41},{"not_picked":["Carnage+1","Clothesline+1","Warcry+1"],"picked":"SKIP","floor":42},{"not_picked":["Corruption+1","Iron Wave","Sword Boomerang+1"],"picked":"SKIP","floor":47},{"not_picked":["Fire Breathing+1","Wild Strike+1"],"picked":"Flame Barrier+1","floor":48}],"player_experience":97242,"relics_obtained":[{"floor":7,"key":"Orichalcum"},{"floor":9,"key":"Oddly Smooth Stone"},{"floor":23,"key":"Dodecahedron"},{"floor":26,"key":"Bronze Scales"},{"floor":30,"key":"MawBank"},{"floor":42,"key":"Pear"},{"floor":43,"key":"Toxic Egg 2"}],"event_choices":[{"damage_healed":0,"gold_gain":0,"player_choice":"Leave","damage_taken":0,"max_hp_gain":0,"max_hp_loss":0,"event_name":"The Cleric","floor":2,"gold_loss":0},{"damage_healed":0,"gold_gain":0,"player_choice":"Searched \u00270\u0027 times","damage_taken":0,"max_hp_gain":0,"max_hp_loss":0,"event_name":"Dead Adventurer","floor":14,"gold_loss":0},{"damage_healed":0,"gold_gain":0,"cards_transformed":["Strike_R"],"player_choice":"Transformed","damage_taken":0,"max_hp_gain":0,"max_hp_loss":0,"event_name":"Transmorgrifier","floor":20,"gold_loss":0,"cards_obtained":["Blood for Blood"]},{"damage_healed":0,"gold_gain":0,"player_choice":"Ignored","damage_taken":0,"max_hp_gain":0,"max_hp_loss":0,"event_name":"Cursed Tome","floor":29,"gold_loss":0},{"damage_healed":0,"gold_gain":0,"player_choice":"Memory 1","damage_taken":0,"max_hp_gain":0,"max_hp_loss":0,"event_name":"SensoryStone","floor":41,"gold_loss":0},{"damage_healed":0,"gold_gain":0,"player_choice":"Bought 0 Potions","damage_taken":0,"max_hp_gain":0,"max_hp_loss":0,"event_name":"The Woman in Blue","floor":45,"gold_loss":0}],"is_beta":false,"boss_relics":[{"not_picked":["Lizard Tail","Black Blood"],"picked":"Sozu"},{"not_picked":["Mark of Pain","Orrery"],"picked":"Runic Pyramid"}],"items_purged_floors":[],"is_endless":false,"potions_floor_spawned":[5,8,13,22,23,31,38,42],"ascension_level":2}