{"gold_per_floor":[114,114,128,5,20,48,58,58,58,85,85,116,116,127,127,127],"floor_reached":16,"playtime":1015,"items_purged":["Strike_B"],"score":199,"play_id":"724fe53d-72ff-4477-8080-8333cf97d1e9","local_time":"20190609190658","is_ascension_mode":true,"campfire_choices":[{"data":"Gash","floor":8,"key":"SMITH"},{"data":"White Noise","floor":15,"key":"SMITH"}],"neow_cost":"NONE","seed_source_timestamp":1941571728526799,"circlet_count":0,"master_deck":["Strike_B","Strike_B","Defend_B","Defend_B","Defend_B","Defend_B+1","Zap+1","Dualcast","Gash+1","Gash","Gash","Reinforced Body","Conserve Battery","Gash","White Noise+1","Blizzard"],"relics":["Cracked Core","Dream Catcher","Art of War","Smiling Mask","Frozen Egg 2","Orichalcum"],"potions_floor_usage":[7,12],"damage_taken":[{"damage":1,"enemies":"Cultist","floor":1,"turns":3},{"damage":0,"enemies":"Jaw Worm","floor":3,"turns":2},{"damage":1,"enemies":"2 Louse","floor":5,"turns":2},{"damage":10,"enemies":"3 Sentries","floor":6,"turns":7},{"damage":3,"enemies":"Exordium Thugs","floor":7,"turns":3},{"damage":20,"enemies":"Lagavulin","floor":10,"turns":7},{"damage":5,"enemies":"3 Sentries","floor":12,"turns":6},{"damage":0,"enemies":"Looter","floor":14,"turns":4},{"damage":15,"enemies":"The Guardian","floor":16,"turns":9}],"seed_played":"8178856533575815159","potions_obtained":[{"floor":3,"key":"SteroidPotion"},{"floor":5,"key":"AttackPotion"},{"floor":10,"key":"Fire Potion"}],"is_trial":false,"path_per_floor":["M","?","M","$","M","E","M","R","T","E","?","E","?","M","R","B"],"character_chosen":"DEFECT","items_purchased":["Gash"],"campfire_rested":0,"item_purchase_floors":[4],"current_hp_per_floor":[67,52,52,52,51,41,38,38,38,18,18,13,13,13,13,0],"gold":127,"neow_bonus":"RANDOM_COMMON_RELIC","is_prod":false,"is_daily":false,"chose_seed":false,"campfire_upgraded":2,"win_rate":0,"timestamp":1560118018,"path_taken":["M","?","M","$","M","E","M","R","T","E","?","E","?","M","R","BOSS"],"build_version":"2019-01-23","purchased_purges":1,"victory":false,"max_hp_per_floor":[75,75,75,75,75,75,75,75,75,75,75,75,75,75,75,75],"card_choices":[{"not_picked":["Steam","Stack"],"picked":"Gash","floor":1},{"not_picked":["Leap","Go for the Eyes"],"picked":"Gash","floor":3},{"not_picked":["Recycle","Hologram"],"picked":"Reinforced Body","floor":5},{"not_picked":["Tempest","Beam Cell"],"picked":"Conserve Battery","floor":6},{"not_picked":["Darkness","Turbo","Chaos"],"picked":"SKIP","floor":7},{"not_picked":["Static Discharge","Reinforced Body"],"picked":"Gash","floor":10},{"not_picked":["Multi-Cast","Aggregate"],"picked":"White Noise","floor":12},{"not_picked":["Go for the Eyes","Redo","Beam Cell"],"picked":"SKIP","floor":14}],"player_experience":958421,"relics_obtained":[{"floor":6,"key":"Art of War"},{"floor":9,"key":"Smiling Mask"},{"floor":10,"key":"Frozen Egg 2"},{"floor":12,"key":"Orichalcum"}],"event_choices":[{"damage_healed":0,"gold_gain":0,"player_choice":"Entered Light","damage_taken":15,"max_hp_gain":0,"max_hp_loss":0,"event_name":"Shining Light","floor":2,"gold_loss":0,"cards_upgraded":["Defend_B","Zap"]},{"damage_healed":0,"gold_gain":0,"player_choice":"Ignored","damage_taken":0,"max_hp_gain":0,"max_hp_loss":0,"event_name":"Golden Wing","floor":11,"gold_loss":0},{"damage_healed":0,"gold_gain":0,"cards_transformed":["Strike_B"],"player_choice":"Transformed","damage_taken":0,"max_hp_gain":0,"max_hp_loss":0,"event_name":"Transmorgrifier","floor":13,"gold_loss":0,"cards_obtained":["Blizzard"]}],"is_beta":false,"boss_relics":[],"items_purged_floors":[4],"is_endless":false,"potions_floor_spawned":[3,5,10],"killed_by":"The Guardian","ascension_level":9}