{"gold_per_floor":[113,83,34,34,50,75,91,91,114,127,127],"floor_reached":11,"playtime":916,"items_purged":[],"score":110,"play_id":"0ffe0adf-36b9-41c0-ae65-e52db9d00150","local_time":"20190610205536","is_ascension_mode":true,"campfire_choices":[{"data":"Creative AI","floor":8,"key":"SMITH"}],"neow_cost":"NONE","seed_source_timestamp":2034589040854854,"circlet_count":0,"master_deck":["AscendersBane","Strike_B","Strike_B","Strike_B","Defend_B","Defend_B","Defend_B","Defend_B","Zap","Dualcast","Finesse","Leap","Ball Lightning","Loop","Creative AI+1","Static Discharge","Steam"],"relics":["Cracked Core","Potion Belt"],"potions_floor_usage":[6,10,10,10],"damage_taken":[{"damage":2,"enemies":"Jaw Worm","floor":1,"turns":4},{"damage":0,"enemies":"Cultist","floor":5,"turns":3},{"damage":34,"enemies":"3 Sentries","floor":6,"turns":9},{"damage":1,"enemies":"2 Louse","floor":7,"turns":3},{"damage":1,"enemies":"Gremlin Gang","floor":10,"turns":5},{"damage":30,"enemies":"Gremlin Nob","floor":11,"turns":3}],"seed_played":"-3331712717807127922","potions_obtained":[{"floor":2,"key":"Dexterity Potion"},{"floor":2,"key":"Swift Potion"},{"floor":6,"key":"EssenceOfSteel"},{"floor":7,"key":"Swift Potion"}],"is_trial":false,"path_per_floor":["M","?","$","?","M","E","M","R","T","M","E"],"character_chosen":"DEFECT","items_purchased":["Ball Lightning"],"campfire_rested":0,"item_purchase_floors":[3],"current_hp_per_floor":[66,66,66,66,66,32,31,31,31,30,0],"gold":127,"neow_bonus":"RANDOM_COLORLESS","is_prod":false,"is_daily":false,"chose_seed":false,"campfire_upgraded":1,"win_rate":0,"timestamp":1560210936,"path_taken":["M","?","?","?","M","E","?","R","T","M","E"],"build_version":"2019-01-23","purchased_purges":0,"victory":false,"max_hp_per_floor":[75,75,75,75,75,75,75,75,75,75,75],"card_choices":[{"not_picked":["Steam","Beam Cell"],"picked":"Leap","floor":1},{"not_picked":["Redo","Cold Snap"],"picked":"Loop","floor":5},{"not_picked":["Melter","Recycle"],"picked":"Creative AI","floor":6},{"not_picked":["Go for the Eyes","Cold Snap"],"picked":"Static Discharge","floor":7},{"not_picked":["Gash","Chaos"],"picked":"Steam","floor":10}],"player_experience":966964,"relics_obtained":[{"floor":6,"key":"Potion Belt"}],"event_choices":[{"damage_healed":0,"gold_gain":0,"player_choice":"Bought 2 Potions","damage_taken":0,"max_hp_gain":0,"max_hp_loss":0,"event_name":"The Woman in Blue","floor":2,"gold_loss":0},{"cards_removed":["Strike_B"],"damage_healed":0,"gold_gain":0,"player_choice":"Purged","damage_taken":0,"max_hp_gain":0,"max_hp_loss":0,"event_name":"Purifier","floor":4,"gold_loss":0}],"is_beta":false,"boss_relics":[],"items_purged_floors":[],"is_endless":false,"potions_floor_spawned":[6,7],"killed_by":"Gremlin Nob","ascension_level":10}