{"gold_per_floor":[115,40,40,59,30,66,66,106,106,106,106,106,146,21,21,110,110,135,135,160,160,179,213,213],"floor_reached":24,"playtime":999,"items_purged":[],"score":510,"play_id":"b290f1da-f2bf-421e-929d-647eedc86ebf","local_time":"20190618180927","is_ascension_mode":true,"campfire_choices":[{"data":"Poisoned Stab","floor":7,"key":"SMITH"},{"data":"Skewer","floor":10,"key":"SMITH"},{"floor":15,"key":"REST"}],"neow_cost":"NONE","seed_source_timestamp":325216047144300,"circlet_count":0,"master_deck":["AscendersBane","Defend_G","Defend_G","Defend_G","Defend_G","Defend_G","Strike_G","Strike_G","Strike_G","Survivor","Neutralize","Poisoned Stab+1","Sucker Punch","Dodge and Roll","Skewer+1","Dagger Throw","Blade Dance","Backstab","Noxious Fumes","Corpse Explosion","PiercingWail","Noxious Fumes","Backstab","Dagger Throw+1","PiercingWail"],"relics":["Ring of the Snake","NeowsBlessing","Golden Idol","Mercury Hourglass","Dodecahedron","Ornamental Fan","PreservedInsect","Philosopher\u0027s Stone","Oddly Smooth Stone"],"potions_floor_usage":[8,18,20],"damage_taken":[{"damage":0,"enemies":"Cultist","floor":1,"turns":1},{"damage":0,"enemies":"Small Slimes","floor":4,"turns":1},{"damage":0,"enemies":"3 Sentries","floor":6,"turns":1},{"damage":30,"enemies":"Gremlin Nob","floor":8,"turns":4},{"damage":16,"enemies":"3 Sentries","floor":13,"turns":7},{"damage":19,"enemies":"The Guardian","floor":16,"turns":11},{"damage":2,"enemies":"Spheric Guardian","floor":18,"turns":3},{"damage":10,"enemies":"2 Thieves","floor":20,"turns":2},{"damage":10,"enemies":"Sentry and Sphere","floor":22,"turns":5},{"damage":9,"enemies":"Slavers","floor":23,"turns":3},{"damage":23,"enemies":"Cultist and Chosen","floor":24,"turns":3}],"seed_played":"-7939837957246125177","potions_obtained":[{"floor":1,"key":"PowerPotion"},{"floor":8,"key":"Energy Potion"},{"floor":13,"key":"PowerPotion"},{"floor":16,"key":"Explosive Potion"},{"floor":18,"key":"SkillPotion"}],"is_trial":false,"path_per_floor":["M","?","?","M","$","E","R","E","T","R","?","?","E","$","R","B",null,"M","T","M","?","M","E","M"],"character_chosen":"THE_SILENT","items_purchased":["Dodge and Roll","Backstab","Noxious Fumes"],"campfire_rested":1,"item_purchase_floors":[5,14,14],"current_hp_per_floor":[59,59,59,59,59,59,59,29,29,29,29,29,13,13,31,12,48,46,46,36,36,26,17,0],"gold":213,"neow_bonus":"THREE_ENEMY_KILL","is_prod":false,"is_daily":false,"chose_seed":false,"campfire_upgraded":2,"win_rate":0,"timestamp":1560895767,"path_taken":["M","?","?","M","?","E","R","E","T","R","?","?","E","$","R","BOSS","M","?","M","?","M","E","?"],"build_version":"2019-01-23","purchased_purges":0,"victory":false,"max_hp_per_floor":[66,66,60,60,60,60,60,60,60,60,60,60,60,60,60,60,60,60,60,60,60,60,60,60],"card_choices":[{"not_picked":["Masterful Stab","Blur"],"picked":"Poisoned Stab","floor":1},{"not_picked":["Blade Dance","Deflect"],"picked":"Sucker Punch","floor":4},{"not_picked":["Infinite Blades","Underhanded Strike","Accuracy"],"picked":"SKIP","floor":6},{"not_picked":["Masterful Stab","Bane"],"picked":"Skewer","floor":8},{"not_picked":["Underhanded Strike","Envenom"],"picked":"Blade Dance","floor":13},{"not_picked":["Wraith Form v2","Unload"],"picked":"Corpse Explosion","floor":16},{"not_picked":["Deflect","Bane"],"picked":"PiercingWail","floor":18},{"not_picked":["Reflex","Poisoned Stab"],"picked":"Noxious Fumes","floor":20},{"not_picked":["Quick Slash","Slice"],"picked":"Dagger Throw+1","floor":22},{"not_picked":["Noxious Fumes","Choke"],"picked":"PiercingWail","floor":23}],"player_experience":2127579,"relics_obtained":[{"floor":6,"key":"Mercury Hourglass"},{"floor":8,"key":"Dodecahedron"},{"floor":9,"key":"Ornamental Fan"},{"floor":13,"key":"PreservedInsect"},{"floor":23,"key":"Oddly Smooth Stone"}],"event_choices":[{"cards_removed":["Strike_G"],"damage_healed":0,"gold_gain":0,"player_choice":"Card Removal","damage_taken":0,"max_hp_gain":0,"max_hp_loss":0,"event_name":"The Cleric","floor":2,"gold_loss":75},{"damage_healed":0,"gold_gain":0,"player_choice":"Lose Max HP","damage_taken":0,"relics_obtained":["Golden Idol"],"max_hp_gain":0,"max_hp_loss":6,"event_name":"Golden Idol","floor":3,"gold_loss":0},{"damage_healed":0,"gold_gain":0,"player_choice":"Fled","damage_taken":0,"max_hp_gain":0,"max_hp_loss":0,"event_name":"Scrap Ooze","floor":11,"gold_loss":0},{"damage_healed":0,"gold_gain":0,"player_choice":"1 cards matched","damage_taken":0,"max_hp_gain":0,"max_hp_loss":0,"event_name":"Match and Keep!","floor":12,"gold_loss":0,"cards_obtained":["Dagger Throw"]},{"damage_healed":0,"gold_gain":0,"cards_transformed":["Strike_G"],"player_choice":"Transformed","damage_taken":0,"max_hp_gain":0,"max_hp_loss":0,"event_name":"Transmorgrifier","floor":21,"gold_loss":0,"cards_obtained":["Backstab"]}],"is_beta":false,"boss_relics":[{"not_picked":["Fusion Hammer","Orrery"],"picked":"Philosopher\u0027s Stone"}],"items_purged_floors":[],"is_endless":false,"potions_floor_spawned":[1,8,13,16,18],"killed_by":"Cultist and Chosen","ascension_level":20}