{"gold_per_floor":[117,133,151,161,178,197,212,240,240,255,270,283,293,293],"floor_reached":14,"playtime":599,"items_purged":[],"score":102,"play_id":"ffe10a25-275d-405d-9502-557fb59be744","local_time":"20190326181005","is_ascension_mode":false,"campfire_choices":[],"neow_cost":"NONE","seed_source_timestamp":583072557618513,"circlet_count":0,"master_deck":["Strike_B","Strike_B","Strike_B","Strike_B","Defend_B","Defend_B","Defend_B","Defend_B","Zap","Dualcast","Stack","Conserve Battery","Rip and Tear","Capacitor","Lockon","Chill","Streamline","Compile Driver","Coolheaded","Coolheaded","Reinforced Body","White Noise"],"special_seed":0,"relics":["Cracked Core","Bronze Scales"],"potions_floor_usage":[14],"damage_taken":[{"damage":0.0,"enemies":"2 Louse","floor":1.0,"turns":2.0},{"damage":0.0,"enemies":"Small Slimes","floor":2.0,"turns":4.0},{"damage":2.0,"enemies":"Jaw Worm","floor":3.0,"turns":3.0},{"damage":31.0,"enemies":"Large Slime","floor":4.0,"turns":8.0},{"damage":4.0,"enemies":"2 Fungi Beasts","floor":5.0,"turns":3.0},{"damage":10.0,"enemies":"Looter","floor":6.0,"turns":3.0},{"damage":6.0,"enemies":"Large Slime","floor":7.0,"turns":4.0},{"damage":15.0,"enemies":"Lagavulin","floor":8.0,"turns":5.0},{"damage":0.0,"enemies":"Blue Slaver","floor":10.0,"turns":3.0},{"damage":4.0,"enemies":"Exordium Thugs","floor":11.0,"turns":4.0},{"damage":5.0,"enemies":"Looter","floor":12.0,"turns":2.0},{"damage":0.0,"enemies":"Red Slaver","floor":13.0,"turns":3.0},{"damage":10,"enemies":"2 Fungi Beasts","floor":14,"turns":1}],"seed_played":"-1894503229534122477","potions_obtained":[{"floor":1.0,"key":"FearPotion"},{"floor":3.0,"key":"Ancient Potion"},{"floor":5.0,"key":"Fire Potion"},{"floor":8.0,"key":"Dexterity Potion"},{"floor":10.0,"key":"SkillPotion"},{"floor":12.0,"key":"FearPotion"},{"floor":13.0,"key":"Regen Potion"}],"is_trial":false,"path_per_floor":["M","M","M","M","M","M","M","E","T","M","M","M","M","M"],"character_chosen":"DEFECT","items_purchased":[],"campfire_rested":0,"item_purchase_floors":[],"current_hp_per_floor":[82,82,80,49,45,35,29,14,14,14,10,5,5,0],"gold":293,"neow_bonus":"TEN_PERCENT_HP_BONUS","is_prod":false,"is_daily":false,"chose_seed":false,"campfire_upgraded":0,"win_rate":0,"timestamp":1553649005,"path_taken":["M","M","M","M","M","M","M","E","T","M","M","M","M","M"],"build_version":"2019-01-23","purchased_purges":0,"victory":false,"max_hp_per_floor":[82,82,82,82,82,82,82,82,82,82,82,82,82,82],"card_choices":[{"not_picked":["Reprogram","Heatsinks"],"picked":"Stack","floor":1.0},{"not_picked":["Redo","All For One"],"picked":"Conserve Battery","floor":2.0},{"not_picked":["White Noise","Rebound"],"picked":"Rip and Tear","floor":3.0},{"not_picked":["Self Repair","Sunder"],"picked":"Capacitor","floor":4.0},{"not_picked":["Aggregate","Storm"],"picked":"Lockon","floor":5.0},{"not_picked":["Conserve Battery","Skim"],"picked":"Chill","floor":6.0},{"not_picked":["Turbo","Aggregate"],"picked":"Streamline","floor":7.0},{"not_picked":["Go for the Eyes","Undo"],"picked":"Compile Driver","floor":8.0},{"not_picked":["Genetic Algorithm","FTL"],"picked":"Coolheaded","floor":10.0},{"not_picked":["Self Repair","Compile Driver"],"picked":"Coolheaded","floor":11.0},{"not_picked":["FTL","Undo"],"picked":"Reinforced Body","floor":12.0},{"not_picked":["Skim","Blizzard"],"picked":"White Noise","floor":13.0}],"player_experience":648657,"relics_obtained":[{"floor":8.0,"key":"Bronze Scales"}],"event_choices":[],"is_beta":false,"boss_relics":[],"items_purged_floors":[],"is_endless":false,"potions_floor_spawned":[1,3,5,8,10,12,13],"killed_by":"2 Fungi Beasts","ascension_level":0}