{"gold_per_floor":[110,110,130,205,29,29,45,45,45,45,63,63,63,83,83,184,184,194,94,94,108,108,108,122,122,148,148,23,43,43,43,43,138,138,152,171,21,21,32,32,52,52],"floor_reached":42,"playtime":1302,"items_purged":["Decay","Defend_G","Defend_G","Defend_G"],"score":386,"play_id":"d45f7be8-6784-4e16-9ca2-cb5b5d071433","local_time":"20190602093843","is_ascension_mode":false,"campfire_choices":[{"data":"Noxious Fumes","floor":6.0,"key":"SMITH"},{"data":"Backstab","floor":8.0,"key":"SMITH"},{"data":"Neutralize","floor":10.0,"key":"SMITH"},{"data":"Survivor","floor":12.0,"key":"SMITH"},{"floor":15.0,"key":"REST"},{"data":"Slice","floor":23.0,"key":"SMITH"},{"floor":25.0,"key":"REST"},{"floor":27.0,"key":"REST"},{"data":"Defend_G","floor":32.0,"key":"SMITH"},{"floor":40,"key":"REST"}],"neow_cost":"NONE","seed_source_timestamp":0,"circlet_count":0,"master_deck":["Defend_G+1","Defend_G","Strike_G","Survivor+1","Neutralize+1","Unload+1","Catalyst+1","Slice+1","Slice+1","Backstab+1","Noxious Fumes+1","Burst+1","Flying Knee+1","Quick Slash+1","Blur+1","Grand Finale","Setup+1","Trip","Blur+1","Deflect+1"],"special_seed":0,"relics":["Astrolabe"],"potions_floor_usage":[39],"damage_taken":[{"damage":0.0,"enemies":"Small Slimes","floor":1.0,"turns":3.0},{"damage":0.0,"enemies":"Cultist","floor":3.0,"turns":4.0},{"damage":0.0,"enemies":"Jaw Worm","floor":7.0,"turns":3.0},{"damage":2.0,"enemies":"Blue Slaver","floor":11.0,"turns":3.0},{"damage":7.0,"enemies":"Gremlin Gang","floor":14.0,"turns":3.0},{"damage":27.0,"enemies":"The Guardian","floor":16.0,"turns":7.0},{"damage":12.0,"enemies":"Chosen","floor":18.0,"turns":7.0},{"damage":0.0,"enemies":"Spheric Guardian","floor":21.0,"turns":1.0},{"damage":21.0,"enemies":"Snake Plant","floor":24.0,"turns":4.0},{"damage":10.0,"enemies":"Chosen and Byrds","floor":29.0,"turns":4.0},{"damage":56.0,"enemies":"Automaton","floor":33.0,"turns":10.0},{"damage":0.0,"enemies":"3 Darklings","floor":35.0,"turns":6.0},{"damage":0.0,"enemies":"3 Shapes","floor":36.0,"turns":6.0},{"damage":40,"enemies":"Transient","floor":39,"turns":5},{"damage":44,"enemies":"Spire Growth","floor":41,"turns":6},{"damage":9,"enemies":"Sphere and 2 Shapes","floor":42,"turns":3}],"seed_played":"8153316728539939596","potions_obtained":[{"floor":1.0,"key":"SkillPotion"},{"floor":11.0,"key":"SteroidPotion"},{"floor":14.0,"key":"PowerPotion"},{"floor":16.0,"key":"LiquidBronze"},{"floor":18.0,"key":"SteroidPotion"},{"floor":29.0,"key":"SpeedPotion"},{"floor":36.0,"key":"AttackPotion"},{"floor":39,"key":"Poison Potion"}],"is_trial":false,"path_per_floor":["M","?","M","?","$","R","M","R","T","R","M","R","$","M","R","B",null,"M","$","?","M","T","R","M","R","T","R","$","M","?","?","R","B",null,"M","M","$","?","M","R","M","M"],"character_chosen":"THE_SILENT","items_purchased":["Backstab","Noxious Fumes"],"campfire_rested":4,"item_purchase_floors":[5,5],"current_hp_per_floor":[70,70,70,59,59,59,59,59,59,59,57,57,57,50,70,43,70,58,58,58,58,58,58,37,58,58,70,70,60,70,70,70,14,70,70,70,70,70,30,51,7,0],"gold":52,"neow_bonus":"BOSS_RELIC","is_prod":false,"is_daily":false,"chose_seed":false,"campfire_upgraded":6,"win_rate":0,"timestamp":1559461123,"path_taken":["M","?","?","?","$","R","M","R","T","R","M","R","$","M","R","BOSS","M","$","?","?","?","R","M","R","T","R","$","M","?","?","R","BOSS","M","M","$","?","M","R","M","M"],"build_version":"2019-01-23","purchased_purges":4,"victory":false,"max_hp_per_floor":[70,70,70,70,70,70,70,70,70,70,70,70,70,70,70,70,70,70,70,70,70,70,70,70,70,70,70,70,70,70,70,70,70,70,70,70,70,70,70,70,70,70],"card_choices":[{"not_picked":["Predator","Quick Slash","Underhanded Strike"],"picked":"SKIP","floor":1.0},{"not_picked":["Blade Dance","Dash"],"picked":"Slice","floor":3.0},{"not_picked":["Heel Hook","Bane","Dagger Spray"],"picked":"SKIP","floor":7.0},{"not_picked":["Footwork","Well Laid Plans","Cloak And Dagger"],"picked":"SKIP","floor":11.0},{"not_picked":["Cloak And Dagger","Flechettes","Accuracy"],"picked":"SKIP","floor":14.0},{"not_picked":["Unload","Corpse Explosion"],"picked":"Burst","floor":16.0},{"not_picked":["Underhanded Strike","Eviscerate"],"picked":"Flying Knee+1","floor":18.0},{"not_picked":["Escape Plan","Outmaneuver"],"picked":"Quick Slash+1","floor":21.0},{"not_picked":["Outmaneuver","Accuracy"],"picked":"Blur+1","floor":24.0},{"not_picked":["Heel Hook","Dagger Spray","Backflip"],"picked":"SKIP","floor":29.0},{"not_picked":["A Thousand Cuts","Storm of Steel"],"picked":"Grand Finale","floor":33.0},{"not_picked":["Slice","Bouncing Flask","Deflect+1"],"picked":"SKIP","floor":35.0},{"not_picked":["Blade Dance","Infinite Blades"],"picked":"Setup+1","floor":36.0},{"not_picked":["Secret Technique","Secret Weapon"],"picked":"Trip","floor":38.0},{"not_picked":["Dagger Throw","Deflect+1"],"picked":"Blur+1","floor":39},{"not_picked":["Masterful Stab","Cloak And Dagger+1"],"picked":"Deflect+1","floor":41}],"player_experience":219626,"relics_obtained":[],"event_choices":[{"damage_healed":0.0,"max_hp_gain":0.0,"max_hp_loss":0.0,"gold_gain":0.0,"event_name":"Wheel of Change","player_choice":"Cursed","floor":2.0,"gold_loss":0.0,"damage_taken":0.0,"cards_obtained":["Decay"]},{"damage_healed":0.0,"max_hp_gain":0.0,"max_hp_loss":0.0,"gold_gain":75.0,"event_name":"World of Goop","player_choice":"Gather Gold","floor":4.0,"gold_loss":0.0,"damage_taken":11.0},{"damage_healed":0.0,"max_hp_gain":0.0,"max_hp_loss":0.0,"gold_gain":0.0,"event_name":"Upgrade Shrine","player_choice":"Upgraded","floor":20.0,"gold_loss":0.0,"damage_taken":0.0,"cards_upgraded":["Burst"]},{"damage_healed":23.0,"max_hp_gain":0.0,"max_hp_loss":0.0,"gold_gain":0.0,"event_name":"The Library","player_choice":"Heal","floor":30.0,"gold_loss":0.0,"damage_taken":0.0},{"cards_removed":["Strike_G"],"damage_healed":0.0,"max_hp_gain":0.0,"max_hp_loss":0.0,"gold_gain":0.0,"event_name":"Back to Basics","player_choice":"Elegance","floor":31.0,"gold_loss":0.0,"damage_taken":0.0},{"damage_healed":0.0,"max_hp_gain":0.0,"max_hp_loss":0.0,"gold_gain":0.0,"event_name":"SensoryStone","player_choice":"Memory 1","floor":38.0,"gold_loss":0.0,"damage_taken":0.0}],"is_beta":false,"boss_relics":[{"not_picked":["Eternal Feather","Coffee Dripper","Ectoplasm"]},{"not_picked":["Cursed Key","Busted Crown","Snecko Eye"]}],"items_purged_floors":[5,19,28,37],"is_endless":false,"potions_floor_spawned":[1,11,14,16,18,29,36,39],"killed_by":"Sphere and 2 Shapes","ascension_level":0}