{"gold_per_floor":[114,131,131,147,32,65,65,91,91,91,41,66,83,109,109,208,208,220,145,160,160,6,6,20,82,163,174,193,193,213,227,227,322,322,337,355,355,103,113,113,126,144,144,144,155,155,166,166,166,166],"floor_reached":51,"playtime":4279,"items_purged":["Strike_G","Strike_G","Strike_G"],"score":1039,"play_id":"6f1563ac-8f0d-4acb-bff4-f0fb39e65f40","local_time":"20190618183938","is_ascension_mode":true,"campfire_choices":[{"floor":10.0,"key":"REST"},{"floor":15.0,"key":"REST"},{"data":"Footwork","floor":23.0,"key":"SMITH"},{"floor":29.0,"key":"REST"},{"floor":32.0,"key":"REST"},{"data":"Wraith Form v2","floor":40.0,"key":"SMITH"},{"data":"Noxious Fumes","floor":44,"key":"SMITH"},{"floor":49,"key":"REST"}],"neow_cost":"NONE","seed_source_timestamp":0,"circlet_count":0,"master_deck":["AscendersBane","Defend_G","Defend_G","Defend_G","Defend_G","Defend_G","Survivor","Neutralize","Storm of Steel","Poisoned Stab","Bouncing Flask","Skewer","Footwork+1","Noxious Fumes+1","Caltrops","Deadly Poison","Calculated Gamble+1","Wraith Form v2+1","Sucker Punch+1","Backflip+1","Cloak And Dagger+1","Deadly Poison+1","Catalyst+1","Corpse Explosion+1","Night Terror+1","PiercingWail+1","Cloak And Dagger+1","Footwork+1","Backflip+1","Dodge and Roll+1","Backflip+1","Well Laid Plans+1"],"special_seed":0,"relics":["Ring of the Snake","Mummified Hand","Omamori","Bottled Tornado","Mango","Toxic Egg 2","Philosopher\u0027s Stone","Tiny Chest","Singing Bowl","Eternal Feather","Mercury Hourglass","Dodecahedron"],"potions_floor_usage":[47],"damage_taken":[{"damage":0.0,"enemies":"Jaw Worm","floor":1.0,"turns":5.0},{"damage":0.0,"enemies":"2 Louse","floor":2.0,"turns":3.0},{"damage":0.0,"enemies":"Small Slimes","floor":4.0,"turns":3.0},{"damage":24.0,"enemies":"Gremlin Nob","floor":6.0,"turns":5.0},{"damage":10.0,"enemies":"Lagavulin","floor":8.0,"turns":7.0},{"damage":16.0,"enemies":"3 Sentries","floor":12.0,"turns":6.0},{"damage":0.0,"enemies":"3 Louse","floor":13.0,"turns":4.0},{"damage":26.0,"enemies":"Lagavulin","floor":14.0,"turns":5.0},{"damage":21.0,"enemies":"Hexaghost","floor":16.0,"turns":8.0},{"damage":11.0,"enemies":"3 Byrds","floor":18.0,"turns":3.0},{"damage":7.0,"enemies":"Shell Parasite","floor":20.0,"turns":5.0},{"damage":2.0,"enemies":"Cultist and Chosen","floor":24.0,"turns":8.0},{"damage":16.0,"enemies":"Book of Stabbing","floor":25.0,"turns":6.0},{"damage":1.0,"enemies":"Snecko","floor":27.0,"turns":5.0},{"damage":18.0,"enemies":"Snake Plant","floor":28.0,"turns":5.0},{"damage":5.0,"enemies":"Centurion and Healer","floor":30.0,"turns":6.0},{"damage":11.0,"enemies":"Shelled Parasite and Fungi","floor":31.0,"turns":4.0},{"damage":33.0,"enemies":"Champ","floor":33.0,"turns":9.0},{"damage":12.0,"enemies":"3 Darklings","floor":35.0,"turns":3.0},{"damage":19.0,"enemies":"3 Shapes","floor":36.0,"turns":6.0},{"damage":10.0,"enemies":"Sphere and 2 Shapes","floor":39.0,"turns":8.0},{"damage":0.0,"enemies":"4 Shapes","floor":41.0,"turns":7.0},{"damage":12.0,"enemies":"Jaw Worm Horde","floor":42.0,"turns":3.0},{"damage":7,"enemies":"Transient","floor":45,"turns":5},{"damage":0,"enemies":"Writhing Mass","floor":47,"turns":5},{"damage":49,"enemies":"Donu and Deca","floor":50,"turns":7}],"seed_played":"-2762318315513655334","potions_obtained":[{"floor":2.0,"key":"Block Potion"},{"floor":6.0,"key":"SpeedPotion"},{"floor":12.0,"key":"FearPotion"},{"floor":16.0,"key":"Dexterity Potion"},{"floor":20.0,"key":"GhostInAJar"},{"floor":27.0,"key":"Dexterity Potion"},{"floor":33.0,"key":"SteroidPotion"},{"floor":41.0,"key":"Block Potion"},{"floor":45,"key":"EntropicBrew"},{"floor":47,"key":"FairyPotion"}],"is_trial":false,"path_per_floor":["M","M","?","M","$","E","?","E","T","R","?","E","M","E","R","B",null,"M","?","M","?","$","R","M","E","T","M","M","R","M","M","R","B",null,"M","M","?","$","M","R","M","M","T","R","M","?","M","T","R","B",null],"character_chosen":"THE_SILENT","items_purchased":["Footwork","Cloak And Dagger+1","SkillPotion","SpeedPotion","Backflip+1"],"campfire_rested":5,"item_purchase_floors":[5,22,38,38,38],"current_hp_per_floor":[63,63,68,68,68,44,44,34,34,56,56,54,54,28,54,33,75,64,64,57,41,41,41,39,23,23,24,8,35,30,19,46,13,73,61,42,42,42,32,50,50,40,40,58,51,51,53,53,97,48],"gold":166,"neow_bonus":"ONE_RANDOM_RARE_CARD","is_prod":false,"is_daily":false,"chose_seed":false,"campfire_upgraded":3,"win_rate":0,"timestamp":1560908378,"path_taken":["M","M","?","M","$","E","?","E","T","R","?","E","M","E","R","BOSS","M","?","M","?","$","R","M","E","T","M","M","R","M","M","R","BOSS","M","M","?","$","?","R","M","M","T","R","?","?","?","?","R","BOSS"],"build_version":"2019-01-23","purchased_purges":3,"victory":true,"max_hp_per_floor":[70,70,75,75,75,75,75,75,75,75,75,89,89,89,89,89,89,89,89,89,89,89,89,89,89,89,91,93,93,93,93,93,93,93,93,93,93,93,93,93,93,95,95,95,95,95,97,97,97,97],"card_choices":[{"not_picked":["Infinite Blades","Dagger Spray"],"picked":"Poisoned Stab","floor":1.0},{"not_picked":["Dagger Spray","Masterful Stab"],"picked":"Bouncing Flask","floor":2.0},{"not_picked":["Blade Dance","Masterful Stab"],"picked":"Skewer","floor":4.0},{"not_picked":["Glass Knife","Acrobatics"],"picked":"Noxious Fumes","floor":6.0},{"not_picked":["Endless Agony","Bane"],"picked":"Caltrops","floor":8.0},{"not_picked":["Poisoned Stab","Unload"],"picked":"Deadly Poison","floor":12.0},{"not_picked":["Slice","Skewer","Reflex"],"picked":"SKIP","floor":13.0},{"not_picked":["Tactician","Blade Dance"],"picked":"Calculated Gamble","floor":14.0},{"not_picked":["Malaise+1","Envenom"],"picked":"Wraith Form v2","floor":16.0},{"not_picked":["Cloak And Dagger+1","Bouncing Flask+1"],"picked":"Sucker Punch+1","floor":18.0},{"not_picked":["Underhanded Strike","Acrobatics+1"],"picked":"Backflip+1","floor":20.0},{"not_picked":["Acrobatics+1","Flying Knee+1"],"picked":"Deadly Poison+1","floor":24.0},{"not_picked":["Dagger Throw","Concentrate+1","Bane"],"picked":"SKIP","floor":25.0},{"not_picked":["Predator","Blade Dance+1","Tactician+1"],"picked":"Singing Bowl","floor":27.0},{"not_picked":["Prepared+1","Slice","Underhanded Strike+1"],"picked":"Singing Bowl","floor":28.0},{"not_picked":["Poisoned Stab","Bane"],"picked":"Catalyst+1","floor":30.0},{"not_picked":["Flechettes","Cloak And Dagger+1"],"picked":"Corpse Explosion+1","floor":31.0},{"not_picked":["Bullet Time+1","Tools of the Trade"],"picked":"Night Terror+1","floor":33.0},{"not_picked":["Flying Knee","Prepared+1"],"picked":"PiercingWail+1","floor":35.0},{"not_picked":["Outmaneuver+1","Blade Dance+1"],"picked":"Cloak And Dagger+1","floor":36.0},{"not_picked":["Acrobatics+1","PiercingWail+1"],"picked":"Dodge and Roll+1","floor":39.0},{"not_picked":["Backstab+1","Heel Hook+1"],"picked":"Backflip+1","floor":41.0},{"not_picked":["Acrobatics+1","Riddle With Holes+1","Dagger Spray"],"picked":"Singing Bowl","floor":42.0},{"not_picked":["Caltrops","Underhanded Strike+1"],"picked":"Well Laid Plans+1","floor":45},{"not_picked":["A Thousand Cuts","Poisoned Stab","Tactician+1"],"picked":"Singing Bowl","floor":47}],"player_experience":778253,"relics_obtained":[{"floor":6.0,"key":"Mummified Hand"},{"floor":8.0,"key":"Omamori"},{"floor":9.0,"key":"Bottled Tornado"},{"floor":12.0,"key":"Mango"},{"floor":14.0,"key":"Toxic Egg 2"},{"floor":25.0,"key":"Tiny Chest"},{"floor":26.0,"key":"Singing Bowl"},{"floor":43.0,"key":"Mercury Hourglass"},{"floor":48,"key":"Dodecahedron"}],"event_choices":[{"damage_healed":0.0,"max_hp_gain":5.0,"max_hp_loss":0.0,"gold_gain":0.0,"event_name":"Big Fish","player_choice":"Donut","floor":3.0,"gold_loss":0.0,"damage_taken":0.0},{"damage_healed":0.0,"max_hp_gain":0.0,"max_hp_loss":0.0,"gold_gain":0.0,"event_name":"Liars Game","player_choice":"Ignored","floor":7.0,"gold_loss":0.0,"damage_taken":0.0},{"cards_removed":["Strike_G"],"damage_healed":0.0,"max_hp_gain":0.0,"max_hp_loss":0.0,"gold_gain":0.0,"event_name":"The Cleric","player_choice":"Card Removal","floor":11.0,"gold_loss":50.0,"damage_taken":0.0},{"cards_removed":["Strike_G"],"damage_healed":0.0,"max_hp_gain":0.0,"max_hp_loss":0.0,"gold_gain":0.0,"event_name":"Beggar","player_choice":"Gave Gold","floor":19.0,"gold_loss":75.0,"damage_taken":0.0},{"damage_healed":0.0,"max_hp_gain":0.0,"max_hp_loss":0.0,"gold_gain":0.0,"event_name":"Cursed Tome","player_choice":"Obtained Book","floor":21.0,"gold_loss":0.0,"damage_taken":16.0},{"damage_healed":0.0,"max_hp_gain":0.0,"max_hp_loss":0.0,"gold_gain":0.0,"event_name":"Duplicator","player_choice":"Copied","floor":37.0,"gold_loss":0.0,"damage_taken":0.0,"cards_obtained":["Footwork"]},{"damage_healed":0,"gold_gain":0,"player_choice":"Got Potions","damage_taken":0,"max_hp_gain":0,"max_hp_loss":0,"event_name":"Lab","floor":46,"gold_loss":0}],"is_beta":false,"boss_relics":[{"not_picked":["Tiny House","Ring of the Serpent"],"picked":"Philosopher\u0027s Stone"},{"not_picked":["Empty Cage","Runic Dome"],"picked":"Eternal Feather"}],"items_purged_floors":[5,22,38],"is_endless":false,"potions_floor_spawned":[2,6,12,16,20,27,33,39,41,45,47],"ascension_level":10}