{"gold_per_floor":[113,38,38,48,48,63,73,73,127,138,138,155,155,175,175,271,271,287,287,287,303,314,314,344,344,344,50,50,68,85,104,104,203,203,215,215,215,215,235,264,276,276,301,301,0,0,0,17,17,17,17,17,17,47,47],"floor_reached":55,"playtime":3022,"items_purged":["Strike_G","Shame"],"score":683,"play_id":"7c2cda2c-7a81-46a4-8984-489ab2466b7e","local_time":"20190617165218","is_ascension_mode":false,"campfire_choices":[{"data":"Backflip","floor":8.0,"key":"SMITH"},{"data":"Catalyst","floor":11.0,"key":"SMITH"},{"data":"Poisoned Stab","floor":13.0,"key":"SMITH"},{"data":"Catalyst","floor":15.0,"key":"SMITH"},{"data":"Venomology","floor":23.0,"key":"SMITH"},{"floor":28.0,"key":"REST"},{"floor":32.0,"key":"REST"},{"floor":42.0,"key":"RECALL"},{"data":"Deadly Poison","floor":44.0,"key":"SMITH"},{"data":"Deadly Poison","floor":47.0,"key":"SMITH"},{"floor":49.0,"key":"REST"},{"data":"Backflip","floor":52.0,"key":"SMITH"}],"neow_cost":"NONE","seed_source_timestamp":0,"circlet_count":0,"master_deck":["Defend_G+1","Defend_G+1","Defend_G+1","Defend_G+1","Strike_G+1","Strike_G+1","Strike_G+1","Strike_G+1","Survivor","Neutralize+1","Backflip+1","Backflip+1","Catalyst+1","Poisoned Stab+1","Catalyst+1","Venomology+1","Deadly Poison+1","Deadly Poison+1","The Bomb","Backstab","PiercingWail+1","Parasite"],"special_seed":0,"relics":["Ring of the Snake","Whetstone","Orichalcum","Cursed Key","Art of War","Vajra","White Beast Statue","Juzu Bracelet","Potion Belt","Red Mask","Spirit Poop","Pantograph"],"potions_floor_usage":[55,55,55,55,55],"damage_taken":[{"damage":0.0,"enemies":"Small Slimes","floor":1.0,"turns":5.0},{"damage":0.0,"enemies":"Cultist","floor":4.0,"turns":5.0},{"damage":0.0,"enemies":"2 Louse","floor":6.0,"turns":4.0},{"damage":3.0,"enemies":"2 Fungi Beasts","floor":7.0,"turns":4.0},{"damage":7.0,"enemies":"Large Slime","floor":10.0,"turns":7.0},{"damage":4.0,"enemies":"Blue Slaver","floor":12.0,"turns":5.0},{"damage":1.0,"enemies":"Lots of Slimes","floor":14.0,"turns":6.0},{"damage":20.0,"enemies":"Hexaghost","floor":16.0,"turns":8.0},{"damage":0.0,"enemies":"Spheric Guardian","floor":18.0,"turns":7.0},{"damage":15.0,"enemies":"2 Thieves","floor":21.0,"turns":5.0},{"damage":11.0,"enemies":"Cultist and Chosen","floor":22.0,"turns":7.0},{"damage":19.0,"enemies":"Slavers","floor":24.0,"turns":7.0},{"damage":0.0,"enemies":"Chosen and Byrds","floor":29.0,"turns":4.0},{"damage":6.0,"enemies":"Shelled Parasite and Fungi","floor":30.0,"turns":4.0},{"damage":0.0,"enemies":"Cultist and Chosen","floor":31.0,"turns":4.0},{"damage":36.0,"enemies":"Champ","floor":33.0,"turns":9.0},{"damage":2.0,"enemies":"3 Shapes","floor":35.0,"turns":3.0},{"damage":8.0,"enemies":"3 Darklings","floor":39.0,"turns":4.0},{"damage":10.0,"enemies":"Nemesis","floor":40.0,"turns":5.0},{"damage":0.0,"enemies":"Spire Growth","floor":41.0,"turns":4.0},{"damage":12.0,"enemies":"Jaw Worm Horde","floor":48.0,"turns":4.0},{"damage":51.0,"enemies":"Time Eater","floor":50.0,"turns":7.0},{"damage":25.0,"enemies":"Shield and Spear","floor":54.0,"turns":8.0},{"damage":72,"enemies":"The Heart","floor":55,"turns":8}],"seed_played":"5322528718680322224","potions_obtained":[{"floor":4.0,"key":"Block Potion"},{"floor":6.0,"key":"Strength Potion"},{"floor":14.0,"key":"PowerPotion"},{"floor":16.0,"key":"Block Potion"},{"floor":18.0,"key":"Dexterity Potion"},{"floor":35.0,"key":"Energy Potion"},{"floor":40.0,"key":"Block Potion"},{"floor":48.0,"key":"Block Potion"},{"floor":54.0,"key":"Strength Potion"}],"is_trial":false,"path_per_floor":["M","$","?","M","?","M","M","R","T","M","R","M","R","M","R","B",null,"M","?","?","M","M","R","E","?","T","$","R","M","M","M","R","B",null,"M","?","?","T","M","E","M","R","T","R","?","?","R","M","R","B",null,"R","$","E","B"],"character_chosen":"THE_SILENT","items_purchased":["The Bomb"],"campfire_rested":3,"item_purchase_floors":[27],"current_hp_per_floor":[70,70,75,75,75,75,72,72,72,65,65,61,61,60,60,40,75,75,75,75,60,49,49,30,30,30,30,52,52,46,46,68,32,75,73,71,71,71,63,53,53,53,53,53,53,53,53,41,62,11,71,71,71,46,0],"gold":47,"neow_bonus":"RANDOM_COMMON_RELIC","is_prod":false,"is_daily":false,"chose_seed":false,"campfire_upgraded":8,"win_rate":0,"timestamp":1560783138,"path_taken":["M","$","?","M","?","M","?","R","T","M","R","M","R","M","R","BOSS","M","?","?","M","M","R","E","?","T","$","R","M","M","M","R","BOSS","M","?","?","?","M","E","M","R","T","R","?","?","R","M","R","BOSS","R","$","E","BOSS"],"build_version":"2019-01-23","purchased_purges":2,"victory":false,"max_hp_per_floor":[70,70,75,75,75,75,75,75,75,75,75,75,75,75,75,75,75,75,75,75,75,75,75,75,75,75,75,75,75,75,75,75,75,75,75,71,71,71,71,71,71,71,71,71,71,71,71,71,71,71,71,71,71,71,71],"card_choices":[{"not_picked":["Dagger Spray","Crippling Poison"],"picked":"Backflip","floor":1.0},{"not_picked":["Slice","Outmaneuver","Concentrate"],"picked":"SKIP","floor":4.0},{"not_picked":["Dagger Spray","Underhanded Strike"],"picked":"Backflip","floor":6.0},{"not_picked":["Expertise","Backflip","Setup"],"picked":"SKIP","floor":7.0},{"not_picked":["Noxious Fumes","Distraction"],"picked":"Catalyst","floor":10.0},{"not_picked":["Cloak And Dagger","Blade Dance"],"picked":"Poisoned Stab","floor":12.0},{"not_picked":["Deflect","Bane"],"picked":"Catalyst","floor":14.0},{"not_picked":["Corpse Explosion","Adrenaline"],"picked":"Venomology","floor":16.0},{"not_picked":["Dagger Throw","Leg Sweep","Slice"],"picked":"SKIP","floor":18.0},{"not_picked":["Dagger Spray","Cloak And Dagger","Expertise"],"picked":"SKIP","floor":21.0},{"not_picked":["Deflect","Outmaneuver","Expertise"],"picked":"SKIP","floor":22.0},{"not_picked":["Crippling Poison","Calculated Gamble+1"],"picked":"Deadly Poison","floor":24.0},{"not_picked":["Cloak And Dagger","Finisher","Setup+1"],"picked":"SKIP","floor":29.0},{"not_picked":["Cloak And Dagger","Dagger Throw+1"],"picked":"Backstab","floor":30.0},{"not_picked":["Quick Slash+1","Acrobatics","Deflect"],"picked":"SKIP","floor":31.0},{"not_picked":["All Out Attack","Dagger Spray+1","Flechettes+1"],"picked":"SKIP","floor":35.0},{"not_picked":["Terror","Poisoned Stab+1","Dagger Throw+1"],"picked":"SKIP","floor":39.0},{"not_picked":["Cloak And Dagger","A Thousand Cuts","Deflect+1"],"picked":"SKIP","floor":40.0},{"not_picked":["Bane","Tactician"],"picked":"PiercingWail+1","floor":41.0},{"not_picked":["Deflect","Dagger Spray","Escape Plan"],"picked":"SKIP","floor":48.0},{"not_picked":["Storm of Steel","Leg Sweep+1","Dagger Spray"],"picked":"SKIP","floor":54.0}],"player_experience":268966,"relics_obtained":[{"floor":9.0,"key":"Orichalcum"},{"floor":24.0,"key":"Art of War"},{"floor":26.0,"key":"Vajra"},{"floor":40.0,"key":"Juzu Bracelet"},{"floor":43.0,"key":"Potion Belt"},{"floor":54.0,"key":"Pantograph"}],"event_choices":[{"damage_healed":0.0,"max_hp_gain":5.0,"max_hp_loss":0.0,"gold_gain":0.0,"event_name":"Big Fish","player_choice":"Donut","floor":3.0,"gold_loss":0.0,"damage_taken":0.0},{"damage_healed":0.0,"max_hp_gain":0.0,"max_hp_loss":0.0,"gold_gain":0.0,"event_name":"Accursed Blacksmith","player_choice":"Forge","floor":5.0,"gold_loss":0.0,"damage_taken":0.0,"cards_upgraded":["Neutralize"]},{"damage_healed":0.0,"max_hp_gain":0.0,"max_hp_loss":0.0,"gold_gain":0.0,"event_name":"Ghosts","player_choice":"Ignored","floor":19.0,"gold_loss":0.0,"damage_taken":0.0},{"damage_healed":0.0,"max_hp_gain":0.0,"max_hp_loss":0.0,"gold_gain":0.0,"event_name":"The Library","player_choice":"Read","floor":20.0,"gold_loss":0.0,"damage_taken":0.0,"cards_obtained":["Deadly Poison"]},{"damage_healed":0.0,"max_hp_gain":0.0,"max_hp_loss":0.0,"gold_gain":0.0,"event_name":"Back to Basics","player_choice":"Simplicity","floor":25.0,"gold_loss":0.0,"damage_taken":0.0,"cards_upgraded":["Defend_G","Defend_G","Defend_G","Defend_G","Defend_G","Strike_G","Strike_G"]},{"damage_healed":0.0,"max_hp_gain":0.0,"max_hp_loss":4.0,"gold_gain":0.0,"event_name":"Winding Halls","player_choice":"Max HP","floor":36.0,"gold_loss":0.0,"damage_taken":0.0},{"cards_removed":["Defend_G"],"damage_healed":0.0,"max_hp_gain":0.0,"max_hp_loss":0.0,"gold_gain":0.0,"event_name":"Falling","player_choice":"Removed Skill","floor":37.0,"gold_loss":0.0,"damage_taken":0.0},{"damage_healed":0.0,"max_hp_gain":0.0,"max_hp_loss":0.0,"gold_gain":0.0,"event_name":"Tomb of Lord Red Mask","player_choice":"Paid","floor":45.0,"gold_loss":301.0,"damage_taken":0.0,"relics_obtained":["Red Mask"]},{"cards_removed":["Shame"],"damage_healed":0.0,"max_hp_gain":0.0,"max_hp_loss":0.0,"gold_gain":0.0,"event_name":"Bonfire Elementals","player_choice":"Offered Curse","floor":46.0,"gold_loss":0.0,"damage_taken":0.0,"relics_obtained":["Spirit Poop"]}],"is_beta":false,"boss_relics":[{"not_picked":["Fusion Hammer","Eternal Feather"],"picked":"Cursed Key"},{"not_picked":["HoveringKite","Runic Pyramid"],"picked":"White Beast Statue"}],"items_purged_floors":[2,27],"is_endless":false,"potions_floor_spawned":[4,6,14,16,18,22,31,35,39,40,41,48,54],"killed_by":"The Heart","ascension_level":0}