{"path_per_floor":["M","M","M","$","?","R","E","?","T","M","M","R","M","M","R","B",null,"M","?","M","$","M","R","?","M","T","M","M","E","$","M","R","B",null,"M","?","?","M","M","R","M","R","T","?","$","M","?","M","R"],"character_chosen":"IRONCLAD","items_purchased":["Shrug It Off","Inflame","Burning Pact","Block Potion","Energy Potion"],"gold_per_floor":[114,132,148,20,20,20,48,48,48,58,73,73,73,86,86,187,187,205,305,319,65,79,79,79,89,89,107,127,152,104,118,118,223,253,272,272,0,16,26,26,41,41,65,116,65,78,78,91,91],"floor_reached":50,"campfire_rested":1,"playtime":38198,"current_hp_per_floor":[78,80,80,80,73,73,54,59,59,53,53,53,48,53,53,35,85,85,85,71,71,51,51,51,57,57,59,45,49,49,54,54,17,64,64,64,64,62,60,60,59,59,59,76,76,56,46,41,64],"items_purged":["Strike_R","Defend_R"],"gold":91,"play_id":"bfa91c6b-72e0-49ba-9887-7bf1b39aa36e","is_prod":false,"is_daily":false,"is_ascension_mode":false,"campfire_upgraded":7,"path_taken":["M","M","M","$","?","R","E","?","T","M","M","R","M","M","R","BOSS","M","?","M","$","M","R","?","?","T","M","M","E","?","M","R","BOSS","M","?","?","M","M","R","M","R","T","?","$","M","?","M","R","BOSS"],"build_version":"2018-02-01-PROD3","purchased_purges":3,"victory":false,"master_deck":["Defend_R","Defend_R","Bash","Flex","Armaments+1","Warcry","Shrug It Off","Demon Form+1","Clothesline+1","Offering+1","Warcry","Iron Wave+1","Inflame","Burning Pact","Inflame","Bite","Bite+1","Bite","Bite","Bite","Intimidate+1","Decay","Cleave+1","Shrug It Off+1","Whirlwind","Reaper+1","Evolve+1","Flex+1","Shrug It Off+1","Wild Strike+1","Injury","Madness","Madness"],"max_hp_per_floor":[80,80,80,80,80,80,80,85,85,85,85,85,85,85,85,85,85,85,85,85,85,85,85,59,59,59,59,59,59,59,59,59,59,64,64,64,64,64,64,64,64,64,64,78,78,78,78,78,78],"relics":["Burning Blood","Lantern","Torii","Cursed Key","Oddly Smooth Stone","Bag of Marbles","Tiny House","Red Mask","Whetstone","Mango"],"card_choices":[{"not_picked":["Uppercut","Battle Trance"],"picked":"Flex"},{"not_picked":["Clash","Perfected Strike"],"picked":"Armaments"},{"not_picked":["Clothesline","Searing Blow"],"picked":"Warcry"},{"not_picked":["Corruption","Fire Breathing"],"picked":"Demon Form"},{"not_picked":["Anger","Sword Boomerang"],"picked":"Clothesline"},{"not_picked":["Clothesline","Perfected Strike"],"picked":"Rupture"},{"not_picked":["Brutality","Dark Embrace"],"picked":"Offering"},{"not_picked":["Dual Wield","Armaments"],"picked":"Warcry"},{"not_picked":["Whirlwind","Body Slam"],"picked":"Iron Wave"},{"not_picked":["Anger","Blood for Blood"],"picked":"Inflame"},{"not_picked":["Clothesline","Iron Wave"],"picked":"Intimidate"},{"not_picked":["Bloodletting","Clothesline"],"picked":"Cleave"},{"not_picked":["Anger","Combust"],"picked":"Shrug It Off"},{"not_picked":["Perfected Strike","Bloodletting"],"picked":"Whirlwind"},{"not_picked":["Barricade","Feed"],"picked":"Reaper"},{"not_picked":["Battle Trance","Power Through"],"picked":"Evolve"},{"not_picked":["Perfected Strike","Dropkick"],"picked":"Flex"},{"not_picked":["Corruption","Twin Strike"],"picked":"Shrug It Off"},{"not_picked":["Clash","Anger"],"picked":"Wild Strike"}],"player_experience":178514,"potions_floor_usage":[13,16,16,29,29,31,33,44,48,50],"damage_taken":[{"damage":8,"enemies":"Jaw Worm","floor":1,"turns":4},{"damage":0,"enemies":"Small Slimes","floor":2,"turns":3},{"damage":5,"enemies":"2 Louse","floor":3,"turns":2},{"damage":25,"enemies":"Gremlin Nob","floor":7,"turns":4},{"damage":12,"enemies":"Exordium Wildlife","floor":10,"turns":4},{"damage":6,"enemies":"Lots of Slimes","floor":11,"turns":5},{"damage":11,"enemies":"Gremlin Gang","floor":13,"turns":6},{"damage":1,"enemies":"3 Louse","floor":14,"turns":4},{"damage":24,"enemies":"The Guardian","floor":16,"turns":9},{"damage":6,"enemies":"Shell Parasite","floor":18,"turns":4},{"damage":20,"enemies":"Chosen","floor":20,"turns":5},{"damage":26,"enemies":"Slaver and Parasite","floor":22,"turns":6},{"damage":6,"enemies":"Snake Plant","floor":25,"turns":4},{"damage":12,"enemies":"Chosen and Byrds","floor":27,"turns":5},{"damage":31,"enemies":"Cultist and Chosen","floor":28,"turns":6},{"damage":12,"enemies":"Book of Stabbing","floor":29,"turns":5},{"damage":5,"enemies":"Snake Plant","floor":31,"turns":2},{"damage":64,"enemies":"Collector","floor":33,"turns":8},{"damage":4,"enemies":"3 Darklings","floor":35,"turns":1},{"damage":9,"enemies":"Orb Walker","floor":38,"turns":4},{"damage":31,"enemies":"4 Shapes","floor":39,"turns":5},{"damage":14,"enemies":"3 Darklings","floor":41,"turns":5},{"damage":9,"enemies":"Mysterious Sphere","floor":44,"turns":2},{"damage":28,"enemies":"Sphere and 2 Shapes","floor":46,"turns":4},{"damage":44,"enemies":"4 Shapes","floor":48,"turns":6},{"damage":93,"enemies":"Time Eater","floor":50,"turns":8}],"event_choices":[{"event_name":"Golden Wing","player_choice":"Card Removal","floor":5,"damage_taken":0},{"event_name":"Big Fish","player_choice":"Donut","floor":8,"damage_taken":0},{"event_name":"Golden Shrine","player_choice":"Pray","floor":19,"damage_taken":0},{"event_name":"Vampires","player_choice":"Became a vampire","floor":24,"damage_taken":0},{"event_name":"Tomb of Lord Red Mask","player_choice":"Paid","floor":37,"damage_taken":0},{"event_name":"Mysterious Sphere","player_choice":"Fight","floor":44,"damage_taken":0},{"event_name":"Winding Halls","player_choice":"Embrace Madness","floor":47,"damage_taken":0}],"boss_relics":[{"not_picked":["Eternal Feather","Ectoplasm"],"picked":"Cursed Key"},{"not_picked":["Question Card","White Beast Statue"],"picked":"Tiny House"}],"potions_floor_spawned":[3,10,11,18,25,29,35,41,44,46],"seed_played":"-6609780951248562944","killed_by":"Time Eater","ascension_level":0,"is_trial":false}