{"gold_per_floor":[31,31,45,45,45,80,80,105,128,128,93,103,103,73,73,171,171,188,33,33,51,69,69],"floor_reached":23,"playtime":1844,"items_purged":[],"score":266,"play_id":"563fe27f-1f43-495b-963f-06bd067dd239","local_time":"20190601163245","is_ascension_mode":true,"campfire_choices":[{"data":"Fission","floor":7,"key":"SMITH"},{"data":"Jack Of All Trades","floor":10,"key":"SMITH"},{"data":"Zap","floor":15,"key":"SMITH"}],"neow_cost":"NO_GOLD","seed_source_timestamp":1240295841819823,"circlet_count":0,"master_deck":["Strike_B","Strike_B","Defend_B","Defend_B","Defend_B","Zap+1","Dualcast","Jack Of All Trades+1","Dramatic Entrance","Static Discharge+1","Glacier","Fission+1","Leap","Buffer","BootSequence","Genetic Algorithm+1","Coolheaded+1"],"relics":["Cracked Core","Juzu Bracelet","Thread and Needle","Blood Vial","Empty Cage","Bag of Marbles"],"potions_floor_usage":[16,18,23],"damage_taken":[{"damage":7,"enemies":"Jaw Worm","floor":1,"turns":3},{"damage":3,"enemies":"2 Louse","floor":3,"turns":2},{"damage":0,"enemies":"Lagavulin","floor":6,"turns":6},{"damage":16,"enemies":"3 Sentries","floor":8,"turns":6},{"damage":0,"enemies":"Cultist","floor":12,"turns":3},{"damage":11,"enemies":"The Guardian","floor":16,"turns":17},{"damage":2,"enemies":"3 Byrds","floor":18,"turns":3},{"damage":5,"enemies":"2 Thieves","floor":21,"turns":5},{"damage":23,"enemies":"Snake Plant","floor":22,"turns":4},{"damage":61,"enemies":"Gremlin Leader","floor":23,"turns":11}],"seed_played":"1151560567307710188","potions_obtained":[{"floor":8,"key":"FocusPotion"},{"floor":14,"key":"Weak Potion"},{"floor":14,"key":"Dexterity Potion"},{"floor":21,"key":"Fire Potion"}],"is_trial":false,"path_per_floor":["M","?","M","$","?","E","R","E","T","R","?","M","T","?","R","B",null,"M","$","?","M","M","E"],"character_chosen":"DEFECT","items_purchased":["Bag of Marbles"],"campfire_rested":0,"item_purchase_floors":[19],"current_hp_per_floor":[68,61,58,58,58,58,58,42,42,42,60,62,62,62,62,53,75,73,73,73,70,49,0],"gold":69,"neow_bonus":"RANDOM_COLORLESS_2","is_prod":false,"is_daily":false,"chose_seed":false,"campfire_upgraded":3,"win_rate":0,"timestamp":1559417565,"path_taken":["M","?","M","$","?","E","R","E","T","R","?","M","?","?","R","BOSS","M","$","?","M","M","E"],"build_version":"2019-01-23","purchased_purges":0,"victory":false,"max_hp_per_floor":[75,75,75,75,75,75,75,75,75,75,75,75,75,75,75,75,75,75,75,75,75,75,75],"card_choices":[{"not_picked":["Reprogram","Stack"],"picked":"Static Discharge","floor":1},{"not_picked":["Hologram","Steam"],"picked":"Glacier","floor":3},{"not_picked":["Ball Lightning","Rebound"],"picked":"Fission","floor":6},{"not_picked":["Steam","Sweeping Beam"],"picked":"Leap","floor":8},{"not_picked":["BootSequence","Aggregate","Beam Cell"],"picked":"SKIP","floor":12},{"not_picked":["Core Surge","Rainbow"],"picked":"Buffer","floor":16},{"not_picked":["Turbo","Steam Power"],"picked":"BootSequence","floor":18},{"not_picked":["Hologram+1","Conserve Battery"],"picked":"Genetic Algorithm+1","floor":21},{"not_picked":["Ball Lightning+1","Go for the Eyes"],"picked":"Coolheaded+1","floor":22}],"player_experience":852605,"relics_obtained":[{"floor":6,"key":"Juzu Bracelet"},{"floor":8,"key":"Thread and Needle"},{"floor":9,"key":"Blood Vial"}],"event_choices":[{"cards_removed":["Strike_B"],"damage_healed":0,"gold_gain":0,"player_choice":"Card Removal","damage_taken":7,"max_hp_gain":0,"max_hp_loss":0,"event_name":"Golden Wing","floor":2,"gold_loss":0},{"damage_healed":0,"gold_gain":0,"player_choice":"Grow","damage_taken":0,"max_hp_gain":0,"max_hp_loss":0,"event_name":"Living Wall","floor":5,"gold_loss":0,"cards_upgraded":["Static Discharge"]},{"damage_healed":18,"gold_gain":0,"player_choice":"Healed","damage_taken":0,"max_hp_gain":0,"max_hp_loss":0,"event_name":"The Cleric","floor":11,"gold_loss":35},{"damage_healed":0,"gold_gain":0,"player_choice":"Bought 2 Potions","damage_taken":0,"max_hp_gain":0,"max_hp_loss":0,"event_name":"The Woman in Blue","floor":14,"gold_loss":0},{"damage_healed":0,"gold_gain":0,"player_choice":"Ignored","damage_taken":0,"max_hp_gain":0,"max_hp_loss":0,"event_name":"N\u0027loth","floor":20,"gold_loss":0}],"is_beta":false,"boss_relics":[{"not_picked":["Calling Bell","Eternal Feather"],"picked":"Empty Cage"}],"items_purged_floors":[],"is_endless":false,"potions_floor_spawned":[8,21],"killed_by":"Gremlin Leader","ascension_level":4}