{"gold_per_floor":[115,128,53,53,67,67,50,50,50,60,71,86,36,13,13,110,110,122,122,72,22,38,38,38,38,65,65,15,43,43,43],"floor_reached":31,"playtime":1035,"items_purged":["Strike_G","Defend_G","Strike_G","Defend_G","Defend_G"],"score":268,"play_id":"567fe71c-1b99-4421-9fbd-b497bf107b2a","local_time":"20190519090628","is_ascension_mode":false,"campfire_choices":[{"data":"Neutralize","floor":6,"key":"SMITH"},{"data":"Survivor","floor":8,"key":"SMITH"},{"floor":15,"key":"REST"},{"floor":23,"key":"REST"},{"floor":25,"key":"REST"},{"data":"Catalyst","floor":27,"key":"SMITH"}],"neow_cost":"NONE","seed_source_timestamp":272295158094670,"circlet_count":0,"master_deck":["Defend_G","Defend_G","Strike_G","Strike_G","Survivor+1","Neutralize+1","Concentrate","Infinite Blades","Infinite Blades","Cloak And Dagger","Blade Dance","Die Die Die","Deadly Poison","Deadly Poison","Blade Dance","Cloak And Dagger","Infinite Blades","Deadly Poison","Catalyst+1","Infinite Blades"],"relics":["Ring of the Snake","Snake Skull","Smiling Mask","Bottled Flame","Orrery","PreservedInsect","Pear"],"potions_floor_usage":[22],"damage_taken":[{"damage":0,"enemies":"Cultist","floor":1,"turns":3},{"damage":7,"enemies":"2 Louse","floor":2,"turns":3},{"damage":5,"enemies":"Small Slimes","floor":5,"turns":4},{"damage":2,"enemies":"Exordium Thugs","floor":7,"turns":4},{"damage":11,"enemies":"Lots of Slimes","floor":10,"turns":5},{"damage":4,"enemies":"Blue Slaver","floor":11,"turns":4},{"damage":4,"enemies":"Large Slime","floor":12,"turns":7},{"damage":47,"enemies":"Hexaghost","floor":16,"turns":15},{"damage":30,"enemies":"Spheric Guardian","floor":18,"turns":6},{"damage":22,"enemies":"2 Thieves","floor":22,"turns":4},{"damage":29,"enemies":"Book of Stabbing","floor":29,"turns":4},{"damage":43,"enemies":"Sentry and Sphere","floor":31,"turns":5}],"seed_played":"-4876374699479549291","potions_obtained":[{"floor":1,"key":"GamblersBrew"},{"floor":10,"key":"Ancient Potion"},{"floor":16,"key":"Strength Potion"},{"floor":18,"key":"AttackPotion"}],"is_trial":false,"path_per_floor":["M","M","$","?","M","R","M","R","T","M","M","M","$","$","R","B",null,"M","?","$","$","M","R","$","R","T","R","$","E","$","M"],"character_chosen":"THE_SILENT","items_purchased":["Blade Dance"],"campfire_rested":3,"item_purchase_floors":[14],"current_hp_per_floor":[70,63,63,63,58,58,56,56,56,45,41,37,37,37,58,11,70,40,40,40,40,18,39,39,60,60,60,60,41,41,0],"gold":43,"neow_bonus":"RANDOM_COMMON_RELIC","is_prod":false,"is_daily":false,"chose_seed":false,"campfire_upgraded":3,"win_rate":0,"timestamp":1558249588,"path_taken":["M","M","?","?","M","R","M","R","T","M","M","?","?","$","R","BOSS","M","?","?","$","?","R","$","R","T","R","?","E","$","M"],"build_version":"2019-01-23","purchased_purges":5,"victory":false,"max_hp_per_floor":[70,70,70,70,70,70,70,70,70,70,70,70,70,70,70,70,70,70,70,70,70,70,70,70,70,70,70,70,80,80,80],"card_choices":[{"not_picked":["Outmaneuver","Slice"],"picked":"Concentrate","floor":1},{"not_picked":["Outmaneuver","Riddle With Holes","Deadly Poison"],"picked":"SKIP","floor":2},{"not_picked":["Calculated Gamble","Expertise"],"picked":"Infinite Blades","floor":5},{"not_picked":["Footwork","Slice"],"picked":"Infinite Blades","floor":7},{"not_picked":["Quick Slash","Distraction","Skewer"],"picked":"SKIP","floor":10},{"not_picked":["Night Terror","Footwork"],"picked":"Cloak And Dagger","floor":11},{"not_picked":["Underhanded Strike","Dagger Spray","Heel Hook"],"picked":"SKIP","floor":12},{"not_picked":["Corpse Explosion","Phantasmal Killer"],"picked":"Die Die Die","floor":16},{"not_picked":["Endless Agony","PiercingWail"],"picked":"Deadly Poison","floor":17},{"not_picked":["Underhanded Strike","Tactician"],"picked":"Deadly Poison","floor":17},{"not_picked":["Prepared","Heel Hook"],"picked":"Blade Dance","floor":17},{"not_picked":["Backflip","Dagger Spray"],"picked":"Cloak And Dagger","floor":17},{"not_picked":["Catalyst","Wraith Form v2"],"picked":"Infinite Blades","floor":17},{"not_picked":["Poisoned Stab","Underhanded Strike+1","Reflex"],"picked":"SKIP","floor":18},{"not_picked":["Concentrate","Skewer+1"],"picked":"Catalyst","floor":22},{"not_picked":["Blade Dance","Outmaneuver"],"picked":"Infinite Blades","floor":29}],"player_experience":203870,"relics_obtained":[{"floor":9,"key":"Bottled Flame"},{"floor":26,"key":"PreservedInsect"},{"floor":29,"key":"Pear"}],"event_choices":[{"damage_healed":0,"gold_gain":0,"player_choice":"Gave Potion","damage_taken":0,"relics_obtained":["Smiling Mask"],"max_hp_gain":0,"max_hp_loss":0,"event_name":"WeMeetAgain","floor":4,"gold_loss":0},{"damage_healed":0,"gold_gain":0,"cards_transformed":["Strike_G"],"player_choice":"Transformed","damage_taken":0,"max_hp_gain":0,"max_hp_loss":0,"event_name":"Transmorgrifier","floor":19,"gold_loss":0,"cards_obtained":["Deadly Poison"]}],"is_beta":false,"boss_relics":[{"not_picked":["Black Star","Runic Dome"],"picked":"Orrery"}],"items_purged_floors":[3,13,20,21,28],"is_endless":false,"potions_floor_spawned":[1,10,16,18],"killed_by":"Sentry and Sphere","ascension_level":0}