{"gold_per_floor":[114,132,148,166,186,186,215,215,239,239,257,257,291,310,310,385,385,399,409,40,40,50,64,64],"floor_reached":24,"playtime":1382,"items_purged":["Defend_R"],"score":403,"play_id":"942efd7e-ac93-4ddf-99e0-b7c19e0a83eb","local_time":"20190619111506","is_ascension_mode":true,"campfire_choices":[{"data":"Hemokinesis","floor":6,"key":"SMITH"},{"data":"Uppercut","floor":8,"key":"SMITH"},{"floor":10,"key":"REST"},{"floor":15,"key":"REST"}],"neow_cost":"PERCENT_DAMAGE","seed_source_timestamp":158619157384152,"circlet_count":0,"master_deck":["AscendersBane","Strike_R","Strike_R","Strike_R","Defend_R","Defend_R","Defend_R","Bash","Bludgeon","Hemokinesis+1","Flex","Metallicize","Shrug It Off","Headbutt","Uppercut+1","Spot Weakness","Heavy Blade","Reaper","Ghostly Armor","Limit Break+1","Armaments","Body Slam+1"],"relics":["Burning Blood","Pen Nib","Oddly Smooth Stone","Bronze Scales","Velvet Choker","Frozen Eye"],"potions_floor_usage":[7,13,13,23],"damage_taken":[{"damage":0,"enemies":"Jaw Worm","floor":1,"turns":3},{"damage":6,"enemies":"Cultist","floor":2,"turns":3},{"damage":7,"enemies":"Small Slimes","floor":3,"turns":2},{"damage":3,"enemies":"Exordium Wildlife","floor":4,"turns":2},{"damage":13,"enemies":"Red Slaver","floor":5,"turns":4},{"damage":20,"enemies":"3 Sentries","floor":7,"turns":8},{"damage":13,"enemies":"Blue Slaver","floor":11,"turns":4},{"damage":18,"enemies":"Lagavulin","floor":13,"turns":5},{"damage":17,"enemies":"Exordium Wildlife","floor":14,"turns":5},{"damage":47,"enemies":"The Guardian","floor":16,"turns":10},{"damage":2,"enemies":"Chosen","floor":18,"turns":4},{"damage":15,"enemies":"Spheric Guardian","floor":19,"turns":5},{"damage":29,"enemies":"Snecko","floor":22,"turns":3},{"damage":8,"enemies":"Centurion and Healer","floor":23,"turns":6},{"damage":65,"enemies":"Gremlin Leader","floor":24,"turns":5}],"seed_played":"-7857353040397380932","potions_obtained":[{"floor":2,"key":"Strength Potion"},{"floor":3,"key":"Energy Potion"},{"floor":11,"key":"Poison Potion"},{"floor":18,"key":"BloodPotion"},{"floor":22,"key":"Swift Potion"}],"is_trial":false,"path_per_floor":["M","M","M","M","M","R","E","R","T","R","M","?","E","M","R","B",null,"M","M","$","?","M","M","E"],"character_chosen":"IRONCLAD","items_purchased":["Limit Break","Frozen Eye"],"campfire_rested":2,"item_purchase_floors":[20,20],"current_hp_per_floor":[56,56,55,58,51,51,37,37,37,59,52,52,40,29,51,10,59,63,54,54,54,31,59,0],"gold":64,"neow_bonus":"TRANSFORM_TWO_CARDS","is_prod":false,"is_daily":false,"chose_seed":false,"campfire_upgraded":2,"win_rate":0,"timestamp":1560953706,"path_taken":["M","M","M","M","M","R","E","R","T","R","M","?","E","M","R","BOSS","M","M","$","?","M","M","E"],"build_version":"2019-01-23","purchased_purges":1,"victory":false,"max_hp_per_floor":[75,75,75,75,75,75,75,75,75,75,75,75,75,75,75,75,75,75,75,75,75,75,75,75],"card_choices":[{"not_picked":["Body Slam","Havoc"],"picked":"Flex","floor":1},{"not_picked":["Battle Trance","Disarm"],"picked":"Metallicize","floor":2},{"not_picked":["Havoc","Sword Boomerang"],"picked":"Shrug It Off","floor":3},{"not_picked":["Searing Blow","Heavy Blade"],"picked":"Headbutt","floor":4},{"not_picked":["Pommel Strike","Twin Strike","Warcry"],"picked":"SKIP","floor":5},{"not_picked":["Limit Break","Clash"],"picked":"Uppercut","floor":7},{"not_picked":["True Grit","Anger"],"picked":"Spot Weakness","floor":11},{"not_picked":["Double Tap","Thunderclap","Berserk"],"picked":"SKIP","floor":13},{"not_picked":["Cleave","Sever Soul"],"picked":"Heavy Blade","floor":14},{"not_picked":["Exhume","Barricade"],"picked":"Reaper","floor":16},{"not_picked":["Reckless Charge","Wild Strike"],"picked":"Ghostly Armor","floor":18},{"not_picked":["Wild Strike","Twin Strike","Infernal Blade"],"picked":"SKIP","floor":19},{"not_picked":["Rupture","Juggernaut"],"picked":"Armaments","floor":22},{"not_picked":["Sentinel","Armaments"],"picked":"Body Slam+1","floor":23}],"player_experience":1094567,"relics_obtained":[{"floor":7,"key":"Pen Nib"},{"floor":9,"key":"Oddly Smooth Stone"},{"floor":13,"key":"Bronze Scales"}],"event_choices":[{"damage_healed":0,"gold_gain":0,"player_choice":"Ignored","damage_taken":0,"max_hp_gain":0,"max_hp_loss":0,"event_name":"Liars Game","floor":12,"gold_loss":0},{"damage_healed":0,"gold_gain":0,"player_choice":"Upgraded","damage_taken":0,"max_hp_gain":0,"max_hp_loss":0,"event_name":"Upgrade Shrine","floor":21,"gold_loss":0,"cards_upgraded":["Limit Break"]}],"is_beta":false,"boss_relics":[{"not_picked":["Black Star","Empty Cage"],"picked":"Velvet Choker"}],"items_purged_floors":[20],"is_endless":false,"potions_floor_spawned":[2,3,5,11,18,22],"killed_by":"Gremlin Leader","ascension_level":18}