{"gold_per_floor":[109,109,17,34,47,76,76,89,89,114,114,114,139,155,155,286,286,307,307,307,320,41,82,105,105,105,105,50,74,90,90,90,211,211,226,226,44,44,144,144],"floor_reached":40,"playtime":3787,"items_purged":["Strike_B","Pain"],"score":574,"play_id":"71d58044-af1d-48d9-b557-9bad14e58f51","local_time":"20190602222900","is_ascension_mode":true,"campfire_choices":[{"floor":7.0,"key":"REST"},{"floor":12.0,"key":"REST"},{"data":"Sunder","floor":15.0,"key":"SMITH"},{"floor":25.0,"key":"REST"},{"data":"Glacier","floor":27.0,"key":"SMITH"},{"floor":32.0,"key":"REST"}],"neow_cost":"NONE","seed_source_timestamp":0,"circlet_count":0,"master_deck":["Defend_B","Defend_B","Defend_B","Defend_B","Zap+1","Dualcast","Impatience","Conserve Battery","Bandage Up","Coolheaded","Beam Cell","Sunder+1","Undo","Steam","Seek","Doom and Gloom","Redo","All For One","Seek+1","Multi-Cast+1","Streamline+1","Hologram","Glacier+1","Hologram+1","Cold Snap","Darkness+1","BootSequence","Go for the Eyes+1","Redo+1","Capacitor","Coolheaded","Creative AI","Injury","Doubt","Steam+1","Dark Shackles+1","Self Repair","Writhe"],"special_seed":0,"relics":["Cracked Core","Letter Opener","Bottled Flame","Dream Catcher","Golden Idol","Astrolabe","Art of War","Cables","Prayer Wheel","Tiny Chest","Enchiridion","Calling Bell","Bronze Scales","Toxic Egg 2","Peace Pipe"],"potions_floor_usage":[40],"damage_taken":[{"damage":0.0,"enemies":"2 Louse","floor":1.0,"turns":2.0},{"damage":0.0,"enemies":"Cultist","floor":4.0,"turns":3.0},{"damage":0.0,"enemies":"Jaw Worm","floor":5.0,"turns":4.0},{"damage":53.0,"enemies":"Gremlin Nob","floor":6.0,"turns":5.0},{"damage":5.0,"enemies":"Large Slime","floor":8.0,"turns":5.0},{"damage":28.0,"enemies":"Lagavulin","floor":10.0,"turns":5.0},{"damage":0.0,"enemies":"Looter","floor":13.0,"turns":3.0},{"damage":0.0,"enemies":"3 Louse","floor":14.0,"turns":2.0},{"damage":18.0,"enemies":"Hexaghost","floor":16.0,"turns":8.0},{"damage":16.0,"enemies":"Shell Parasite","floor":18.0,"turns":7.0},{"damage":7.0,"enemies":"Spheric Guardian","floor":21.0,"turns":4.0},{"damage":31.0,"enemies":"Gremlin Leader","floor":23.0,"turns":7.0},{"damage":6.0,"enemies":"3 Cultists","floor":24.0,"turns":5.0},{"damage":8.0,"enemies":"Shelled Parasite and Fungi","floor":29.0,"turns":3.0},{"damage":2.0,"enemies":"Snake Plant","floor":30.0,"turns":5.0},{"damage":31.0,"enemies":"Champ","floor":33.0,"turns":14.0},{"damage":30,"enemies":"3 Darklings","floor":35,"turns":8},{"damage":51,"enemies":"Reptomancer","floor":40,"turns":8}],"seed_played":"-1537321833612589787","potions_obtained":[{"floor":5.0,"key":"LiquidBronze"},{"floor":8.0,"key":"GamblersBrew"},{"floor":10.0,"key":"FearPotion"},{"floor":14.0,"key":"SpeedPotion"},{"floor":21.0,"key":"Strength Potion"},{"floor":30.0,"key":"Energy Potion"},{"floor":35,"key":"SpeedPotion"}],"is_trial":false,"path_per_floor":["M","?","$","M","M","E","R","M","T","E","?","R","M","M","R","B",null,"M","?","?","M","$","E","M","R","T","R","?","M","M","?","R","B",null,"M","?","$","?","?","E"],"character_chosen":"DEFECT","items_purchased":["Bandage Up","Art of War","Cold Snap","Self Repair"],"campfire_rested":4,"item_purchase_floors":[3,22,22,37],"current_hp_per_floor":[75,75,75,75,75,22,44,43,43,19,19,39,43,47,47,33,60,48,48,48,45,45,18,16,36,36,36,36,32,34,18,38,11,55,29,29,29,46,46,0],"gold":144,"neow_bonus":"RANDOM_COLORLESS","is_prod":false,"is_daily":false,"chose_seed":false,"campfire_upgraded":2,"win_rate":0,"timestamp":1559539740,"path_taken":["M","?","$","?","M","E","R","M","T","E","?","R","M","M","R","BOSS","M","?","?","M","$","E","M","R","T","R","?","M","M","?","R","BOSS","M","?","$","?","?","E"],"build_version":"2019-01-23","purchased_purges":2,"victory":false,"max_hp_per_floor":[75,75,75,75,75,75,75,75,75,75,69,69,69,69,69,69,69,69,69,69,69,69,69,69,69,69,69,69,69,69,69,69,69,69,69,69,69,69,69,69],"card_choices":[{"not_picked":["Force Field","Ball Lightning"],"picked":"Conserve Battery","floor":1.0},{"not_picked":["Rebound","Heatsinks"],"picked":"Coolheaded","floor":4.0},{"not_picked":["Steam Power","Coolheaded"],"picked":"Beam Cell","floor":5.0},{"not_picked":["Static Discharge","Stack"],"picked":"Sunder","floor":6.0},{"not_picked":["FTL","BootSequence"],"picked":"Undo","floor":8.0},{"not_picked":["Conserve Battery","Auto Shields"],"picked":"Steam","floor":10.0},{"not_picked":["Cold Snap","Compile Driver"],"picked":"Seek","floor":12.0},{"not_picked":["Rebound","Fusion"],"picked":"Doom and Gloom","floor":13.0},{"not_picked":["BootSequence","Fusion"],"picked":"Redo","floor":14.0},{"not_picked":["Core Surge","Reboot"],"picked":"All For One","floor":16.0},{"not_picked":["FTL","Stack+1"],"picked":"Hologram","floor":18.0},{"not_picked":["Double Energy","Stack"],"picked":"Hologram+1","floor":21.0},{"not_picked":["Gash+1","Force Field"],"picked":"Darkness+1","floor":23.0},{"not_picked":["Scrape","Beam Cell"],"picked":"BootSequence","floor":24.0},{"not_picked":["Steam","Redo"],"picked":"Go for the Eyes+1","floor":25.0},{"not_picked":["Seek","Turbo"],"picked":"Redo+1","floor":29.0},{"not_picked":["Beam Cell","Static Discharge"],"picked":"Capacitor","floor":29.0},{"not_picked":["Turbo","Double Energy"],"picked":"Coolheaded","floor":30.0},{"not_picked":["Redo","Leap","Doom and Gloom"],"picked":"SKIP","floor":30.0},{"not_picked":["Rainbow","Multi-Cast"],"picked":"Creative AI","floor":33.0},{"not_picked":["Rebound","Hologram+1"],"picked":"Steam+1","floor":35},{"not_picked":["Darkness+1","Beam Cell+1","Force Field+1"],"picked":"SKIP","floor":35},{"not_picked":["Metamorphosis+1","Dramatic Entrance"],"picked":"Dark Shackles+1","floor":36}],"player_experience":774466,"relics_obtained":[{"floor":6.0,"key":"Letter Opener"},{"floor":9.0,"key":"Bottled Flame"},{"floor":10.0,"key":"Dream Catcher"},{"floor":23.0,"key":"Cables"},{"floor":26.0,"key":"Prayer Wheel"},{"floor":31.0,"key":"Enchiridion"},{"floor":34,"key":"Bronze Scales"},{"floor":34,"key":"Toxic Egg 2"},{"floor":34,"key":"Peace Pipe"}],"event_choices":[{"damage_healed":0.0,"max_hp_gain":0.0,"max_hp_loss":0.0,"gold_gain":0.0,"event_name":"Accursed Blacksmith","player_choice":"Forge","floor":2.0,"gold_loss":0.0,"damage_taken":0.0,"cards_upgraded":["Zap"]},{"damage_healed":0.0,"max_hp_gain":0.0,"max_hp_loss":6.0,"gold_gain":0.0,"event_name":"Golden Idol","player_choice":"Lose Max HP","floor":11.0,"gold_loss":0.0,"damage_taken":0.0,"relics_obtained":["Golden Idol"]},{"damage_healed":0.0,"max_hp_gain":0.0,"max_hp_loss":0.0,"gold_gain":0.0,"event_name":"The Library","player_choice":"Read","floor":19.0,"gold_loss":0.0,"damage_taken":0.0,"cards_obtained":["Glacier"]},{"damage_healed":0.0,"max_hp_gain":0.0,"max_hp_loss":0.0,"gold_gain":0.0,"event_name":"Ghosts","player_choice":"Ignored","floor":20.0,"gold_loss":0.0,"damage_taken":0.0},{"damage_healed":0.0,"max_hp_gain":0.0,"max_hp_loss":0.0,"gold_gain":0.0,"event_name":"Addict","player_choice":"Obtained Relic","floor":28.0,"gold_loss":85.0,"damage_taken":0.0,"relics_obtained":["Tiny Chest"]},{"damage_healed":0.0,"max_hp_gain":0.0,"max_hp_loss":0.0,"gold_gain":0.0,"event_name":"Cursed Tome","player_choice":"Obtained Book","floor":31.0,"gold_loss":0.0,"damage_taken":16.0},{"damage_healed":0,"gold_gain":0,"player_choice":"Memory 1","damage_taken":0,"max_hp_gain":0,"max_hp_loss":0,"event_name":"SensoryStone","floor":36,"gold_loss":0},{"damage_healed":17,"gold_gain":0,"player_choice":"Writhe","damage_taken":0,"max_hp_gain":0,"max_hp_loss":0,"event_name":"Winding Halls","floor":38,"gold_loss":0,"cards_obtained":["Writhe"]},{"damage_healed":0,"gold_gain":100,"player_choice":"Pray","damage_taken":0,"max_hp_gain":0,"max_hp_loss":0,"event_name":"Golden Shrine","floor":39,"gold_loss":0}],"is_beta":false,"boss_relics":[{"not_picked":["White Beast Statue","Ectoplasm"],"picked":"Astrolabe"},{"not_picked":["Orrery","Tiny House"],"picked":"Calling Bell"}],"items_purged_floors":[22,37],"is_endless":false,"potions_floor_spawned":[5,8,10,13,14,21,30,35],"killed_by":"Reptomancer","ascension_level":5}