{"gold_per_floor":[112,60,60,60,60,60,60,60,60,7,7,25,43,43,43,144,144,164,181,181,106,86,86,101,101,124,149,172,184,213,35,35,35],"floor_reached":33,"playtime":1919,"items_purged":["Defend_G"],"score":268,"play_id":"cf2942d1-a4ee-4aaa-9be6-40d580dd7d9b","local_time":"20190516073541","is_ascension_mode":true,"campfire_choices":[{"floor":6.0,"key":"REST"},{"data":"Deadly Poison","floor":11.0,"key":"SMITH"},{"data":"Blade Dance","floor":15.0,"key":"SMITH"},{"floor":23.0,"key":"REST"},{"data":"Cloak And Dagger","floor":25.0,"key":"SMITH"},{"floor":29.0,"key":"REST"},{"floor":32.0,"key":"REST"}],"neow_cost":"NONE","seed_source_timestamp":0,"circlet_count":0,"master_deck":["Defend_G","Defend_G+1","Defend_G+1","Defend_G","Strike_G","Strike_G","Strike_G","Survivor","Neutralize","Blade Dance+1","Cloak And Dagger+1","Deadly Poison+1","PiercingWail","Blade Dance","Acrobatics","Blade Dance","Cloak And Dagger+1","Deflect","Acrobatics+1","Outmaneuver","Cloak And Dagger+1"],"special_seed":0,"relics":["Ring of the Snake","Dead Branch","Orrery","Nilry\u0027s Codex","MawBank","TheAbacus"],"potions_floor_usage":[33,33],"damage_taken":[{"damage":7.0,"enemies":"Small Slimes","floor":1.0,"turns":3.0},{"damage":0.0,"enemies":"Jaw Worm","floor":12.0,"turns":4.0},{"damage":0.0,"enemies":"2 Louse","floor":13.0,"turns":4.0},{"damage":8.0,"enemies":"Hexaghost","floor":16.0,"turns":9.0},{"damage":0.0,"enemies":"3 Byrds","floor":18.0,"turns":6.0},{"damage":14.0,"enemies":"Spheric Guardian","floor":19.0,"turns":5.0},{"damage":0.0,"enemies":"Snecko","floor":24.0,"turns":4.0},{"damage":2.0,"enemies":"Cultist and Chosen","floor":27.0,"turns":4.0},{"damage":18.0,"enemies":"Snake Plant","floor":28.0,"turns":5.0},{"damage":6.0,"enemies":"Centurion and Healer","floor":30.0,"turns":6.0},{"damage":86,"enemies":"Collector","floor":33,"turns":9}],"seed_played":"-5569695390700412393","potions_obtained":[{"floor":12.0,"key":"LiquidBronze"},{"floor":18.0,"key":"Poison Potion"},{"floor":22.0,"key":"Dexterity Potion"},{"floor":27.0,"key":"SpeedPotion"}],"is_trial":false,"path_per_floor":["M","$","?","?","?","R","$","?","T","$","R","M","M","?","R","B",null,"M","M","?","$","?","R","M","R","T","M","M","R","M","$","R","B"],"character_chosen":"THE_SILENT","items_purchased":["Cloak And Dagger","Deadly Poison","TheAbacus"],"campfire_rested":4,"item_purchase_floors":[2,10,31],"current_hp_per_floor":[63,63,63,49,42,63,63,68,68,68,68,68,68,68,68,60,75,75,61,45,45,45,67,67,67,67,65,47,69,63,63,75,0],"gold":35,"neow_bonus":"THREE_CARDS","is_prod":false,"is_daily":false,"chose_seed":false,"campfire_upgraded":3,"win_rate":0,"timestamp":1557984941,"path_taken":["M","$","?","?","?","R","?","?","T","?","R","M","M","?","R","BOSS","M","?","?","$","?","R","M","R","T","M","?","R","M","$","R","BOSS"],"build_version":"2019-01-23","purchased_purges":1,"victory":false,"max_hp_per_floor":[70,70,70,70,70,70,70,75,75,75,75,75,75,75,75,75,75,75,75,75,75,75,75,75,75,75,75,75,75,75,75,75,75],"card_choices":[{"not_picked":["Heel Hook","Flying Knee"],"picked":"Blade Dance","floor":0.0},{"not_picked":["Sucker Punch","Quick Slash","Eviscerate"],"picked":"SKIP","floor":1.0},{"not_picked":["Backflip","Deadly Poison"],"picked":"PiercingWail","floor":12.0},{"not_picked":["Dodge and Roll","Sucker Punch","Underhanded Strike"],"picked":"SKIP","floor":13.0},{"not_picked":["Setup","Deadly Poison"],"picked":"Blade Dance","floor":17.0},{"not_picked":["Poisoned Stab","Dagger Throw"],"picked":"Acrobatics","floor":17.0},{"not_picked":["Underhanded Strike","Quick Slash"],"picked":"Blade Dance","floor":17.0},{"not_picked":["Dagger Spray","Sucker Punch"],"picked":"Cloak And Dagger","floor":17.0},{"not_picked":["Dodge and Roll","Underhanded Strike"],"picked":"Deflect","floor":17.0},{"not_picked":["Phantasmal Killer","Sucker Punch+1"],"picked":"Acrobatics+1","floor":18.0},{"not_picked":["Footwork","Poisoned Stab","Quick Slash"],"picked":"SKIP","floor":19.0},{"not_picked":["Dodge and Roll","Skewer","Poisoned Stab+1"],"picked":"SKIP","floor":24.0},{"not_picked":["Blade Dance","Slice+1"],"picked":"Outmaneuver","floor":27.0},{"not_picked":["Prepared+1","Concentrate","Sucker Punch"],"picked":"SKIP","floor":28.0},{"not_picked":["Die Die Die","Noxious Fumes"],"picked":"Cloak And Dagger+1","floor":30.0}],"player_experience":195564,"relics_obtained":[{"floor":9.0,"key":"Dead Branch"},{"floor":20.0,"key":"Nilry\u0027s Codex"},{"floor":26.0,"key":"MawBank"}],"event_choices":[{"cards_removed":["Strike_G"],"damage_healed":0.0,"max_hp_gain":0.0,"max_hp_loss":0.0,"gold_gain":0.0,"event_name":"Living Wall","player_choice":"Forget","floor":3.0,"gold_loss":0.0,"damage_taken":0.0},{"damage_healed":0.0,"max_hp_gain":0.0,"max_hp_loss":0.0,"gold_gain":0.0,"event_name":"Shining Light","player_choice":"Entered Light","floor":4.0,"gold_loss":0.0,"damage_taken":14.0,"cards_upgraded":["Defend_G","Defend_G"]},{"cards_removed":["Strike_G"],"damage_healed":0.0,"max_hp_gain":0.0,"max_hp_loss":0.0,"gold_gain":0.0,"event_name":"Golden Wing","player_choice":"Card Removal","floor":5.0,"gold_loss":0.0,"damage_taken":7.0},{"damage_healed":0.0,"max_hp_gain":5.0,"max_hp_loss":0.0,"gold_gain":0.0,"event_name":"Big Fish","player_choice":"Donut","floor":8.0,"gold_loss":0.0,"damage_taken":0.0},{"damage_healed":0.0,"max_hp_gain":0.0,"max_hp_loss":0.0,"gold_gain":0.0,"event_name":"Accursed Blacksmith","player_choice":"Forge","floor":14.0,"gold_loss":0.0,"damage_taken":0.0,"cards_upgraded":["Cloak And Dagger"]},{"damage_healed":0.0,"max_hp_gain":0.0,"max_hp_loss":0.0,"gold_gain":0.0,"event_name":"Cursed Tome","player_choice":"Obtained Book","floor":20.0,"gold_loss":0.0,"damage_taken":16.0},{"damage_healed":0.0,"max_hp_gain":0.0,"max_hp_loss":0.0,"gold_gain":0.0,"event_name":"The Woman in Blue","player_choice":"Bought 1 Potion","floor":22.0,"gold_loss":0.0,"damage_taken":0.0}],"is_beta":false,"boss_relics":[{"not_picked":["Astrolabe","Snecko Eye"],"picked":"Orrery"}],"items_purged_floors":[21],"is_endless":false,"potions_floor_spawned":[12,18,27,28],"killed_by":"Collector","ascension_level":3}