{"gold_per_floor":[115,128,148,148,148,148,73,73,73,94,94,138,138,38,38,38],"floor_reached":16,"playtime":201,"items_purged":["Defend_R","Strike_R"],"score":98,"play_id":"61986c8f-7f8c-4f98-b033-e280b867c8ce","local_time":"20190501083331","is_ascension_mode":false,"campfire_choices":[{"data":"Bash","floor":6.0,"key":"SMITH"},{"data":"Defend_R","floor":8.0,"key":"SMITH"},{"floor":11.0,"key":"REST"},{"floor":15.0,"key":"REST"}],"neow_cost":"NONE","seed_source_timestamp":0,"circlet_count":0,"master_deck":["Strike_R","Strike_R","Strike_R","Strike_R","Defend_R+1","Bash+1"],"special_seed":0,"relics":["Burning Blood","Golden Idol","Frozen Egg 2","Regal Pillow"],"potions_floor_usage":[],"damage_taken":[{"damage":6.0,"enemies":"Cultist","floor":1.0,"turns":3.0},{"damage":6.0,"enemies":"Jaw Worm","floor":2.0,"turns":3.0},{"damage":0.0,"enemies":"Small Slimes","floor":3.0,"turns":3.0},{"damage":11.0,"enemies":"3 Louse","floor":10.0,"turns":4.0},{"damage":27.0,"enemies":"Gremlin Nob","floor":12.0,"turns":4.0},{"damage":0,"enemies":"Hexaghost","floor":16,"turns":1}],"seed_played":"686755492060442175","potions_obtained":[{"floor":1.0,"key":"Explosive Potion"},{"floor":10.0,"key":"Energy Potion"},{"floor":12.0,"key":"SteroidPotion"}],"is_trial":false,"path_per_floor":["M","M","M","?","?","R","$","R","T","M","R","E","?","$","R","B"],"character_chosen":"IRONCLAD","items_purchased":[],"campfire_rested":2,"item_purchase_floors":[],"current_hp_per_floor":[80,80,80,74,67,67,67,67,67,62,74,53,53,53,74,74],"gold":38,"neow_bonus":"REMOVE_CARD","is_prod":false,"is_daily":false,"chose_seed":false,"campfire_upgraded":2,"win_rate":0,"timestamp":1556692411,"path_taken":["M","?","M","?","?","R","$","R","T","M","R","E","?","$","R","BOSS"],"build_version":"2019-01-23","purchased_purges":2,"victory":false,"max_hp_per_floor":[80,80,80,74,74,74,74,74,74,74,74,74,74,74,74,74],"card_choices":[{"not_picked":["Ghostly Armor","Feel No Pain","Flex"],"picked":"SKIP","floor":1.0},{"not_picked":["Fire Breathing","Power Through","Heavy Blade"],"picked":"SKIP","floor":2.0},{"not_picked":["Sever Soul","Battle Trance","True Grit"],"picked":"SKIP","floor":3.0},{"not_picked":["Havoc","Iron Wave","Inflame+1"],"picked":"SKIP","floor":10.0},{"not_picked":["Reaper","Havoc","Fiend Fire"],"picked":"SKIP","floor":12.0}],"player_experience":155822,"relics_obtained":[{"floor":9.0,"key":"Frozen Egg 2"},{"floor":12.0,"key":"Regal Pillow"}],"event_choices":[{"damage_healed":0.0,"max_hp_gain":0.0,"max_hp_loss":6.0,"gold_gain":0.0,"event_name":"Golden Idol","player_choice":"Lose Max HP","floor":4.0,"gold_loss":0.0,"damage_taken":0.0,"relics_obtained":["Golden Idol"]},{"cards_removed":["Defend_R"],"damage_healed":0.0,"max_hp_gain":0.0,"max_hp_loss":0.0,"gold_gain":0.0,"event_name":"Golden Wing","player_choice":"Card Removal","floor":5.0,"gold_loss":0.0,"damage_taken":7.0},{"damage_healed":0.0,"max_hp_gain":0.0,"max_hp_loss":0.0,"gold_gain":0.0,"event_name":"Liars Game","player_choice":"Ignored","floor":13.0,"gold_loss":0.0,"damage_taken":0.0}],"is_beta":false,"boss_relics":[],"items_purged_floors":[7,14],"is_endless":false,"potions_floor_spawned":[1,10,12],"killed_by":"Hexaghost","ascension_level":0}