{"gold_per_floor":[366,377,394,394,412,412,447,458,482,482,482,502,467,31,31,129,129,143,143,132,143,57,57,82,82,82,114,114,114,213,69,69,167,167,186,203,203,203,111,138,157,191,217,217],"floor_reached":44,"playtime":3959,"items_purged":[],"score":609,"play_id":"6c52d556-25e2-41af-9d84-efbea1599844","local_time":"20190530183704","is_ascension_mode":true,"campfire_choices":[{"data":"Chill","floor":6,"key":"SMITH"},{"floor":11,"key":"REST"},{"data":"Apotheosis","floor":15,"key":"SMITH"},{"data":"Forethought","floor":23,"key":"SMITH"},{"data":"Zap","floor":25,"key":"SMITH"},{"data":"Dualcast","floor":28,"key":"SMITH"},{"floor":32,"key":"REST"}],"neow_cost":"CURSE","seed_source_timestamp":1072839856932028,"circlet_count":0,"master_deck":["Strike_B","Strike_B+1","Strike_B","Strike_B+1","Defend_B","Defend_B+1","Defend_B","Defend_B+1","Zap+1","Dualcast+1","Chill+1","Genetic Algorithm","Leap","Sunder","Apotheosis+1","Creative AI+1","Chill","Melter","Forethought+1","Ball Lightning","Electrodynamics+1","Redo+1","Defragment+1","Bandage Up","FTL","Finesse","Coolheaded","Loop+1","Coolheaded+1"],"relics":["Cracked Core","Whetstone","DataDisk","Ice Cream","Frozen Egg 2","Eternal Feather","Bronze Scales","Bag of Marbles","War Paint","WingedGreaves","Bag of Preparation","Inserter","Gremlin Horn","Shovel"],"potions_floor_usage":[16,18,20,21,24,33,40],"damage_taken":[{"damage":4,"enemies":"Jaw Worm","floor":1,"turns":4},{"damage":3,"enemies":"Cultist","floor":2,"turns":4},{"damage":15,"enemies":"Small Slimes","floor":3,"turns":4},{"damage":11,"enemies":"2 Fungi Beasts","floor":5,"turns":4},{"damage":21,"enemies":"3 Sentries","floor":7,"turns":11},{"damage":15,"enemies":"Lots of Slimes","floor":8,"turns":6},{"damage":3,"enemies":"Looter","floor":12,"turns":2},{"damage":0,"enemies":"The Guardian","floor":16,"turns":9},{"damage":12,"enemies":"3 Byrds","floor":18,"turns":5},{"damage":0,"enemies":"2 Thieves","floor":20,"turns":4},{"damage":10,"enemies":"Centurion and Healer","floor":21,"turns":7},{"damage":33,"enemies":"Gremlin Leader","floor":24,"turns":11},{"damage":18,"enemies":"Slavers","floor":27,"turns":7},{"damage":61,"enemies":"Collector","floor":33,"turns":11},{"damage":0,"enemies":"3 Shapes","floor":35,"turns":1},{"damage":6,"enemies":"Orb Walker","floor":36,"turns":3},{"damage":24,"enemies":"Giant Head","floor":40,"turns":10},{"damage":0,"enemies":"Sphere and 2 Shapes","floor":41,"turns":4},{"damage":41,"enemies":"Nemesis","floor":42,"turns":7},{"damage":29,"enemies":"Transient","floor":44,"turns":2}],"seed_played":"-8646950306895383238","potions_obtained":[{"floor":2,"key":"Regen Potion"},{"floor":12,"key":"FearPotion"},{"floor":16,"key":"Dexterity Potion"},{"floor":18,"key":"Block Potion"},{"floor":20,"key":"AttackPotion"},{"floor":27,"key":"AttackPotion"},{"floor":33,"key":"Weak Potion"},{"floor":36,"key":"Strength Potion"}],"is_trial":false,"path_per_floor":["M","M","M","?","M","R","E","M","T","T","R","M","?","$","R","B",null,"M","?","M","M","$","R","E","R","T","E","R","?","?","$","R","B",null,"M","M","?","?","$","E","M","E","T","M"],"character_chosen":"DEFECT","items_purchased":["Apotheosis","Frozen Egg 2","Forethought","Bag of Preparation","Finesse"],"campfire_rested":2,"item_purchase_floors":[14,14,22,31,39],"current_hp_per_floor":[71,68,53,53,42,42,21,6,6,6,28,25,43,43,43,43,75,63,56,56,46,46,55,36,48,48,30,42,42,42,42,75,14,75,75,69,69,69,69,51,57,22,22,0],"gold":217,"neow_bonus":"TWO_FIFTY_GOLD","is_prod":false,"is_daily":false,"chose_seed":false,"campfire_upgraded":5,"win_rate":0,"timestamp":1559252224,"path_taken":["M","M","M","?","?","R","E","M","T","?","R","M","?","$","R","BOSS","M","?","?","M","$","R","E","R","T","E","R","?","?","?","R","BOSS","M","M","?","?","$","E","M","E","T","?"],"build_version":"2019-01-23","purchased_purges":0,"victory":false,"max_hp_per_floor":[75,75,75,75,75,75,75,75,75,75,75,75,75,75,75,75,75,75,75,75,75,75,75,75,75,75,75,75,75,75,75,75,75,75,75,75,75,75,75,75,75,75,75,75],"card_choices":[{"not_picked":["Auto Shields","Heatsinks"],"picked":"Chill","floor":1},{"not_picked":["Stack","Sweeping Beam"],"picked":"Genetic Algorithm","floor":2},{"not_picked":["Barrage","Steam Power"],"picked":"Leap","floor":3},{"not_picked":["Steam","Beam Cell","Gash"],"picked":"SKIP","floor":5},{"not_picked":["Stack","Rebound","Redo"],"picked":"SKIP","floor":7},{"not_picked":["Turbo","Redo"],"picked":"Sunder","floor":8},{"not_picked":["Fission","Redo","Sweeping Beam"],"picked":"SKIP","floor":12},{"not_picked":["Fission","Rainbow"],"picked":"Creative AI+1","floor":16},{"not_picked":["Doom and Gloom","Gash","Recycle"],"picked":"SKIP","floor":18},{"not_picked":["Beam Cell","Consume"],"picked":"Chill","floor":20},{"not_picked":["Compile Driver","Steam"],"picked":"Melter","floor":21},{"not_picked":["Steam+1","Hyperbeam"],"picked":"Ball Lightning","floor":24},{"not_picked":["Blizzard","Hologram+1","Rip and Tear"],"picked":"SKIP","floor":27},{"not_picked":["Seek","Core Surge"],"picked":"Electrodynamics+1","floor":33},{"not_picked":["Rebound","Scrape"],"picked":"Redo+1","floor":35},{"not_picked":["Rebound","White Noise+1"],"picked":"Defragment+1","floor":36},{"not_picked":["Thinking Ahead","Jack Of All Trades"],"picked":"Bandage Up","floor":37},{"not_picked":["Cold Snap","Rebound+1"],"picked":"Coolheaded","floor":40},{"not_picked":["Sweeping Beam","Coolheaded"],"picked":"Loop+1","floor":41},{"not_picked":["Genetic Algorithm","Beam Cell+1"],"picked":"Coolheaded+1","floor":42}],"player_experience":825019,"relics_obtained":[{"floor":7,"key":"Whetstone"},{"floor":9,"key":"DataDisk"},{"floor":10,"key":"Ice Cream"},{"floor":24,"key":"Bronze Scales"},{"floor":26,"key":"Bag of Marbles"},{"floor":27,"key":"War Paint"},{"floor":40,"key":"Gremlin Horn"},{"floor":42,"key":"Shovel"}],"event_choices":[{"cards_removed":["Normality"],"damage_healed":0,"gold_gain":0,"player_choice":"Removed Curses","damage_taken":0,"max_hp_gain":0,"max_hp_loss":0,"event_name":"Fountain of Cleansing","floor":4,"gold_loss":0},{"damage_healed":18,"gold_gain":0,"player_choice":"Healed","damage_taken":0,"max_hp_gain":0,"max_hp_loss":0,"event_name":"The Cleric","floor":13,"gold_loss":35},{"damage_healed":0,"gold_gain":0,"player_choice":"","damage_taken":7,"max_hp_gain":0,"max_hp_loss":0,"event_name":"Knowing Skull","floor":19,"potions_obtained":[],"gold_loss":0,"cards_obtained":[]},{"damage_healed":0,"gold_gain":0,"player_choice":"Opened","damage_taken":0,"relics_obtained":["WingedGreaves"],"max_hp_gain":0,"max_hp_loss":0,"event_name":"The Mausoleum","floor":29,"gold_loss":0},{"damage_healed":0,"gold_gain":99,"player_choice":"Stole From Cult","damage_taken":0,"max_hp_gain":0,"max_hp_loss":0,"event_name":"Nest","floor":30,"gold_loss":0},{"damage_healed":0,"gold_gain":0,"player_choice":"Memory 1","damage_taken":0,"max_hp_gain":0,"max_hp_loss":0,"event_name":"SensoryStone","floor":37,"gold_loss":0},{"damage_healed":0,"gold_gain":0,"player_choice":"1 cards matched","damage_taken":0,"max_hp_gain":0,"max_hp_loss":0,"event_name":"Match and Keep!","floor":38,"gold_loss":0,"cards_obtained":["FTL"]}],"is_beta":false,"boss_relics":[{"not_picked":["Ectoplasm","Philosopher\u0027s Stone"],"picked":"Eternal Feather"},{"not_picked":["FrozenCore","Astrolabe"],"picked":"Inserter"}],"items_purged_floors":[],"is_endless":false,"potions_floor_spawned":[2,12,16,18,20,27,33,36],"killed_by":"Transient","ascension_level":2}