{"path_per_floor":["M","M","M","$","?","E","M","M","T","?","M","E","R","M","R","B",null,"M","M","?","M","$","R","M","$","T"],"character_chosen":"IRONCLAD","items_purchased":["Armaments","Block Potion","Metallicize"],"gold_per_floor":[118,130,149,47,47,78,96,114,140,140,152,186,186,205,205,302,302,314,330,245,263,113,113,123,50,74],"floor_reached":27,"campfire_rested":0,"playtime":4131,"current_hp_per_floor":[77,73,68,68,52,39,42,48,48,48,63,64,64,61,61,35,80,80,79,79,60,60,66,67,67,67],"items_purged":["Strike_R","Strike_R"],"gold":74,"play_id":"ad0522a4-4138-44ce-b45a-25e34626add0","is_prod":false,"is_daily":false,"is_ascension_mode":false,"campfire_upgraded":3,"path_taken":["M","M","M","$","?","E","M","M","T","?","M","E","R","M","R","BOSS","M","M","?","M","$","R","M","?","T","E"],"build_version":"2018-02-01-PROD3","purchased_purges":2,"victory":false,"master_deck":["Strike_R","Strike_R","Strike_R","Defend_R","Defend_R","Defend_R+1","Defend_R","Bash","Clothesline","Body Slam+1","Thunderclap","Flame Barrier+1","Armaments+1","Bloodletting","Flame Barrier","Iron Wave","Headbutt","Body Slam+1","Immolate","Pommel Strike","Metallicize"],"max_hp_per_floor":[80,80,80,80,80,80,80,80,80,80,80,80,80,80,80,80,80,80,80,80,80,80,80,80,80,80],"relics":["Burning Blood","Paper Frog","Bag of Marbles","Regal Pillow","Eternal Feather","Toolbox","Juzu Bracelet"],"card_choices":[{"not_picked":["Cleave","Uppercut"],"picked":"Clothesline"},{"not_picked":["Disarm","Feel No Pain"],"picked":"Body Slam"},{"not_picked":["Anger","Wild Strike"],"picked":"Thunderclap"},{"not_picked":["Seeing Red","Perfected Strike"],"picked":"Flame Barrier"},{"not_picked":["Clash","Warcry"],"picked":"Bloodletting"},{"not_picked":["Seeing Red","Flex"],"picked":"Flame Barrier"},{"not_picked":["Wild Strike","Cleave"],"picked":"Iron Wave"},{"not_picked":["Rampage","Flex"],"picked":"Headbutt"},{"not_picked":["Juggernaut","Clash"],"picked":"Body Slam"},{"not_picked":["Bludgeon","Feed"],"picked":"Immolate"},{"not_picked":["Heavy Blade","Disarm"],"picked":"Pommel Strike"}],"player_experience":174293,"potions_floor_usage":[6,11,16,16,19,21,27,27],"damage_taken":[{"damage":9,"enemies":"Blue Slaver","floor":1,"turns":5},{"damage":10,"enemies":"Small Slimes","floor":2,"turns":4},{"damage":11,"enemies":"Jaw Worm","floor":3,"turns":4},{"damage":19,"enemies":"Lagavulin","floor":6,"turns":8},{"damage":3,"enemies":"Exordium Thugs","floor":7,"turns":6},{"damage":0,"enemies":"Looter","floor":8,"turns":3},{"damage":0,"enemies":"Red Slaver","floor":11,"turns":4},{"damage":5,"enemies":"Gremlin Nob","floor":12,"turns":4},{"damage":9,"enemies":"Large Slime","floor":14,"turns":6},{"damage":32,"enemies":"Slime Boss","floor":16,"turns":12},{"damage":0,"enemies":"Shell Parasite","floor":18,"turns":5},{"damage":16,"enemies":"2 Thieves","floor":19,"turns":5},{"damage":25,"enemies":"Centurion and Healer","floor":21,"turns":6},{"damage":5,"enemies":"Snake Plant","floor":24,"turns":2},{"damage":67,"enemies":"Gremlin Leader","floor":27,"turns":4}],"event_choices":[{"event_name":"Shining Light","player_choice":"Entered Light","floor":5,"damage_taken":0},{"event_name":"The Lab","player_choice":"Got Potions","floor":10,"damage_taken":0},{"event_name":"Addict","player_choice":"Obtained Relic","floor":20,"damage_taken":0}],"boss_relics":[{"not_picked":["Velvet Choker","Calling Bell"],"picked":"Eternal Feather"}],"potions_floor_spawned":[1,2,8,12,14,18,21,24],"seed_played":"-7105529400573015930","killed_by":"Gremlin Leader","ascension_level":0,"is_trial":false}