{"path_per_floor":["M","M","?","$","M","E","M","R","T","$","M","M","M","E","R","B",null,"M","$","?","$","$","R","M","M","T","?","M","E","R","?","R","B",null,"M","M","$","?","?","R","M","M","T","T","R","M","$","M","R"],"character_chosen":"THE_SILENT","items_purchased":["Noxious Fumes","PiercingWail","Master of Strategy"],"gold_per_floor":[115,129,204,90,105,130,140,140,140,40,56,66,81,112,112,209,209,228,103,18,18,18,18,32,51,131,131,151,177,177,177,177,272,272,286,298,125,125,177,177,193,207,275,356,356,366,5,22,22],"floor_reached":50,"campfire_rested":5,"playtime":7177,"current_hp_per_floor":[70,70,59,59,57,27,35,35,35,35,30,30,45,45,66,51,70,64,64,64,64,64,64,57,39,39,39,27,3,24,8,29,33,70,53,53,53,44,49,49,16,16,16,16,37,16,16,10,31],"items_purged":["Defend_G","Strike_G","Strike_G","Strike_G","Strike_G"],"gold":22,"score":449,"play_id":"7d7f42a6-d888-4746-a694-514041ffedf7","is_prod":false,"is_daily":false,"is_ascension_mode":false,"campfire_upgraded":2,"path_taken":["M","M","?","$","M","E","M","R","T","$","M","?","M","E","R","BOSS","M","$","?","?","$","R","M","M","T","?","M","E","R","?","R","BOSS","M","M","$","?","?","R","M","M","T","?","R","?","?","?","R","BOSS"],"build_version":"2018-02-22-PROD2","purchased_purges":5,"victory":false,"master_deck":["Defend_G","Defend_G","Defend_G","Defend_G","Survivor","Neutralize","Cloak And Dagger","Deflect","Footwork","Noxious Fumes+1","Reflex","Prepared","Noxious Fumes+1","Cloak And Dagger","Calculated Gamble","Predator","Corpse Explosion","Expertise","Dash","Deflect+1","Flying Knee","Acrobatics","Bane+1","PiercingWail","Madness","Madness","Catalyst","Master of Strategy"],"max_hp_per_floor":[70,70,70,70,70,70,70,70,70,70,70,70,70,70,70,70,70,70,70,70,70,70,70,70,70,70,70,70,70,70,70,70,70,70,70,70,70,70,70,70,70,70,70,70,70,70,70,70,70],"relics":["Ring of the Snake","Anchor","Ice Cream","Peace Pipe","Lizard Tail","Prayer Wheel","Ninja Scroll","Ornamental Fan","Nilry\u0027s Codex","Philosopher\u0027s Stone","Gambling Chip","Pantograph","Bottled Flame"],"card_choices":[{"not_picked":["Finisher","Outmaneuver"],"picked":"Cloak And Dagger"},{"not_picked":["Slice","Flying Knee"],"picked":"Deflect"},{"not_picked":["Blade Dance","Dagger Throw"],"picked":"Footwork"},{"not_picked":["Sucker Punch","Doppelganger"],"picked":"Reflex"},{"not_picked":["Finisher","Sucker Punch"],"picked":"Prepared"},{"not_picked":["Deadly Poison","Masterful Stab"],"picked":"Noxious Fumes"},{"not_picked":["PiercingWail","Dagger Spray"],"picked":"Cloak And Dagger"},{"not_picked":["Deadly Poison","Cloak And Dagger"],"picked":"Calculated Gamble"},{"not_picked":["Blade Dance","Unload"],"picked":"Predator"},{"not_picked":["Bullet Time","Adrenaline"],"picked":"Corpse Explosion"},{"not_picked":["Sucker Punch","Dodge and Roll"],"picked":"Expertise"},{"not_picked":["Dagger Spray","Bane"],"picked":"Dash"},{"not_picked":["Dash","Malaise"],"picked":"Deflect"},{"not_picked":["Predator","Die Die Die"],"picked":"Flying Knee"},{"not_picked":["Dagger Throw","Calculated Gamble"],"picked":"Acrobatics"},{"not_picked":["Eviscerate","Choke"],"picked":"Bane"},{"not_picked":["Backflip","Underhanded Strike"],"picked":"Catalyst"}],"player_experience":247760,"potions_floor_usage":[35,39,41,50,50,50,50],"damage_taken":[{"damage":0.0,"enemies":"Cultist","floor":1.0,"turns":4.0},{"damage":0.0,"enemies":"Small Slimes","floor":2.0,"turns":3.0},{"damage":2.0,"enemies":"Jaw Worm","floor":5.0,"turns":5.0},{"damage":30.0,"enemies":"Gremlin Nob","floor":6.0,"turns":5.0},{"damage":7.0,"enemies":"Red Slaver","floor":7.0,"turns":5.0},{"damage":5.0,"enemies":"Large Slime","floor":11.0,"turns":6.0},{"damage":0.0,"enemies":"3 Louse","floor":12.0,"turns":4.0},{"damage":0.0,"enemies":"Exordium Thugs","floor":13.0,"turns":7.0},{"damage":0.0,"enemies":"Lagavulin","floor":14.0,"turns":8.0},{"damage":15.0,"enemies":"The Guardian","floor":16.0,"turns":10.0},{"damage":6.0,"enemies":"Chosen","floor":18.0,"turns":6.0},{"damage":7.0,"enemies":"Spheric Guardian","floor":24.0,"turns":6.0},{"damage":18.0,"enemies":"Snake Plant","floor":25.0,"turns":7.0},{"damage":12.0,"enemies":"Slaver and Parasite","floor":28.0,"turns":8.0},{"damage":24.0,"enemies":"Slavers","floor":29.0,"turns":6.0},{"damage":68.0,"enemies":"Automaton","floor":33.0,"turns":11.0},{"damage":17,"enemies":"3 Darklings","floor":35,"turns":5},{"damage":0,"enemies":"Orb Walker","floor":36,"turns":5},{"damage":10,"enemies":"Mysterious Sphere","floor":39,"turns":6},{"damage":48,"enemies":"Sphere and 2 Shapes","floor":41,"turns":7},{"damage":0,"enemies":"Maw","floor":42,"turns":8},{"damage":21,"enemies":"3 Darklings","floor":46,"turns":5},{"damage":6,"enemies":"4 Shapes","floor":48,"turns":5},{"damage":57,"enemies":"Donu and Deca","floor":50,"turns":6}],"event_choices":[{"event_name":"World of Goop","player_choice":"Gather Gold","floor":3.0,"damage_taken":0.0},{"event_name":"Addict","player_choice":"Obtained Relic","floor":20.0,"damage_taken":0.0},{"event_name":"Vampires","player_choice":"Ignored","floor":27.0,"damage_taken":0.0},{"event_name":"Cursed Tome","player_choice":"Obtained Book","floor":31.0,"damage_taken":0.0},{"event_name":"Winding Halls","player_choice":"Embrace Madness","floor":38,"damage_taken":0},{"event_name":"Mysterious Sphere","player_choice":"Fight","floor":39,"damage_taken":0}],"boss_relics":[{"not_picked":["Astrolabe","Runic Dome"],"picked":"Philosopher\u0027s Stone"}],"potions_floor_spawned":[5,6,7,11,12,18,24,25,33,35,36,42,48],"seed_played":"-6343542530734099587","killed_by":"Donu and Deca","ascension_level":0,"is_trial":false}