{"gold_per_floor":[113,188,38,50,67,67,99,113,113,113,127,127,137,172,172,271,271,291,304,114,114,130,130,142,171,171,202,202,231,242,259,259,356,356,373,39,56,72,172,172,24,43,43,43,43,43,78,89,89,89],"floor_reached":51,"playtime":4416,"items_purged":["Strike_R"],"score":1050,"play_id":"a7b89c4f-c928-46b3-8d91-3f6a2ebec034","local_time":"20190622105958","is_ascension_mode":true,"campfire_choices":[{"data":"Carnage","floor":6.0,"key":"SMITH"},{"data":"Bash","floor":10.0,"key":"SMITH"},{"floor":15.0,"key":"REST"},{"data":"Feel No Pain","floor":23.0,"key":"SMITH"},{"data":"Iron Wave","floor":28.0,"key":"SMITH"},{"floor":32.0,"key":"REST"},{"data":"Feel No Pain","floor":40.0,"key":"SMITH"},{"data":"Inflame","floor":44,"key":"SMITH"},{"floor":49,"key":"REST"}],"neow_cost":"NONE","seed_source_timestamp":0,"circlet_count":0,"master_deck":["Strike_R","Defend_R+1","Defend_R","Defend_R+1","Defend_R","Bash+1","Twin Strike","Iron Wave+1","Carnage+1","Juggernaut+1","Shrug It Off","Sword Boomerang+1","Reaper+1","Blood for Blood+1","Barricade","Feel No Pain+1","Burning Pact","Headbutt+1","True Grit","Armaments+1","True Grit","Iron Wave+1","Immolate+1","Havoc+1","Inflame+1","Apotheosis","Feel No Pain+1","Uppercut+1","Intimidate+1","Sever Soul+1","Power Through+1","PanicButton","Panacea","Purity"],"special_seed":0,"relics":["Burning Blood","Lantern","Vajra","Bottled Flame","Molten Egg 2","Paper Frog","Snecko Eye","War Paint","Dead Branch","Centennial Puzzle","Art of War","Astrolabe","Pen Nib","Nunchaku","Orichalcum","Gambling Chip"],"potions_floor_usage":[50,50],"damage_taken":[{"damage":0.0,"enemies":"Small Slimes","floor":1.0,"turns":3.0},{"damage":0.0,"enemies":"2 Louse","floor":4.0,"turns":2.0},{"damage":0.0,"enemies":"Cultist","floor":5.0,"turns":2.0},{"damage":25.0,"enemies":"3 Sentries","floor":7.0,"turns":7.0},{"damage":26.0,"enemies":"Gremlin Gang","floor":8.0,"turns":4.0},{"damage":0.0,"enemies":"Looter","floor":11.0,"turns":2.0},{"damage":2.0,"enemies":"Large Slime","floor":13.0,"turns":4.0},{"damage":30.0,"enemies":"Lagavulin","floor":14.0,"turns":4.0},{"damage":46.0,"enemies":"Hexaghost","floor":16.0,"turns":11.0},{"damage":13.0,"enemies":"Shell Parasite","floor":18.0,"turns":3.0},{"damage":15.0,"enemies":"2 Thieves","floor":19.0,"turns":4.0},{"damage":18.0,"enemies":"Centurion and Healer","floor":22.0,"turns":6.0},{"damage":8.0,"enemies":"Chosen and Byrds","floor":24.0,"turns":4.0},{"damage":24.0,"enemies":"Slavers","floor":25.0,"turns":4.0},{"damage":22.0,"enemies":"Gremlin Leader","floor":27.0,"turns":6.0},{"damage":50.0,"enemies":"Slavers","floor":29.0,"turns":6.0},{"damage":3.0,"enemies":"Sentry and Sphere","floor":30.0,"turns":4.0},{"damage":6.0,"enemies":"Cultist and Chosen","floor":31.0,"turns":4.0},{"damage":76.0,"enemies":"Automaton","floor":33.0,"turns":12.0},{"damage":8.0,"enemies":"3 Darklings","floor":35.0,"turns":3.0},{"damage":4.0,"enemies":"Orb Walker","floor":37.0,"turns":2.0},{"damage":30.0,"enemies":"Transient","floor":38.0,"turns":5.0},{"damage":8.0,"enemies":"Mind Bloom Boss Battle","floor":39.0,"turns":4.0},{"damage":3,"enemies":"3 Darklings","floor":42,"turns":2},{"damage":42,"enemies":"Nemesis","floor":47,"turns":5},{"damage":11,"enemies":"Sphere and 2 Shapes","floor":48,"turns":4},{"damage":22,"enemies":"Awakened One","floor":50,"turns":12}],"seed_played":"1792110027480926219","potions_obtained":[{"floor":5.0,"key":"Strength Potion"},{"floor":7.0,"key":"Strength Potion"},{"floor":13.0,"key":"SkillPotion"},{"floor":22.0,"key":"EntropicBrew"},{"floor":24.0,"key":"Ancient Potion"},{"floor":29.0,"key":"GamblersBrew"},{"floor":31.0,"key":"GamblersBrew"},{"floor":38.0,"key":"Block Potion"},{"floor":47,"key":"Poison Potion"}],"is_trial":false,"path_per_floor":["M","?","$","M","M","R","E","M","T","R","M","?","M","E","R","B",null,"M","M","$","?","M","R","M","E","T","E","R","E","M","M","R","B",null,"M","$","M","M","?","R","$","M","T","R","?","?","E","M","R","B",null],"character_chosen":"IRONCLAD","items_purchased":["Vajra","Feel No Pain","Burning Pact","Apotheosis","Pen Nib","Intimidate","Sever Soul+1"],"campfire_rested":3,"item_purchase_floors":[3,20,20,36,36,41,41],"current_hp_per_floor":[78,67,67,73,79,79,60,40,40,40,46,46,50,26,50,10,63,66,71,71,71,75,75,80,62,62,64,64,36,39,55,79,19,65,63,63,65,55,74,74,74,77,77,77,67,67,32,45,69,53],"gold":89,"neow_bonus":"RANDOM_COMMON_RELIC","is_prod":false,"is_daily":false,"chose_seed":false,"campfire_upgraded":6,"win_rate":0,"timestamp":1561226398,"path_taken":["M","?","$","M","M","R","E","M","T","R","M","?","M","E","R","BOSS","M","M","$","?","M","R","M","E","T","E","R","E","M","M","R","BOSS","M","$","?","M","?","R","$","M","T","R","?","?","E","M","R","BOSS"],"build_version":"2019-01-23","purchased_purges":1,"victory":true,"max_hp_per_floor":[80,80,80,80,80,80,80,80,80,80,80,80,80,80,80,80,80,80,80,80,80,80,80,80,80,80,80,80,80,80,80,80,80,80,80,80,80,80,80,80,80,80,80,80,80,80,80,80,80,80],"card_choices":[{"not_picked":["Wild Strike","Cleave"],"picked":"Twin Strike","floor":1.0},{"not_picked":["Clash","Blood for Blood"],"picked":"Iron Wave","floor":4.0},{"not_picked":["Double Tap","Infernal Blade"],"picked":"Carnage","floor":5.0},{"not_picked":["Sever Soul","Corruption"],"picked":"Juggernaut","floor":7.0},{"not_picked":["Intimidate","Clothesline"],"picked":"Shrug It Off","floor":8.0},{"not_picked":["Carnage+1","Body Slam+1","Sever Soul+1"],"picked":"SKIP","floor":11.0},{"not_picked":["Heavy Blade+1","Rage"],"picked":"Sword Boomerang+1","floor":13.0},{"not_picked":["Body Slam+1","Sentinel","Perfected Strike+1"],"picked":"SKIP","floor":14.0},{"not_picked":["Brutality","Bludgeon+1"],"picked":"Reaper+1","floor":16.0},{"not_picked":["Sword Boomerang+1","Anger+1"],"picked":"Blood for Blood+1","floor":18.0},{"not_picked":["Havoc","Pummel+1"],"picked":"Barricade","floor":19.0},{"not_picked":["Sword Boomerang+1","Havoc","Wild Strike+1"],"picked":"SKIP","floor":22.0},{"not_picked":["Armaments+1","Blood for Blood+1"],"picked":"Headbutt+1","floor":24.0},{"not_picked":["Bloodletting","Dropkick+1","Entrench"],"picked":"SKIP","floor":25.0},{"not_picked":["Evolve+1","Armaments","Dual Wield"],"picked":"SKIP","floor":27.0},{"not_picked":["Rage","Dropkick+1"],"picked":"True Grit","floor":29.0},{"not_picked":["Body Slam+1","Evolve"],"picked":"Armaments+1","floor":30.0},{"not_picked":["Infernal Blade","Searing Blow+1"],"picked":"True Grit","floor":31.0},{"not_picked":["Bloodletting+1","Flex+1"],"picked":"Inflame","floor":35.0},{"not_picked":["Body Slam+1","Headbutt+1"],"picked":"Feel No Pain","floor":37.0},{"not_picked":["Clothesline+1","Dual Wield+1"],"picked":"Uppercut+1","floor":38.0},{"not_picked":["Flex+1","Armaments"],"picked":"Power Through+1","floor":42},{"not_picked":["Bandage Up","Metamorphosis"],"picked":"PanicButton","floor":45},{"not_picked":["Finesse","Bandage Up"],"picked":"Panacea","floor":45},{"not_picked":["Apotheosis","Trip"],"picked":"Purity","floor":45},{"not_picked":["Rampage+1","Whirlwind+1","Infernal Blade"],"picked":"SKIP","floor":47},{"not_picked":["Dual Wield+1","Second Wind","Headbutt+1"],"picked":"SKIP","floor":48}],"player_experience":785346,"relics_obtained":[{"floor":7.0,"key":"Bottled Flame"},{"floor":9.0,"key":"Molten Egg 2"},{"floor":14.0,"key":"Paper Frog"},{"floor":25.0,"key":"War Paint"},{"floor":26.0,"key":"Dead Branch"},{"floor":27.0,"key":"Centennial Puzzle"},{"floor":29.0,"key":"Art of War"},{"floor":39.0,"key":"Nunchaku"},{"floor":43,"key":"Orichalcum"},{"floor":47,"key":"Gambling Chip"}],"event_choices":[{"damage_healed":0.0,"max_hp_gain":0.0,"max_hp_loss":0.0,"gold_gain":75.0,"event_name":"World of Goop","player_choice":"Gather Gold","floor":2.0,"gold_loss":0.0,"damage_taken":11.0},{"damage_healed":0.0,"max_hp_gain":0.0,"max_hp_loss":0.0,"gold_gain":0.0,"event_name":"Match and Keep!","player_choice":"0 cards matched","floor":12.0,"gold_loss":0.0,"damage_taken":0.0,"cards_obtained":[]},{"damage_healed":0.0,"max_hp_gain":0.0,"max_hp_loss":0.0,"gold_gain":0.0,"event_name":"Upgrade Shrine","player_choice":"Upgraded","floor":21.0,"gold_loss":0.0,"damage_taken":0.0,"cards_upgraded":["Juggernaut"]},{"damage_healed":0.0,"max_hp_gain":0.0,"max_hp_loss":0.0,"gold_gain":0.0,"event_name":"MindBloom","player_choice":"Fight","floor":39.0,"gold_loss":0.0,"damage_taken":0.0},{"damage_healed":0,"gold_gain":0,"player_choice":"Memory 3","damage_taken":10,"max_hp_gain":0,"max_hp_loss":0,"event_name":"SensoryStone","floor":45,"gold_loss":0},{"damage_healed":0,"gold_gain":0,"player_choice":"Upgraded","damage_taken":0,"max_hp_gain":0,"max_hp_loss":0,"event_name":"Upgrade Shrine","floor":46,"gold_loss":0,"cards_upgraded":["Intimidate"]}],"is_beta":false,"boss_relics":[{"not_picked":["Lizard Tail","White Beast Statue"],"picked":"Snecko Eye"},{"not_picked":["Black Star","Velvet Choker"],"picked":"Astrolabe"}],"items_purged_floors":[20],"is_endless":false,"potions_floor_spawned":[5,7,13,14,22,24,29,31,38,47],"ascension_level":9}