{"gold_per_floor":[118,118,43,62,81,113,42,42,42,58,58,88,88,103,103,203,203,213,138,148,148,148,179,179,191,191,201,201,161,161],"floor_reached":30,"playtime":1454,"items_purged":["Regret"],"score":258,"play_id":"26a71aeb-eb8f-4ff6-875d-0f35f2d36828","local_time":"20190323082248","is_ascension_mode":false,"campfire_choices":[{"floor":11.0,"key":"REST"},{"floor":13.0,"key":"REST"},{"data":"Zap","floor":15.0,"key":"SMITH"},{"floor":24.0,"key":"REST"}],"neow_cost":"CURSE","seed_source_timestamp":287810211228671,"circlet_count":0,"master_deck":["Strike_B+1","Strike_B+1","Strike_B+1","Defend_B+1","Defend_B+1","Defend_B+1","Defend_B+1","Zap+1","Dualcast","Buffer","Ball Lightning","Leap","Barrage","Defragment","Chill","White Noise","Storm+1","Rainbow","Reinforced Body","Capacitor+1","Coolheaded+1","Rebound","Redo"],"special_seed":0,"relics":["Cracked Core","Pocketwatch","Pantograph","Frozen Egg 2","Eternal Feather","Lantern","Meat on the Bone"],"potions_floor_usage":[],"damage_taken":[{"damage":3.0,"enemies":"Cultist","floor":1.0,"turns":3.0},{"damage":6.0,"enemies":"Jaw Worm","floor":4.0,"turns":3.0},{"damage":3.0,"enemies":"2 Louse","floor":5.0,"turns":3.0},{"damage":45.0,"enemies":"Gremlin Nob","floor":6.0,"turns":6.0},{"damage":12.0,"enemies":"Exordium Wildlife","floor":10.0,"turns":5.0},{"damage":10.0,"enemies":"3 Sentries","floor":12.0,"turns":7.0},{"damage":9.0,"enemies":"Large Slime","floor":14.0,"turns":5.0},{"damage":26.0,"enemies":"Slime Boss","floor":16.0,"turns":9.0},{"damage":15.0,"enemies":"3 Byrds","floor":18.0,"turns":5.0},{"damage":11.0,"enemies":"Chosen","floor":20.0,"turns":6.0},{"damage":45.0,"enemies":"Book of Stabbing","floor":23.0,"turns":8.0},{"damage":2.0,"enemies":"Centurion and Healer","floor":25.0,"turns":9.0},{"damage":27,"enemies":"Snake Plant","floor":27,"turns":5},{"damage":18,"enemies":"Colosseum Slavers","floor":28,"turns":7},{"damage":22,"enemies":"3 Cultists","floor":30,"turns":3}],"seed_played":"3334111680829046284","potions_obtained":[{"floor":2.0,"key":"Strength Potion"},{"floor":2.0,"key":"LiquidBronze"},{"floor":2.0,"key":"Fruit Juice"},{"floor":4.0,"key":"Regen Potion"},{"floor":10.0,"key":"Strength Potion"},{"floor":12.0,"key":"Weak Potion"},{"floor":18.0,"key":"SkillPotion"},{"floor":23.0,"key":"Swift Potion"},{"floor":29,"key":"EntropicBrew"},{"floor":29,"key":"Dexterity Potion"}],"is_trial":false,"path_per_floor":["M","?","$","M","M","E","$","?","T","M","R","E","R","M","R","B",null,"M","?","M","?","?","E","R","M","T","M","?","?","M"],"character_chosen":"DEFECT","items_purchased":["Chill"],"campfire_rested":3,"item_purchase_floors":[7],"current_hp_per_floor":[72,72,72,66,68,32,32,32,32,20,44,34,58,49,49,48,80,65,65,54,54,54,9,45,43,43,28,22,22,0],"gold":161,"neow_bonus":"THREE_RARE_CARDS","is_prod":false,"is_daily":false,"chose_seed":false,"campfire_upgraded":1,"win_rate":0,"timestamp":1553354568,"path_taken":["M","?","$","?","M","E","$","?","T","M","R","E","R","M","R","BOSS","M","?","M","?","?","E","R","M","T","M","?","?","?"],"build_version":"2019-01-23","purchased_purges":1,"victory":false,"max_hp_per_floor":[75,75,75,75,80,80,80,80,80,80,80,80,80,80,80,80,80,80,80,80,80,80,80,80,80,80,80,80,80,80],"card_choices":[{"not_picked":["Echo Form","All For One"],"picked":"Buffer","floor":0.0},{"not_picked":["Beam Cell","Hologram"],"picked":"Ball Lightning","floor":1.0},{"not_picked":["Go for the Eyes","Sweeping Beam"],"picked":"Leap","floor":4.0},{"not_picked":["Aggregate","Go for the Eyes"],"picked":"Barrage","floor":5.0},{"not_picked":["Ball Lightning","Echo Form"],"picked":"Defragment","floor":6.0},{"not_picked":["Heatsinks","Redo","Streamline"],"picked":"SKIP","floor":10.0},{"not_picked":["Tempest","FTL"],"picked":"White Noise","floor":12.0},{"not_picked":["Beam Cell","Lockon"],"picked":"Storm+1","floor":14.0},{"not_picked":["Buffer+1","Seek"],"picked":"Rainbow","floor":16.0},{"not_picked":["White Noise","Coolheaded"],"picked":"Reinforced Body","floor":18.0},{"not_picked":["Cold Snap","Compile Driver"],"picked":"Capacitor+1","floor":20.0},{"not_picked":["Fusion+1","Barrage"],"picked":"Coolheaded+1","floor":23.0},{"not_picked":["Redo+1","Sweeping Beam"],"picked":"Rebound","floor":25.0},{"not_picked":["Reprogram","Sweeping Beam"],"picked":"Redo","floor":27}],"player_experience":632569,"relics_obtained":[{"floor":6.0,"key":"Pocketwatch"},{"floor":9.0,"key":"Pantograph"},{"floor":12.0,"key":"Frozen Egg 2"},{"floor":23.0,"key":"Lantern"},{"floor":26.0,"key":"Meat on the Bone"}],"event_choices":[{"damage_healed":0.0,"max_hp_gain":0.0,"max_hp_loss":0.0,"gold_gain":0.0,"event_name":"Lab","player_choice":"Got Potions","floor":2.0,"gold_loss":0.0,"damage_taken":0.0},{"damage_healed":0.0,"max_hp_gain":0.0,"max_hp_loss":0.0,"gold_gain":0.0,"event_name":"Liars Game","player_choice":"Ignored","floor":8.0,"gold_loss":0.0,"damage_taken":0.0},{"cards_removed":["Strike_B"],"damage_healed":0.0,"max_hp_gain":0.0,"max_hp_loss":0.0,"gold_gain":0.0,"event_name":"Beggar","player_choice":"Gave Gold","floor":19.0,"gold_loss":75.0,"damage_taken":0.0},{"damage_healed":0.0,"max_hp_gain":0.0,"max_hp_loss":0.0,"gold_gain":0.0,"event_name":"Back to Basics","player_choice":"Simplicity","floor":21.0,"gold_loss":0.0,"damage_taken":0.0,"cards_upgraded":["Strike_B","Strike_B","Strike_B","Defend_B","Defend_B","Defend_B","Defend_B"]},{"damage_healed":0.0,"max_hp_gain":0.0,"max_hp_loss":0.0,"gold_gain":0.0,"event_name":"Ghosts","player_choice":"Ignored","floor":22.0,"gold_loss":0.0,"damage_taken":0.0},{"damage_healed":0,"gold_gain":0,"player_choice":"Fight","damage_taken":0,"max_hp_gain":0,"max_hp_loss":0,"event_name":"Colosseum","floor":28,"gold_loss":0},{"damage_healed":0,"gold_gain":0,"player_choice":"Fled From Nobs","damage_taken":0,"max_hp_gain":0,"max_hp_loss":0,"event_name":"Colosseum","floor":28,"gold_loss":0},{"damage_healed":0,"gold_gain":0,"player_choice":"Bought 3 Potions","damage_taken":0,"max_hp_gain":0,"max_hp_loss":0,"event_name":"The Woman in Blue","floor":29,"gold_loss":0}],"is_beta":false,"boss_relics":[{"not_picked":["FrozenCore","Coffee Dripper"],"picked":"Eternal Feather"}],"items_purged_floors":[3],"is_endless":false,"potions_floor_spawned":[4,10,12,18,23,28],"killed_by":"3 Cultists","ascension_level":0}