{"gold_per_floor":[116,134,147,147,157,157,184,184,184,218,229,240,263,263],"floor_reached":14,"playtime":747,"items_purged":[],"score":148,"play_id":"a8e360ba-bdfb-44bb-82b2-183d4a59495f","local_time":"20190609202829","is_ascension_mode":true,"campfire_choices":[{"data":"Fusion","floor":6,"key":"SMITH"},{"floor":8,"key":"REST"}],"neow_cost":"NONE","seed_source_timestamp":1946731453240771,"circlet_count":0,"master_deck":["Strike_B","Strike_B","Strike_B","Strike_B","Defend_B","Defend_B","Defend_B","Defend_B","Zap","Dualcast","Reinforced Body","Go for the Eyes+1","Fusion+1","Doom and Gloom","Sunder","Defragment","Self Repair"],"relics":["Cracked Core","Bag of Marbles","Nunchaku","Gambling Chip","Ginger","Odd Mushroom"],"potions_floor_usage":[7,14,14],"damage_taken":[{"damage":0,"enemies":"Cultist","floor":1,"turns":3},{"damage":4,"enemies":"Jaw Worm","floor":2,"turns":4},{"damage":7,"enemies":"Small Slimes","floor":3,"turns":4},{"damage":0,"enemies":"2 Fungi Beasts","floor":5,"turns":4},{"damage":32,"enemies":"Gremlin Nob","floor":7,"turns":5},{"damage":20,"enemies":"3 Sentries","floor":10,"turns":7},{"damage":1,"enemies":"Exordium Wildlife","floor":11,"turns":4},{"damage":0,"enemies":"Lots of Slimes","floor":12,"turns":1},{"damage":16,"enemies":"The Mushroom Lair","floor":13,"turns":3},{"damage":17,"enemies":"Gremlin Nob","floor":14,"turns":4}],"seed_played":"-2459339319014077319","potions_obtained":[{"floor":5,"key":"Dexterity Potion"},{"floor":10,"key":"SpeedPotion"},{"floor":12,"key":"SpeedPotion"}],"is_trial":false,"path_per_floor":["M","M","M","?","M","R","E","R","T","E","M","M","?","E"],"character_chosen":"DEFECT","items_purchased":[],"campfire_rested":1,"item_purchase_floors":[],"current_hp_per_floor":[68,64,57,57,57,57,25,47,47,27,26,26,10,0],"gold":263,"neow_bonus":"RANDOM_COMMON_RELIC","is_prod":false,"is_daily":false,"chose_seed":false,"campfire_upgraded":1,"win_rate":0,"timestamp":1560122909,"path_taken":["M","?","M","?","M","R","E","R","T","E","M","M","?","E"],"build_version":"2019-01-23","purchased_purges":0,"victory":false,"max_hp_per_floor":[75,75,75,75,75,75,75,75,75,75,75,75,75,75],"card_choices":[{"not_picked":["Redo","Stack","Tempest"],"picked":"SKIP","floor":1},{"not_picked":["Gash","Capacitor"],"picked":"Reinforced Body","floor":2},{"not_picked":["Turbo","Redo"],"picked":"Go for the Eyes","floor":3},{"not_picked":["Rebound","Barrage"],"picked":"Fusion","floor":5},{"not_picked":["Force Field","Leap"],"picked":"Doom and Gloom","floor":7},{"not_picked":["Double Energy","Go for the Eyes","Reinforced Body"],"picked":"SKIP","floor":10},{"not_picked":["Core Surge","Defragment"],"picked":"Sunder","floor":11},{"not_picked":["Auto Shields","Cold Snap"],"picked":"Defragment","floor":12},{"not_picked":["Ball Lightning","Gash"],"picked":"Self Repair","floor":13}],"player_experience":961691,"relics_obtained":[{"floor":7,"key":"Nunchaku"},{"floor":9,"key":"Gambling Chip"},{"floor":10,"key":"Ginger"},{"floor":13,"key":"Odd Mushroom"}],"event_choices":[{"damage_healed":0,"gold_gain":0,"player_choice":"Grow","damage_taken":0,"max_hp_gain":0,"max_hp_loss":0,"event_name":"Living Wall","floor":4,"gold_loss":0,"cards_upgraded":["Go for the Eyes"]},{"damage_healed":0,"gold_gain":0,"player_choice":"Fought Mushrooms","damage_taken":0,"max_hp_gain":0,"max_hp_loss":0,"event_name":"Mushrooms","floor":13,"gold_loss":0}],"is_beta":false,"boss_relics":[],"items_purged_floors":[],"is_endless":false,"potions_floor_spawned":[5,10,12],"killed_by":"Gremlin Nob","ascension_level":9}