{"gold_per_floor":[115,129,79,79,93,93,103,103,103,103,116,130,130,148,148,148],"floor_reached":16,"playtime":307,"items_purged":[],"score":94,"play_id":"ae1413fc-c80e-41ff-9477-77f27503c8c9","local_time":"20190416194314","is_ascension_mode":false,"campfire_choices":[{"data":"Bash","floor":6.0,"key":"SMITH"},{"data":"Cleave","floor":8.0,"key":"SMITH"},{"data":"Flame Barrier","floor":13.0,"key":"SMITH"},{"data":"Whirlwind","floor":15.0,"key":"SMITH"}],"neow_cost":"NONE","seed_source_timestamp":500283642146096,"circlet_count":0,"master_deck":["Strike_R","Strike_R","Strike_R","Strike_R","Strike_R","Defend_R","Defend_R","Defend_R","Bash+1","Cleave+1","Heavy Blade","Seeing Red","Flame Barrier+1","Whirlwind+1"],"special_seed":0,"relics":["Burning Blood","Dream Catcher","Charon\u0027s Ashes","Bottled Flame","Question Card"],"potions_floor_usage":[16,16],"damage_taken":[{"damage":1.0,"enemies":"Cultist","floor":1.0,"turns":4.0},{"damage":7.0,"enemies":"Small Slimes","floor":2.0,"turns":4.0},{"damage":11.0,"enemies":"Jaw Worm","floor":5.0,"turns":3.0},{"damage":15.0,"enemies":"Looter","floor":7.0,"turns":3.0},{"damage":27.0,"enemies":"Exordium Thugs","floor":11.0,"turns":5.0},{"damage":0.0,"enemies":"Large Slime","floor":12.0,"turns":4.0},{"damage":7.0,"enemies":"Blue Slaver","floor":14.0,"turns":3.0},{"damage":57,"enemies":"Hexaghost","floor":16,"turns":9}],"seed_played":"4633775407814198212","potions_obtained":[{"floor":2.0,"key":"PowerPotion"},{"floor":12.0,"key":"Dexterity Potion"},{"floor":14.0,"key":"BloodPotion"}],"is_trial":false,"path_per_floor":["M","M","?","?","M","R","M","R","T","T","M","M","R","M","R","B"],"character_chosen":"IRONCLAD","items_purchased":[],"campfire_rested":0,"item_purchase_floors":[],"current_hp_per_floor":[80,79,79,79,74,74,65,65,65,65,44,50,50,49,49,0],"gold":148,"neow_bonus":"RANDOM_COMMON_RELIC","is_prod":false,"is_daily":false,"chose_seed":false,"campfire_upgraded":4,"win_rate":0,"timestamp":1555436594,"path_taken":["M","M","?","?","?","R","M","R","T","?","M","M","R","M","R","BOSS"],"build_version":"2019-01-23","purchased_purges":0,"victory":false,"max_hp_per_floor":[80,80,80,80,80,80,80,80,80,80,80,80,80,80,80,80],"card_choices":[{"not_picked":["Wild Strike","Iron Wave","Feel No Pain"],"picked":"SKIP","floor":1.0},{"not_picked":["Iron Wave","Pommel Strike"],"picked":"Cleave","floor":2.0},{"not_picked":["Rampage","Blood for Blood","Pummel"],"picked":"SKIP","floor":5.0},{"not_picked":["Twin Strike","True Grit"],"picked":"Heavy Blade","floor":7.0},{"not_picked":["Disarm","Dropkick","Uppercut"],"picked":"Seeing Red","floor":11.0},{"not_picked":["Warcry","Iron Wave","Body Slam"],"picked":"Flame Barrier","floor":12.0},{"not_picked":["Ghostly Armor","Infernal Blade","Rage"],"picked":"Whirlwind","floor":14.0}],"player_experience":117297,"relics_obtained":[{"floor":9.0,"key":"Bottled Flame"},{"floor":10.0,"key":"Question Card"}],"event_choices":[{"cards_removed":["Defend_R"],"damage_healed":0.0,"max_hp_gain":0.0,"max_hp_loss":0.0,"gold_gain":0.0,"event_name":"The Cleric","player_choice":"Card Removal","floor":3.0,"gold_loss":50.0,"damage_taken":0.0},{"damage_healed":0.0,"max_hp_gain":0.0,"max_hp_loss":0.0,"gold_gain":0.0,"event_name":"WeMeetAgain","player_choice":"Gave Potion","floor":4.0,"gold_loss":0.0,"damage_taken":0.0,"relics_obtained":["Charon\u0027s Ashes"]}],"is_beta":false,"boss_relics":[],"items_purged_floors":[],"is_endless":false,"potions_floor_spawned":[2,12,14],"killed_by":"Hexaghost","ascension_level":0}