{"gold_per_floor":[109,128,142,46,59,90,90,101,101,101,121,45,117,147,147,250,250,250,250,250,250,250,250,250,250,250,250,250,250,250,250,250,250,250,250,250,250,250,250,250,250,250,250,250,250,250,250,250,250,250,250,250,52,52,52],"floor_reached":55,"playtime":3374,"items_purged":[],"score":706,"play_id":"355a08a1-cb29-47c8-b929-dbb3565fe064","local_time":"20190330074558","is_ascension_mode":false,"campfire_choices":[{"floor":7.0,"key":"REST"},{"data":"Zap","floor":10.0,"key":"SMITH"},{"floor":15.0,"key":"REST"},{"floor":23.0,"key":"REST"},{"floor":28.0,"key":"REST"},{"floor":32.0,"key":"REST"},{"floor":40.0,"key":"RECALL"},{"floor":46.0,"key":"REST"},{"floor":49.0,"key":"REST"},{"data":"Glacier","floor":52.0,"key":"SMITH"}],"neow_cost":"NONE","seed_source_timestamp":0,"circlet_count":0,"master_deck":["Strike_B","Strike_B","Strike_B","Defend_B","Defend_B","Defend_B","Defend_B","Zap+1","Dualcast","Fission","Leap","Ball Lightning","Ball Lightning","Glacier+1","Streamline","Rebound","Conserve Battery","Leap","Doom and Gloom","Defragment","Coolheaded","Electrodynamics","Hologram+1","Stack","Defragment+1","Skim+1","Consume+1","Rainbow","Barrage","Melter","Creative AI","Sunder","Undo","White Noise+1","Stack+1","Lockon+1","Conserve Battery","Stack+1","Parasite","Stack+1","Hologram","Conserve Battery"],"special_seed":0,"relics":["Cracked Core","Happy Flower","Odd Mushroom","Ectoplasm","Mango","Eternal Feather","Emotion Chip","Centennial Puzzle","Runic Capacitor","Bottled Tornado"],"potions_floor_usage":[],"damage_taken":[{"damage":2.0,"enemies":"2 Louse","floor":1.0,"turns":3.0},{"damage":6.0,"enemies":"Jaw Worm","floor":2.0,"turns":3.0},{"damage":1.0,"enemies":"Small Slimes","floor":3.0,"turns":4.0},{"damage":1.0,"enemies":"Exordium Wildlife","floor":5.0,"turns":3.0},{"damage":20.0,"enemies":"Gremlin Nob","floor":6.0,"turns":4.0},{"damage":4.0,"enemies":"Lots of Slimes","floor":8.0,"turns":5.0},{"damage":0.0,"enemies":"2 Fungi Beasts","floor":11.0,"turns":3.0},{"damage":7.0,"enemies":"The Mushroom Lair","floor":14.0,"turns":4.0},{"damage":22.0,"enemies":"The Guardian","floor":16.0,"turns":11.0},{"damage":8.0,"enemies":"3 Byrds","floor":18.0,"turns":3.0},{"damage":11.0,"enemies":"Colosseum Slavers","floor":19.0,"turns":2.0},{"damage":0.0,"enemies":"Shell Parasite","floor":21.0,"turns":4.0},{"damage":10.0,"enemies":"Snake Plant","floor":22.0,"turns":4.0},{"damage":4.0,"enemies":"Snecko","floor":24.0,"turns":4.0},{"damage":16.0,"enemies":"Chosen and Byrds","floor":25.0,"turns":7.0},{"damage":11.0,"enemies":"Snake Plant","floor":27.0,"turns":3.0},{"damage":1.0,"enemies":"3 Cultists","floor":30.0,"turns":6.0},{"damage":13.0,"enemies":"Shelled Parasite and Fungi","floor":31.0,"turns":5.0},{"damage":67.0,"enemies":"Champ","floor":33.0,"turns":15.0},{"damage":38.0,"enemies":"3 Shapes","floor":35.0,"turns":6.0},{"damage":0.0,"enemies":"Mind Bloom Boss Battle","floor":36.0,"turns":6.0},{"damage":20.0,"enemies":"3 Darklings","floor":37.0,"turns":5.0},{"damage":28.0,"enemies":"Writhing Mass","floor":39.0,"turns":6.0},{"damage":27.0,"enemies":"Transient","floor":41.0,"turns":5.0},{"damage":14.0,"enemies":"3 Darklings","floor":42.0,"turns":4.0},{"damage":4.0,"enemies":"Spire Growth","floor":44.0,"turns":5.0},{"damage":5.0,"enemies":"Transient","floor":45.0,"turns":5.0},{"damage":7.0,"enemies":"Writhing Mass","floor":47.0,"turns":8.0},{"damage":12.0,"enemies":"3 Darklings","floor":48.0,"turns":4.0},{"damage":44.0,"enemies":"Time Eater","floor":50.0,"turns":12.0},{"damage":54,"enemies":"Shield and Spear","floor":54,"turns":8},{"damage":40,"enemies":"The Heart","floor":55,"turns":2}],"seed_played":"-7555037565403897689","potions_obtained":[{"floor":8.0,"key":"Poison Potion"},{"floor":14.0,"key":"Energy Potion"},{"floor":16.0,"key":"Strength Potion"},{"floor":31.0,"key":"SteroidPotion"},{"floor":33.0,"key":"Swift Potion"},{"floor":35.0,"key":"Fire Potion"},{"floor":39.0,"key":"AttackPotion"},{"floor":44.0,"key":"Poison Potion"},{"floor":45.0,"key":"FocusPotion"},{"floor":47.0,"key":"Strength Potion"}],"is_trial":false,"path_per_floor":["M","M","M","$","M","E","R","M","T","R","M","$","?","?","R","B",null,"M","?","?","M","M","R","M","M","T","M","R","?","M","M","R","B",null,"M","?","M","?","M","R","M","M","T","M","M","R","M","M","R","B",null,"R","$","E","B"],"character_chosen":"DEFECT","items_purchased":["Glacier","Streamline","Defragment","Runic Capacitor"],"campfire_rested":7,"item_purchase_floors":[4,4,12,53],"current_hp_per_floor":[73,67,66,66,65,45,67,63,63,63,63,63,63,56,75,53,75,67,56,49,49,39,61,57,41,55,44,70,70,69,56,82,15,89,51,51,31,78,50,68,41,27,27,23,18,62,55,43,78,34,78,78,78,24,0],"gold":52,"neow_bonus":"TRANSFORM_CARD","is_prod":false,"is_daily":false,"chose_seed":false,"campfire_upgraded":2,"win_rate":0,"timestamp":1553957158,"path_taken":["M","M","M","$","M","E","R","M","T","R","M","$","?","?","R","BOSS","M","?","?","M","?","R","M","M","T","M","R","?","M","M","R","BOSS","M","?","M","?","M","R","M","?","T","M","M","R","M","M","R","BOSS","R","$","E","BOSS"],"build_version":"2019-01-23","purchased_purges":0,"victory":false,"max_hp_per_floor":[75,75,75,75,75,75,75,75,75,75,75,75,75,75,75,75,75,75,75,75,75,75,75,75,75,89,89,89,89,89,89,89,89,89,89,89,89,78,78,78,78,78,78,78,78,78,78,78,78,78,78,78,78,78,78],"card_choices":[{"not_picked":["Sweeping Beam","Ball Lightning"],"picked":"Leap","floor":1.0},{"not_picked":["Redo","Gash"],"picked":"Ball Lightning","floor":2.0},{"not_picked":["Heatsinks","Gash"],"picked":"Ball Lightning","floor":3.0},{"not_picked":["Streamline","Steam Power"],"picked":"Rebound","floor":5.0},{"not_picked":["Undo","Compile Driver"],"picked":"Conserve Battery","floor":6.0},{"not_picked":["Storm","Ball Lightning"],"picked":"Leap","floor":8.0},{"not_picked":["Redo","Beam Cell"],"picked":"Doom and Gloom","floor":11.0},{"not_picked":["Go for the Eyes","Lockon"],"picked":"Coolheaded","floor":14.0},{"not_picked":["Seek","Machine Learning"],"picked":"Electrodynamics","floor":16.0},{"not_picked":["Heatsinks","Beam Cell"],"picked":"Hologram+1","floor":18.0},{"not_picked":["Steam","Aggregate"],"picked":"Stack","floor":21.0},{"not_picked":["Cold Snap","Loop"],"picked":"Defragment+1","floor":22.0},{"not_picked":["Conserve Battery","Beam Cell"],"picked":"Skim+1","floor":24.0},{"not_picked":["Go for the Eyes","Storm"],"picked":"Consume+1","floor":25.0},{"not_picked":["Aggregate","Sunder"],"picked":"Rainbow","floor":27.0},{"not_picked":["Go for the Eyes","Steam Power"],"picked":"Barrage","floor":30.0},{"not_picked":["Cold Snap+1","Sweeping Beam"],"picked":"Melter","floor":31.0},{"not_picked":["Seek","Thunder Strike"],"picked":"Creative AI","floor":33.0},{"not_picked":["Steam Power+1","Steam"],"picked":"Sunder","floor":35.0},{"not_picked":["Scrape","Ball Lightning"],"picked":"Undo","floor":36.0},{"not_picked":["Ball Lightning","Redo+1","Steam+1"],"picked":"SKIP","floor":37.0},{"not_picked":["Steam","Double Energy"],"picked":"White Noise+1","floor":39.0},{"not_picked":["Barrage","Sweeping Beam+1"],"picked":"Stack+1","floor":41.0},{"not_picked":["Steam","Cold Snap+1"],"picked":"Lockon+1","floor":42.0},{"not_picked":["Amplify","Chaos+1"],"picked":"Conserve Battery","floor":44.0},{"not_picked":["Hello World+1","Hologram+1"],"picked":"Stack+1","floor":45.0},{"not_picked":["Capacitor","Reinforced Body+1"],"picked":"Stack+1","floor":47.0},{"not_picked":["Redo","Steam"],"picked":"Hologram","floor":48.0},{"not_picked":["Cold Snap+1","Streamline"],"picked":"Conserve Battery","floor":54}],"player_experience":650173,"relics_obtained":[{"floor":6.0,"key":"Happy Flower"},{"floor":14.0,"key":"Odd Mushroom"},{"floor":26.0,"key":"Mango"},{"floor":36.0,"key":"Emotion Chip"},{"floor":43.0,"key":"Centennial Puzzle"},{"floor":54,"key":"Bottled Tornado"}],"event_choices":[{"damage_healed":0.0,"max_hp_gain":0.0,"max_hp_loss":0.0,"gold_gain":72.0,"event_name":"Golden Wing","player_choice":"Gained Gold","floor":13.0,"gold_loss":0.0,"damage_taken":0.0},{"damage_healed":0.0,"max_hp_gain":0.0,"max_hp_loss":0.0,"gold_gain":0.0,"event_name":"Mushrooms","player_choice":"Fought Mushrooms","floor":14.0,"gold_loss":0.0,"damage_taken":0.0},{"damage_healed":0.0,"max_hp_gain":0.0,"max_hp_loss":0.0,"gold_gain":0.0,"event_name":"Colosseum","player_choice":"Fight","floor":19.0,"gold_loss":0.0,"damage_taken":0.0},{"damage_healed":0.0,"max_hp_gain":0.0,"max_hp_loss":0.0,"gold_gain":0.0,"event_name":"Colosseum","player_choice":"Fled From Nobs","floor":19.0,"gold_loss":0.0,"damage_taken":0.0},{"damage_healed":0.0,"max_hp_gain":0.0,"max_hp_loss":0.0,"gold_gain":0.0,"event_name":"Wheel of Change","player_choice":"Damaged","floor":20.0,"gold_loss":0.0,"damage_taken":7.0},{"damage_healed":0.0,"max_hp_gain":0.0,"max_hp_loss":0.0,"gold_gain":0.0,"event_name":"Vampires","player_choice":"Ignored","floor":29.0,"gold_loss":0.0,"damage_taken":0.0},{"damage_healed":0.0,"max_hp_gain":0.0,"max_hp_loss":0.0,"gold_gain":0.0,"event_name":"MindBloom","player_choice":"Fight","floor":36.0,"gold_loss":0.0,"damage_taken":0.0},{"damage_healed":78.0,"max_hp_gain":0.0,"max_hp_loss":11.0,"gold_gain":0.0,"event_name":"The Moai Head","player_choice":"Heal","floor":38.0,"gold_loss":0.0,"damage_taken":0.0}],"is_beta":false,"boss_relics":[{"not_picked":["Velvet Choker","Coffee Dripper"],"picked":"Ectoplasm"},{"not_picked":["Sozu","White Beast Statue"],"picked":"Eternal Feather"}],"items_purged_floors":[],"is_endless":false,"potions_floor_spawned":[8,14,16,19,25,27,31,33,35,39,44,45,47],"killed_by":"The Heart","ascension_level":0}