{"gold_per_floor":[211,161,236,252,252,252,287,41,65,65,82,82,94,104,104,202,202,212,212,127,141,240,240,250,267,321,337,82,97,107,7,7,108,108,120,120,120,137,137,137,153,153,178,178,178,178,197,72,72,72],"floor_reached":50,"playtime":2778,"items_purged":["Defend_B","Strike_B","Consume+1"],"score":444,"play_id":"8d56b433-0b14-4a2e-9804-b5874115b01e","local_time":"20181015153845","is_ascension_mode":false,"campfire_choices":[{"data":"Defragment","floor":6,"key":"SMITH"},{"floor":10,"key":"REST"},{"floor":15,"key":"REST"},{"data":"Defragment","floor":23,"key":"SMITH"},{"data":"Zap","floor":32,"key":"SMITH"},{"data":"Electrodynamics","floor":40,"key":"SMITH"},{"floor":42,"key":"DIG"},{"floor":49,"key":"DIG"}],"neow_cost":"NONE","seed_source_timestamp":264844019402497,"circlet_count":0,"master_deck":["Strike_B+1","Strike_B+1","Defend_B+1","Defend_B+1","Defend_B+1","Zap+1","Dualcast+1","Streamline+1","Defragment+1","Sweeping Beam+1","Cold Snap+1","Defragment+1","Reboot+1","Ball Lightning+1","Rebound+1","Electrodynamics+1","BootSequence+1","Chaos+1"],"relics":["Cracked Core","Molten Egg 2","Juzu Bracelet","Potion Belt","Coffee Dripper","Shovel","Vajra","Lee\u0027s Waffle","Runic Pyramid","Girya","Lantern","Mark of the Bloom","Darkstone Periapt","Dodecahedron"],"potions_floor_usage":[18,21,27,33,35,39,41,50,50],"damage_taken":[{"damage":0,"enemies":"2 Louse","floor":1,"turns":3},{"damage":0,"enemies":"Small Slimes","floor":4,"turns":4},{"damage":26,"enemies":"Lagavulin","floor":7,"turns":5},{"damage":4,"enemies":"Jaw Worm","floor":11,"turns":3},{"damage":0,"enemies":"Large Slime","floor":13,"turns":3},{"damage":11,"enemies":"Lots of Slimes","floor":14,"turns":2},{"damage":23,"enemies":"The Guardian","floor":16,"turns":11},{"damage":0,"enemies":"Spheric Guardian","floor":18,"turns":1},{"damage":16,"enemies":"2 Thieves","floor":21,"turns":2},{"damage":10,"enemies":"Cultist and Chosen","floor":24,"turns":6},{"damage":12,"enemies":"Chosen and Byrds","floor":25,"turns":6},{"damage":23,"enemies":"Shelled Parasite and Fungi","floor":27,"turns":6},{"damage":21,"enemies":"Snake Plant","floor":29,"turns":4},{"damage":0,"enemies":"Snecko","floor":30,"turns":3},{"damage":50,"enemies":"Automaton","floor":33,"turns":8},{"damage":9,"enemies":"Orb Walker","floor":35,"turns":3},{"damage":19,"enemies":"3 Darklings","floor":38,"turns":3},{"damage":0,"enemies":"Reptomancer","floor":39,"turns":1},{"damage":14,"enemies":"Sphere and 2 Shapes","floor":41,"turns":4},{"damage":0,"enemies":"Maw","floor":47,"turns":6},{"damage":50,"enemies":"Awakened One","floor":50,"turns":11}],"seed_played":"4242054405185971769","potions_obtained":[{"floor":1,"key":"SteroidPotion"},{"floor":13,"key":"Poison Potion"},{"floor":14,"key":"AttackPotion"},{"floor":18,"key":"Explosive Potion"},{"floor":30,"key":"Energy Potion"},{"floor":33,"key":"Block Potion"},{"floor":35,"key":"SmokeBomb"},{"floor":38,"key":"Block Potion"},{"floor":41,"key":"EssenceOfSteel"}],"is_trial":false,"path_per_floor":["M","?","?","M","?","R","E","$","T","R","M","?","M","M","R","B",null,"M","?","?","M","?","R","M","M","T","M","$","M","M","$","R","B",null,"M","?","?","M","M","R","M","R","T","?","T","?","M","$","R"],"character_chosen":"DEFECT","items_purchased":["Cold Snap+1","Juzu Bracelet","Lee\u0027s Waffle","Ball Lightning+1"],"campfire_rested":2,"item_purchase_floors":[8,8,28,28],"current_hp_per_floor":[75,75,64,64,49,49,23,23,23,45,41,46,46,35,59,36,80,80,65,65,49,49,49,39,27,27,4,92,71,71,71,71,21,92,83,83,83,64,64,64,50,50,50,50,50,50,50,50,50,0],"gold":72,"neow_bonus":"HUNDRED_GOLD","is_prod":false,"is_daily":false,"chose_seed":false,"campfire_upgraded":4,"win_rate":0,"timestamp":1539628725,"path_taken":["M","?","?","M","?","R","E","$","T","R","M","?","M","M","R","BOSS","M","?","?","M","?","R","M","M","T","M","$","M","M","?","R","BOSS","M","?","?","M","M","R","M","R","T","?","?","?","M","$","R","BOSS"],"build_version":"2018-10-11","purchased_purges":3,"victory":false,"max_hp_per_floor":[75,75,75,75,75,75,75,75,75,75,75,80,80,80,80,80,80,80,85,85,85,85,85,85,85,85,85,92,92,92,92,92,92,92,92,92,87,87,87,87,87,87,87,87,87,87,87,87,87,87],"card_choices":[{"not_picked":["Aggregate","Steam"],"picked":"Streamline","floor":1},{"not_picked":["Barrage","Conserve Battery"],"picked":"Defragment","floor":4},{"not_picked":["Steam Power","Gash"],"picked":"Sweeping Beam","floor":7},{"not_picked":["Chill","Tempest","Leap"],"picked":"SKIP","floor":11},{"not_picked":["Rebound+1","Hologram","Blizzard+1"],"picked":"SKIP","floor":13},{"not_picked":["Blizzard+1","Stack","Sweeping Beam+1"],"picked":"SKIP","floor":14},{"not_picked":["Chill","Recycle"],"picked":"Consume+1","floor":18},{"not_picked":["Redo+1","Gash+1"],"picked":"Defragment","floor":21},{"not_picked":["Hologram","Static Discharge","Coolheaded+1"],"picked":"SKIP","floor":24},{"not_picked":["Beam Cell+1","Redo","Gash+1"],"picked":"SKIP","floor":25},{"not_picked":["Ball Lightning+1","Conserve Battery"],"picked":"Reboot","floor":27},{"not_picked":["Beam Cell+1","Steam","Chill+1"],"picked":"SKIP","floor":29},{"not_picked":["Blizzard+1","Conserve Battery"],"picked":"Rebound+1","floor":30},{"not_picked":["Echo Form","Rainbow"],"picked":"Electrodynamics","floor":33},{"not_picked":["Conserve Battery","Darkness"],"picked":"BootSequence","floor":35},{"not_picked":["Lockon+1","Leap+1"],"picked":"Chaos+1","floor":38},{"not_picked":["Hologram","Consume+1","Streamline+1"],"picked":"SKIP","floor":41},{"not_picked":["Turbo+1","Leap","Biased Cognition"],"picked":"SKIP","floor":47}],"player_experience":324475,"relics_obtained":[{"floor":7,"key":"Molten Egg 2"},{"floor":9,"key":"Potion Belt"},{"floor":26,"key":"Vajra"},{"floor":42,"key":"Girya"},{"floor":43,"key":"Lantern"},{"floor":45,"key":"Darkstone Periapt"},{"floor":49,"key":"Dodecahedron"}],"event_choices":[{"event_name":"The Cleric","player_choice":"Card Removal","floor":2,"damage_taken":0},{"event_name":"World of Goop","player_choice":"Gather Gold","floor":3,"damage_taken":0},{"event_name":"Shining Light","player_choice":"Entered Light","floor":5,"damage_taken":0},{"event_name":"Big Fish","player_choice":"Donut","floor":12,"damage_taken":0},{"event_name":"Forgotten Altar","player_choice":"Shed Blood","floor":19,"damage_taken":0},{"event_name":"Addict","player_choice":"Obtained Relic","floor":20,"damage_taken":0},{"event_name":"Nest","player_choice":"Stole From Cult","floor":22,"damage_taken":0},{"event_name":"SensoryStone","player_choice":"Memory 1","floor":36,"damage_taken":0},{"event_name":"Winding Halls","player_choice":"Max HP","floor":37,"damage_taken":0},{"event_name":"MindBloom","player_choice":"Upgrade","floor":44,"damage_taken":0},{"event_name":"Mysterious Sphere","player_choice":"Ignore","floor":46,"damage_taken":0}],"is_beta":false,"boss_relics":[{"not_picked":["Velvet Choker","White Beast Statue"],"picked":"Coffee Dripper"},{"not_picked":["Pandora\u0027s Box","Lizard Tail"],"picked":"Runic Pyramid"}],"items_purged_floors":[8,31,48],"is_endless":false,"potions_floor_spawned":[1,13,14,18,30,33,35,38,41],"killed_by":"Awakened One","ascension_level":0}