{"gold_per_floor":[20,30,43,53,68,68,68,86,112,146,71,96,136,136],"floor_reached":14,"playtime":1629,"items_purged":["Injury"],"score":151,"play_id":"88136a7e-d69f-4316-b008-797ed7620369","local_time":"20190604102836","is_ascension_mode":true,"campfire_choices":[{"floor":6,"key":"REST"}],"neow_cost":"NO_GOLD","seed_source_timestamp":1477858682297398,"circlet_count":0,"master_deck":["Defend_G","Defend_G","Defend_G","Defend_G","Defend_G","Strike_G","Strike_G","Strike_G","Strike_G","Strike_G","Survivor","Neutralize","Malaise","Sucker Punch","PiercingWail","Noxious Fumes","Noxious Fumes","Heel Hook","Corpse Explosion","Poisoned Stab"],"relics":["Ring of the Snake","Golden Idol","Ancient Tea Set","Blue Candle","Strawberry"],"potions_floor_usage":[4,8,12],"damage_taken":[{"damage":1,"enemies":"Jaw Worm","floor":1,"turns":3},{"damage":4,"enemies":"Cultist","floor":2,"turns":5},{"damage":0,"enemies":"Small Slimes","floor":3,"turns":3},{"damage":16,"enemies":"2 Fungi Beasts","floor":4,"turns":7},{"damage":13,"enemies":"Exordium Thugs","floor":5,"turns":5},{"damage":0,"enemies":"Lots of Slimes","floor":8,"turns":2},{"damage":12,"enemies":"Lagavulin","floor":10,"turns":8},{"damage":0,"enemies":"Looter","floor":12,"turns":4},{"damage":33,"enemies":"Gremlin Nob","floor":13,"turns":6},{"damage":13,"enemies":"Large Slime","floor":14,"turns":5}],"seed_played":"-77951938579057703","potions_obtained":[{"floor":3,"key":"Weak Potion"},{"floor":5,"key":"Explosive Potion"},{"floor":8,"key":"Strength Potion"}],"is_trial":false,"path_per_floor":["M","M","M","M","M","R","?","M","T","E","$","M","E","M"],"character_chosen":"THE_SILENT","items_purchased":[],"campfire_rested":1,"item_purchase_floors":[],"current_hp_per_floor":[62,58,58,42,29,50,50,50,50,38,38,38,12,0],"gold":136,"neow_bonus":"THREE_RARE_CARDS","is_prod":false,"is_daily":false,"chose_seed":false,"campfire_upgraded":0,"win_rate":0,"timestamp":1559654916,"path_taken":["M","M","M","M","M","R","?","M","T","E","$","M","E","M"],"build_version":"2019-01-23","purchased_purges":1,"victory":false,"max_hp_per_floor":[70,70,70,70,70,70,70,70,70,70,70,70,77,77],"card_choices":[{"not_picked":["Unload","Adrenaline"],"picked":"Malaise","floor":0},{"not_picked":["Skewer","Dagger Throw"],"picked":"Sucker Punch","floor":1},{"not_picked":["Sucker Punch","Outmaneuver","Underhanded Strike"],"picked":"SKIP","floor":2},{"not_picked":["Skewer","Outmaneuver"],"picked":"PiercingWail","floor":3},{"not_picked":["Flying Knee","Quick Slash"],"picked":"Noxious Fumes","floor":4},{"not_picked":["Concentrate","Bane"],"picked":"Noxious Fumes","floor":5},{"not_picked":["Acrobatics","Dagger Spray"],"picked":"Heel Hook","floor":8},{"not_picked":["Slice","Prepared"],"picked":"Corpse Explosion","floor":10},{"not_picked":["Cloak And Dagger","Choke","Endless Agony"],"picked":"SKIP","floor":12},{"not_picked":["Outmaneuver","Well Laid Plans"],"picked":"Poisoned Stab","floor":13}],"player_experience":897544,"relics_obtained":[{"floor":9,"key":"Ancient Tea Set"},{"floor":10,"key":"Blue Candle"},{"floor":13,"key":"Strawberry"}],"event_choices":[{"damage_healed":0,"gold_gain":0,"player_choice":"Take Wound","damage_taken":0,"relics_obtained":["Golden Idol"],"max_hp_gain":0,"max_hp_loss":0,"event_name":"Golden Idol","floor":7,"gold_loss":0,"cards_obtained":["Injury"]}],"is_beta":false,"boss_relics":[],"items_purged_floors":[11],"is_endless":false,"potions_floor_spawned":[3,5,8],"killed_by":"Large Slime","ascension_level":9}