{"gold_per_floor":[119,294,311,311,329,363,381,352,352,352],"floor_reached":10,"playtime":163,"items_purged":[],"score":68,"play_id":"2bd79e14-bfbd-4041-b333-f9d42cc2ec33","local_time":"20190620182604","is_ascension_mode":false,"campfire_choices":[],"neow_cost":"NONE","seed_source_timestamp":566438885917079,"circlet_count":0,"master_deck":["Strike_B","Strike_B","Strike_B","Strike_B","Defend_B","Defend_B","Defend_B","Defend_B","Zap","Dualcast","Doubt","Coolheaded"],"relics":["Cracked Core","NeowsBlessing","Golden Idol","Shuriken","Pear"],"potions_floor_usage":[6,6],"damage_taken":[{"damage":0,"enemies":"2 Louse","floor":1,"turns":1},{"damage":0,"enemies":"Jaw Worm","floor":3,"turns":1},{"damage":0,"enemies":"Small Slimes","floor":5,"turns":1},{"damage":42,"enemies":"Lagavulin","floor":6,"turns":7},{"damage":10,"enemies":"2 Fungi Beasts","floor":7,"turns":4},{"damage":0,"enemies":"Gremlin Gang","floor":10,"turns":1}],"seed_played":"6324352611099380439","potions_obtained":[{"floor":1,"key":"LiquidBronze"},{"floor":3,"key":"Swift Potion"}],"is_trial":false,"path_per_floor":["M","?","M","?","M","E","M","?","T","M"],"character_chosen":"DEFECT","items_purchased":[],"campfire_rested":0,"item_purchase_floors":[],"current_hp_per_floor":[75,75,75,69,69,27,17,17,27,27],"gold":352,"neow_bonus":"THREE_ENEMY_KILL","is_prod":false,"is_daily":false,"chose_seed":false,"campfire_upgraded":0,"win_rate":0,"timestamp":1561047964,"path_taken":["M","?","M","?","?","E","M","?","T","M"],"build_version":"2019-01-23","purchased_purges":0,"victory":false,"max_hp_per_floor":[75,75,75,69,69,69,69,69,79,79],"card_choices":[{"not_picked":["Skim","Compile Driver","Loop"],"picked":"SKIP","floor":1},{"not_picked":["Barrage","Auto Shields","Streamline"],"picked":"SKIP","floor":3},{"not_picked":["Barrage","Stack"],"picked":"Coolheaded","floor":5},{"not_picked":["Melter","Stack","Reinforced Body"],"picked":"SKIP","floor":6},{"not_picked":["White Noise","Tempest","Leap"],"picked":"SKIP","floor":7}],"player_experience":292024,"relics_obtained":[{"floor":6,"key":"Shuriken"},{"floor":9,"key":"Pear"}],"event_choices":[{"damage_healed":0,"gold_gain":175,"player_choice":"AGREE","damage_taken":0,"max_hp_gain":0,"max_hp_loss":0,"event_name":"Liars Game","floor":2,"gold_loss":0,"cards_obtained":["Doubt"]},{"damage_healed":0,"gold_gain":0,"player_choice":"Lose Max HP","damage_taken":0,"relics_obtained":["Golden Idol"],"max_hp_gain":0,"max_hp_loss":6,"event_name":"Golden Idol","floor":4,"gold_loss":0},{"damage_healed":0,"gold_gain":0,"player_choice":"Left Gold","damage_taken":0,"max_hp_gain":0,"max_hp_loss":0,"event_name":"World of Goop","floor":8,"gold_loss":29}],"is_beta":false,"boss_relics":[],"items_purged_floors":[],"is_endless":false,"potions_floor_spawned":[1,3],"killed_by":"Gremlin Gang","ascension_level":0}