{"gold_per_floor":[110,29,44,58,58,58,90,90,90,108,108,126,146,176,176,280,280,292,292,232],"floor_reached":20,"playtime":1176,"items_purged":[],"score":246,"play_id":"ccb47c56-5d01-4475-8155-306069de9f99","local_time":"20190511133940","is_ascension_mode":true,"campfire_choices":[{"data":"Zap","floor":6,"key":"SMITH"},{"floor":8,"key":"REST"},{"floor":11,"key":"REST"},{"floor":15,"key":"REST"}],"neow_cost":"NONE","seed_source_timestamp":1103920736675961,"circlet_count":0,"master_deck":["Strike_B","Strike_B","Strike_B","Strike_B","Defend_B","Defend_B","Defend_B","Defend_B","Zap+1","Dualcast","Self Repair","Consume","Gash","Capacitor","Echo Form","White Noise","Glacier","All For One","Cold Snap"],"relics":["Cracked Core","Singing Bowl","Kunai","Omamori","Black Star"],"potions_floor_usage":[7,16,16,18],"damage_taken":[{"damage":0,"enemies":"Small Slimes","floor":1,"turns":2},{"damage":0,"enemies":"2 Louse","floor":3,"turns":1},{"damage":12,"enemies":"Jaw Worm","floor":4,"turns":3},{"damage":32,"enemies":"3 Sentries","floor":7,"turns":7},{"damage":36,"enemies":"Large Slime","floor":10,"turns":5},{"damage":11,"enemies":"2 Fungi Beasts","floor":12,"turns":3},{"damage":21,"enemies":"Exordium Wildlife","floor":13,"turns":6},{"damage":38,"enemies":"Lagavulin","floor":14,"turns":8},{"damage":38,"enemies":"The Guardian","floor":16,"turns":14},{"damage":29,"enemies":"Shell Parasite","floor":18,"turns":7},{"damage":39,"enemies":"Colosseum Slavers","floor":19,"turns":8},{"damage":37,"enemies":"2 Thieves","floor":20,"turns":2}],"seed_played":"2378645882438422666","potions_obtained":[{"floor":1,"key":"Dexterity Potion"},{"floor":3,"key":"Dexterity Potion"},{"floor":13,"key":"FearPotion"},{"floor":14,"key":"EssenceOfSteel"},{"floor":16,"key":"PowerPotion"}],"is_trial":false,"path_per_floor":["M","$","M","M","?","R","E","R","T","M","R","M","M","E","R","B",null,"M","?","M"],"character_chosen":"DEFECT","items_purchased":["Consume"],"campfire_rested":3,"item_purchase_floors":[2],"current_hp_per_floor":[82,82,82,77,82,82,57,83,83,54,80,76,64,35,62,31,91,62,30,0],"gold":232,"neow_bonus":"TEN_PERCENT_HP_BONUS","is_prod":false,"is_daily":false,"chose_seed":false,"campfire_upgraded":1,"win_rate":0,"timestamp":1557607180,"path_taken":["M","$","M","M","?","R","E","R","T","M","R","M","M","E","R","BOSS","M","?","M"],"build_version":"2019-01-23","purchased_purges":0,"victory":false,"max_hp_per_floor":[82,82,82,82,87,87,87,87,87,87,87,87,89,91,91,91,91,91,91,91],"card_choices":[{"not_picked":["Beam Cell","Storm"],"picked":"Self Repair","floor":1},{"not_picked":["Hologram","Sunder"],"picked":"Gash","floor":3},{"not_picked":["BootSequence","Barrage"],"picked":"Capacitor","floor":4},{"not_picked":["Gash","Ball Lightning"],"picked":"Echo Form","floor":7},{"not_picked":["Rebound","Go for the Eyes"],"picked":"White Noise","floor":10},{"not_picked":["Reprogram","Ball Lightning"],"picked":"Glacier","floor":12},{"not_picked":["Cold Snap","Barrage","Go for the Eyes"],"picked":"Singing Bowl","floor":13},{"not_picked":["Compile Driver","Double Energy","Barrage"],"picked":"Singing Bowl","floor":14},{"not_picked":["Thunder Strike","Hyperbeam"],"picked":"All For One","floor":16},{"not_picked":["Leap","Stack"],"picked":"Cold Snap","floor":18}],"player_experience":742040,"relics_obtained":[{"floor":7,"key":"Singing Bowl"},{"floor":9,"key":"Kunai"},{"floor":14,"key":"Omamori"}],"event_choices":[{"damage_healed":0,"gold_gain":0,"player_choice":"Donut","damage_taken":0,"max_hp_gain":5,"max_hp_loss":0,"event_name":"Big Fish","floor":5,"gold_loss":0},{"damage_healed":0,"gold_gain":0,"player_choice":"Fight","damage_taken":0,"max_hp_gain":0,"max_hp_loss":0,"event_name":"Colosseum","floor":19,"gold_loss":0},{"damage_healed":0,"gold_gain":0,"player_choice":"Fled From Nobs","damage_taken":0,"max_hp_gain":0,"max_hp_loss":0,"event_name":"Colosseum","floor":19,"gold_loss":0}],"is_beta":false,"boss_relics":[{"not_picked":["Runic Dome","Empty Cage"],"picked":"Black Star"}],"items_purged_floors":[],"is_endless":false,"potions_floor_spawned":[1,3,13,14,16],"killed_by":"2 Thieves","ascension_level":4}