{"gold_per_floor":[114,55,55,55,69,94,94,128,128,147,161,172,202,202,202,276,276,294,294,306,324,19,51,68,68,95,95],"floor_reached":27,"playtime":1234,"items_purged":[],"score":528,"play_id":"94b12ef5-35ae-4ab2-a2d7-0b87d6e6f51d","local_time":"20190327210847","is_ascension_mode":true,"campfire_choices":[{"data":"Neutralize","floor":7,"key":"SMITH"},{"data":"Caltrops","floor":15,"key":"SMITH"},{"data":"Wraith Form v2","floor":25,"key":"SMITH"}],"neow_cost":"NONE","seed_source_timestamp":19361001979188,"circlet_count":0,"master_deck":["AscendersBane","Defend_G","Defend_G","Defend_G","Defend_G","Defend_G","Strike_G+1","Strike_G","Strike_G","Strike_G","Survivor","Neutralize+1","Deadly Poison","Sucker Punch+1","Riddle With Holes","Caltrops+1","Deadly Poison+1","Wraith Form v2+1","Backflip+1","Well Laid Plans","Crippling Poison+1"],"relics":["Ring of the Snake","NeowsBlessing","Meat on the Bone","Bag of Preparation","Toxic Egg 2","Lantern","Velvet Choker","Sling","Mummified Hand","Blood Vial"],"potions_floor_usage":[8,12,13,27,27],"damage_taken":[{"damage":0,"enemies":"2 Louse","floor":1,"turns":1},{"damage":0,"enemies":"Small Slimes","floor":5,"turns":1},{"damage":0,"enemies":"3 Sentries","floor":6,"turns":1},{"damage":17,"enemies":"Lagavulin","floor":8,"turns":6},{"damage":1,"enemies":"Jaw Worm","floor":10,"turns":3},{"damage":1,"enemies":"Blue Slaver","floor":11,"turns":4},{"damage":13,"enemies":"Exordium Thugs","floor":12,"turns":5},{"damage":7,"enemies":"Gremlin Nob","floor":13,"turns":4},{"damage":17,"enemies":"Hexaghost","floor":16,"turns":8},{"damage":13,"enemies":"Chosen","floor":18,"turns":4},{"damage":8,"enemies":"2 Thieves","floor":20,"turns":4},{"damage":8,"enemies":"Snake Plant","floor":21,"turns":4},{"damage":19,"enemies":"Book of Stabbing","floor":23,"turns":5},{"damage":13,"enemies":"Shelled Parasite and Fungi","floor":24,"turns":4},{"damage":34,"enemies":"Cultist and Chosen","floor":27,"turns":5}],"seed_played":"-302161815893795461","potions_obtained":[{"floor":5,"key":"SteroidPotion"},{"floor":6,"key":"GhostInAJar"},{"floor":10,"key":"Block Potion"},{"floor":16,"key":"PowerPotion"},{"floor":23,"key":"Poison Potion"}],"is_trial":false,"path_per_floor":["M","$","?","?","M","E","R","E","T","M","M","M","E","T","R","B",null,"M","?","M","M","$","E","M","R","T","M"],"character_chosen":"THE_SILENT","items_purchased":["Sucker Punch","Sling","Well Laid Plans"],"campfire_rested":0,"item_purchase_floors":[2,22,22],"current_hp_per_floor":[59,59,59,39,39,39,39,34,34,45,44,43,36,36,36,31,57,44,44,36,40,40,33,32,32,32,0],"gold":95,"neow_bonus":"THREE_ENEMY_KILL","is_prod":false,"is_daily":false,"chose_seed":false,"campfire_upgraded":3,"win_rate":0,"timestamp":1553735327,"path_taken":["M","$","?","?","M","E","R","E","T","M","M","M","E","?","R","BOSS","M","?","M","M","?","E","M","R","T","M"],"build_version":"2019-01-23","purchased_purges":0,"victory":false,"max_hp_per_floor":[66,66,66,66,66,66,66,66,66,66,66,66,66,66,66,66,66,66,66,66,66,66,66,66,66,66,66],"card_choices":[{"not_picked":["Bane","Reflex"],"picked":"Deadly Poison","floor":1},{"not_picked":["Endless Agony","PiercingWail"],"picked":"Riddle With Holes","floor":5},{"not_picked":["Acrobatics","Backflip"],"picked":"Caltrops","floor":6},{"not_picked":["Endless Agony","Poisoned Stab","Outmaneuver"],"picked":"SKIP","floor":8},{"not_picked":["Dagger Spray","Quick Slash","Heel Hook"],"picked":"SKIP","floor":10},{"not_picked":["Escape Plan+1","Bane"],"picked":"Deadly Poison+1","floor":11},{"not_picked":["Finisher","Backstab","Quick Slash"],"picked":"SKIP","floor":12},{"not_picked":["Bouncing Flask+1","Distraction+1","Quick Slash"],"picked":"SKIP","floor":13},{"not_picked":["Phantasmal Killer+1","A Thousand Cuts"],"picked":"Wraith Form v2","floor":16},{"not_picked":["Predator","Poisoned Stab","Bane"],"picked":"SKIP","floor":18},{"not_picked":["Heel Hook","Bouncing Flask+1"],"picked":"Backflip+1","floor":20},{"not_picked":["Reflex+1","Finisher","Quick Slash"],"picked":"SKIP","floor":21},{"not_picked":["Escape Plan+1","Outmaneuver+1"],"picked":"Crippling Poison+1","floor":23},{"not_picked":["Blade Dance+1","Outmaneuver+1","All Out Attack"],"picked":"SKIP","floor":24}],"player_experience":593250,"relics_obtained":[{"floor":6,"key":"Meat on the Bone"},{"floor":8,"key":"Bag of Preparation"},{"floor":9,"key":"Toxic Egg 2"},{"floor":13,"key":"Lantern"},{"floor":23,"key":"Mummified Hand"},{"floor":26,"key":"Blood Vial"}],"event_choices":[{"damage_healed":0,"gold_gain":0,"player_choice":"Ignored","damage_taken":0,"max_hp_gain":0,"max_hp_loss":0,"event_name":"Golden Wing","floor":3,"gold_loss":0},{"damage_healed":0,"gold_gain":0,"player_choice":"Entered Light","damage_taken":20,"max_hp_gain":0,"max_hp_loss":0,"event_name":"Shining Light","floor":4,"gold_loss":0,"cards_upgraded":["Strike_G","Sucker Punch"]},{"cards_removed":["Strike_G"],"damage_healed":0,"gold_gain":0,"player_choice":"Offered Basic","damage_taken":0,"max_hp_gain":0,"max_hp_loss":0,"event_name":"Bonfire Elementals","floor":19,"gold_loss":0}],"is_beta":false,"boss_relics":[{"not_picked":["Busted Crown","WristBlade"],"picked":"Velvet Choker"}],"items_purged_floors":[],"is_endless":false,"potions_floor_spawned":[5,6,10,16,23,24],"killed_by":"Cultist and Chosen","ascension_level":18}