{"path_per_floor":["M","$","M","?","M","E","M","R","T","M","$","E","M","M","R","B",null,"M","M","?","M","$","R","E","?","T","?","M","R","M","M","R","B",null,"M","?","M","$","?","E","?","M","T","M","R","E","?"],"character_chosen":"THE_SILENT","items_purchased":["Bag of Marbles","Noxious Fumes","Noxious Fumes","Expertise","Backstab","Regen Potion","Block Potion","Dexterity Potion","Anchor","Footwork"],"gold_per_floor":[216,26,46,46,67,111,124,124,176,189,7,48,63,77,77,197,197,222,238,238,256,109,109,136,61,61,61,80,80,96,114,114,210,240,258,258,272,50,50,83,0,17,41,56,56,83,83],"floor_reached":48,"campfire_rested":6,"playtime":4784,"current_hp_per_floor":[70,70,70,53,53,34,31,52,52,52,52,34,34,34,55,39,70,64,48,48,21,21,42,40,40,40,40,37,58,57,56,70,24,75,68,59,52,52,75,58,58,35,40,21,43,6,6],"items_purged":[],"gold":83,"score":523,"play_id":"be1b7c64-01e5-41cc-82d6-8dd9161dd065","is_prod":false,"is_daily":false,"is_ascension_mode":true,"campfire_upgraded":0,"path_taken":["M","$","M","?","M","E","M","R","T","M","$","E","M","M","R","BOSS","M","M","?","M","$","R","E","?","T","?","M","R","M","M","R","BOSS","M","?","?","$","?","E","?","M","T","?","R","E","?","M"],"build_version":"2018-02-15-PROD1","purchased_purges":0,"victory":false,"master_deck":["Defend_G","Defend_G","Defend_G+1","Defend_G","Defend_G","Strike_G","Strike_G","Strike_G","Strike_G","Strike_G","Survivor","Neutralize","Flying Knee","Noxious Fumes","Outmaneuver","Tactician","Infinite Blades","Flying Knee","Backflip","Noxious Fumes","Expertise","Backstab","PiercingWail","Noxious Fumes","Catalyst","Prepared","Escape Plan","Dagger Throw","Deflect+1","Poisoned Stab+1","Backstab","Acrobatics","Die Die Die","Dagger Throw","Terror+1","Madness","Madness","Footwork","Footwork","Backflip+1","Accuracy+1","Well Laid Plans","Bouncing Flask+1","Calculated Gamble"],"max_hp_per_floor":[70,70,70,70,70,70,70,70,70,70,70,70,70,70,70,70,70,70,70,70,70,70,70,70,70,70,70,70,70,70,70,70,70,75,75,75,75,75,75,75,75,75,75,75,75,75,75],"relics":["Ring of the Snake","Bag of Marbles","Bloody Idol","Oddly Smooth Stone","Prayer Wheel","Bronze Scales","Lizard Tail","Ninja Scroll","Blue Candle","Tiny House","Anchor","Mercury Hourglass","Red Mask","Omamori","Ancient Tea Set"],"card_choices":[{"not_picked":["Bane","Poisoned Stab"],"picked":"Flying Knee"},{"not_picked":["PiercingWail","Cloak And Dagger"],"picked":"Outmaneuver"},{"not_picked":["Sucker Punch","Acrobatics"],"picked":"Tactician"},{"not_picked":["Cloak And Dagger","All Out Attack"],"picked":"Infinite Blades"},{"not_picked":["Dagger Throw","Malaise"],"picked":"Flying Knee"},{"not_picked":["Dodge and Roll","Eviscerate"],"picked":"Backflip"},{"not_picked":["Finisher","Cloak And Dagger"],"picked":"PiercingWail"},{"not_picked":["Acrobatics","Dodge and Roll"],"picked":"Noxious Fumes"},{"not_picked":["Sucker Punch","Bane"],"picked":"Catalyst"},{"not_picked":["Bullet Time","Phantasmal Killer"],"picked":"A Thousand Cuts"},{"not_picked":["Choke","Dodge and Roll"],"picked":"Prepared"},{"not_picked":["Dagger Throw","Cloak And Dagger"],"picked":"Escape Plan"},{"not_picked":["Deflect","Flying Knee"],"picked":"Skewer"},{"not_picked":["Underhanded Strike","Choke"],"picked":"Dagger Throw"},{"not_picked":["PiercingWail","Cloak And Dagger"],"picked":"Deflect"},{"not_picked":["Choke","Doppelganger"],"picked":"Poisoned Stab"},{"not_picked":["Slice","Acrobatics"],"picked":"Backstab"},{"not_picked":["Slice","Underhanded Strike"],"picked":"Acrobatics"},{"not_picked":["Storm of Steel","Night Terror"],"picked":"Die Die Die"},{"not_picked":["Eviscerate","Infinite Blades"],"picked":"Dagger Throw"},{"not_picked":["Dagger Throw","Choke"],"picked":"Terror"},{"not_picked":["Dagger Spray","Acrobatics"],"picked":"Footwork"},{"not_picked":["Glass Knife","Calculated Gamble"],"picked":"Backflip"},{"not_picked":["Deflect","Terror"],"picked":"Accuracy"},{"not_picked":["Acrobatics","Predator"],"picked":"Well Laid Plans"},{"not_picked":["Sucker Punch","Dodge and Roll"],"picked":"Bouncing Flask"},{"not_picked":["Cloak And Dagger","Dodge and Roll"],"picked":"Calculated Gamble"}],"player_experience":122940,"potions_floor_usage":[6,10,13,18,19,24,24,28,31,35,35,40,46],"damage_taken":[{"damage":0,"enemies":"2 Louse","floor":1,"turns":4},{"damage":0,"enemies":"Jaw Worm","floor":3,"turns":5},{"damage":0,"enemies":"Cultist","floor":5,"turns":4},{"damage":19,"enemies":"Lagavulin","floor":6,"turns":8},{"damage":3,"enemies":"Blue Slaver","floor":7,"turns":5},{"damage":0,"enemies":"Looter","floor":10,"turns":2},{"damage":18,"enemies":"Gremlin Nob","floor":12,"turns":4},{"damage":0,"enemies":"Red Slaver","floor":13,"turns":1},{"damage":0,"enemies":"2 Fungi Beasts","floor":14,"turns":3},{"damage":16,"enemies":"Hexaghost","floor":16,"turns":8},{"damage":6,"enemies":"Chosen","floor":18,"turns":6},{"damage":16,"enemies":"Spheric Guardian","floor":19,"turns":5},{"damage":32,"enemies":"Snake Plant","floor":21,"turns":5},{"damage":51,"enemies":"Book of Stabbing","floor":24,"turns":7},{"damage":8,"enemies":"Sentry and Sphere","floor":28,"turns":7},{"damage":6,"enemies":"3 Cultists","floor":30,"turns":5},{"damage":6,"enemies":"Slaver and Parasite","floor":31,"turns":4},{"damage":51,"enemies":"Champ","floor":33,"turns":11},{"damage":12,"enemies":"3 Darklings","floor":35,"turns":5},{"damage":12,"enemies":"Orb Walker","floor":37,"turns":4},{"damage":22,"enemies":"2 Orb Walkers","floor":40,"turns":4},{"damage":28,"enemies":"Maw","floor":42,"turns":8},{"damage":24,"enemies":"3 Darklings","floor":44,"turns":5},{"damage":42,"enemies":"Giant Head","floor":46,"turns":7},{"damage":12,"enemies":"Sphere and 2 Shapes","floor":48,"turns":2}],"event_choices":[{"event_name":"Golden Idol","player_choice":"Take Damage","floor":4,"damage_taken":0},{"event_name":"Forgotten Altar","player_choice":"Gave Idol","floor":20,"damage_taken":0},{"event_name":"Beggar","player_choice":"Gave Gold","floor":25,"damage_taken":0},{"event_name":"Drug Dealer","player_choice":"Ignored","floor":27,"damage_taken":0},{"event_name":"Winding Halls","player_choice":"Embrace Madness","floor":36,"damage_taken":0},{"event_name":"Bonfire Elementals","player_choice":"UNCOMMON","floor":39,"damage_taken":0},{"event_name":"Tomb of Lord Red Mask","player_choice":"Paid","floor":41,"damage_taken":0},{"event_name":"Purifier","player_choice":"Skipped","floor":47,"damage_taken":0}],"boss_relics":[{"not_picked":["Cursed Key","Calling Bell"],"picked":"Lizard Tail"},{"not_picked":["Orrery","White Beast Statue"],"picked":"Tiny House"}],"potions_floor_spawned":[3,5,7,16,18,30,33,37,44],"seed_played":"3280256485367207854","killed_by":"Sphere and 2 Shapes","ascension_level":1,"is_trial":false}