{"gold_per_floor":[111,286,303,303,25,25,54,67,91,91,103,119,119,139,139,237,237,255,28,48,67,29,29,54,71,71,82,95,107,107,125,125,125],"floor_reached":33,"playtime":2392,"items_purged":[],"score":298,"play_id":"d9539d70-33be-4a7d-8563-50e14cfaf824","local_time":"20190405070751","is_ascension_mode":true,"campfire_choices":[{"data":"Cleave","floor":6.0,"key":"SMITH"},{"floor":15.0,"key":"REST"},{"data":"Inflame","floor":23.0,"key":"SMITH"},{"floor":30.0,"key":"REST"},{"floor":32.0,"key":"REST"}],"neow_cost":"NONE","seed_source_timestamp":0,"circlet_count":0,"master_deck":["Strike_R","Strike_R","Strike_R","Strike_R","Defend_R","Defend_R","Defend_R","Defend_R","Panacea","Sentinel","Cleave+1","True Grit","Anger","Seeing Red","Spot Weakness","Uppercut","Shrug It Off","Cleave","Double Tap","Parasite","Reckless Charge+1","Seeing Red+1","Shrug It Off","Body Slam","Infernal Blade+1","True Grit+1","Inflame+1","Shockwave+1","Feed","Shrug It Off","Clothesline","Anger"],"special_seed":0,"relics":["Burning Blood","Bronze Scales","ClockworkSouvenir","Nunchaku","Blood Vial","Odd Mushroom","Astrolabe","MealTicket","Juzu Bracelet","Dodecahedron"],"potions_floor_usage":[],"damage_taken":[{"damage":0.0,"enemies":"2 Louse","floor":1.0,"turns":2.0},{"damage":13.0,"enemies":"Small Slimes","floor":3.0,"turns":4.0},{"damage":23.0,"enemies":"3 Sentries","floor":7.0,"turns":6.0},{"damage":0.0,"enemies":"Jaw Worm","floor":8.0,"turns":3.0},{"damage":10.0,"enemies":"2 Fungi Beasts","floor":11.0,"turns":3.0},{"damage":8.0,"enemies":"3 Louse","floor":12.0,"turns":3.0},{"damage":12.0,"enemies":"The Mushroom Lair","floor":14.0,"turns":3.0},{"damage":57.0,"enemies":"Slime Boss","floor":16.0,"turns":14.0},{"damage":28.0,"enemies":"Spheric Guardian","floor":18.0,"turns":3.0},{"damage":5.0,"enemies":"Chosen","floor":20.0,"turns":6.0},{"damage":12.0,"enemies":"Shelled Parasite and Fungi","floor":21.0,"turns":3.0},{"damage":49.0,"enemies":"Gremlin Leader","floor":24.0,"turns":7.0},{"damage":20.0,"enemies":"Snake Plant","floor":25.0,"turns":2.0},{"damage":9.0,"enemies":"Centurion and Healer","floor":27.0,"turns":4.0},{"damage":9.0,"enemies":"Snecko","floor":28.0,"turns":5.0},{"damage":15.0,"enemies":"Shelled Parasite and Fungi","floor":29.0,"turns":4.0},{"damage":31.0,"enemies":"Centurion and Healer","floor":31.0,"turns":5.0},{"damage":69,"enemies":"Collector","floor":33,"turns":10}],"seed_played":"-8984871290564878194","potions_obtained":[{"floor":3.0,"key":"Dexterity Potion"},{"floor":8.0,"key":"AttackPotion"},{"floor":12.0,"key":"Fire Potion"},{"floor":18.0,"key":"Regen Potion"},{"floor":25.0,"key":"Explosive Potion"},{"floor":28.0,"key":"Regen Potion"},{"floor":29.0,"key":"AttackPotion"}],"is_trial":false,"path_per_floor":["M","?","M","?","$","R","E","M","T","$","M","M","$","?","R","B",null,"M","$","M","M","$","R","E","M","T","M","M","M","R","M","R","B"],"character_chosen":"IRONCLAD","items_purchased":["ClockworkSouvenir","True Grit","Anger","MealTicket","Body Slam","Inflame"],"campfire_rested":3,"item_purchase_floors":[5,5,5,19,19,22],"current_hp_per_floor":[80,80,73,61,61,61,44,50,50,50,48,48,48,44,68,19,80,58,58,61,57,72,72,31,28,28,27,26,34,58,35,59,0],"gold":125,"neow_bonus":"RANDOM_COLORLESS","is_prod":false,"is_daily":false,"chose_seed":false,"campfire_upgraded":2,"win_rate":0,"timestamp":1554440871,"path_taken":["M","?","M","?","$","R","E","M","T","$","M","M","$","?","R","BOSS","M","$","M","M","$","R","E","M","T","M","M","M","R","M","R","BOSS"],"build_version":"2019-01-23","purchased_purges":0,"victory":false,"max_hp_per_floor":[80,80,80,80,80,80,80,80,80,80,80,80,80,80,80,80,80,80,80,80,80,80,80,80,80,80,80,80,83,83,83,83,83],"card_choices":[{"not_picked":["Fire Breathing","Havoc"],"picked":"Sentinel","floor":1.0},{"not_picked":["Anger","Thunderclap"],"picked":"Cleave","floor":3.0},{"not_picked":["Flex","Twin Strike"],"picked":"Seeing Red","floor":7.0},{"not_picked":["Sever Soul","Heavy Blade"],"picked":"Spot Weakness","floor":8.0},{"not_picked":["Headbutt","Warcry"],"picked":"Uppercut","floor":11.0},{"not_picked":["Iron Wave","Disarm"],"picked":"Shrug It Off","floor":12.0},{"not_picked":["Exhume","Anger"],"picked":"Cleave","floor":14.0},{"not_picked":["Brutality","Dark Embrace"],"picked":"Double Tap","floor":16.0},{"not_picked":["Inflame","Headbutt"],"picked":"Shrug It Off","floor":18.0},{"not_picked":["Anger","Rampage+1"],"picked":"Infernal Blade+1","floor":20.0},{"not_picked":["Sword Boomerang","Sever Soul"],"picked":"True Grit+1","floor":21.0},{"not_picked":["Fire Breathing+1","Armaments"],"picked":"Shockwave+1","floor":24.0},{"not_picked":["Evolve","Dropkick"],"picked":"Feed","floor":25.0},{"not_picked":["Entrench+1","Heavy Blade"],"picked":"Shrug It Off","floor":27.0},{"not_picked":["Heavy Blade","Twin Strike+1"],"picked":"Clothesline","floor":28.0},{"not_picked":["Sword Boomerang+1","Heavy Blade"],"picked":"Anger","floor":29.0},{"not_picked":["Hemokinesis","Combust","Pummel"],"picked":"SKIP","floor":31.0}],"player_experience":87631,"relics_obtained":[{"floor":7.0,"key":"Nunchaku"},{"floor":9.0,"key":"Blood Vial"},{"floor":14.0,"key":"Odd Mushroom"},{"floor":24.0,"key":"Juzu Bracelet"},{"floor":26.0,"key":"Dodecahedron"}],"event_choices":[{"damage_healed":0.0,"max_hp_gain":0.0,"max_hp_loss":0.0,"gold_gain":175.0,"event_name":"Liars Game","player_choice":"AGREE","floor":2.0,"gold_loss":0.0,"damage_taken":0.0,"cards_obtained":["Doubt"]},{"damage_healed":0.0,"max_hp_gain":0.0,"max_hp_loss":0.0,"gold_gain":0.0,"event_name":"Scrap Ooze","player_choice":"Success","floor":4.0,"gold_loss":0.0,"damage_taken":12.0,"relics_obtained":["Bronze Scales"]},{"damage_healed":0.0,"max_hp_gain":0.0,"max_hp_loss":0.0,"gold_gain":0.0,"event_name":"Mushrooms","player_choice":"Fought Mushrooms","floor":14.0,"gold_loss":0.0,"damage_taken":0.0}],"is_beta":false,"boss_relics":[{"not_picked":["Velvet Choker","Calling Bell"],"picked":"Astrolabe"}],"items_purged_floors":[],"is_endless":false,"potions_floor_spawned":[3,8,12,18,21,25,28,29],"killed_by":"Collector","ascension_level":2}