{"gold_per_floor":[115,40,40,53,73,73,101,101,101,119,119,131,149,165,165,165],"floor_reached":16,"playtime":305,"items_purged":["Defend_R"],"score":94,"play_id":"0c0b688f-064b-49e0-b7b4-88737e8ed370","local_time":"20190418164511","is_ascension_mode":false,"campfire_choices":[{"data":"Madness","floor":6,"key":"SMITH"},{"data":"Flex","floor":8,"key":"SMITH"},{"data":"Heavy Blade","floor":15,"key":"SMITH"}],"neow_cost":"NONE","seed_source_timestamp":662474769471330,"circlet_count":0,"master_deck":["Strike_R","Strike_R","Strike_R","Strike_R","Strike_R","Defend_R","Defend_R","Bash","Madness+1","Thunderclap","Flex+1","Clash","Heavy Blade+1"],"relics":["Burning Blood","Odd Mushroom","Strawberry"],"potions_floor_usage":[16],"damage_taken":[{"damage":5,"enemies":"Small Slimes","floor":1,"turns":4},{"damage":5,"enemies":"2 Louse","floor":4,"turns":2},{"damage":11,"enemies":"Jaw Worm","floor":5,"turns":2},{"damage":29,"enemies":"The Mushroom Lair","floor":7,"turns":4},{"damage":6,"enemies":"Exordium Thugs","floor":10,"turns":3},{"damage":3,"enemies":"Large Slime","floor":12,"turns":4},{"damage":6,"enemies":"2 Fungi Beasts","floor":13,"turns":2},{"damage":10,"enemies":"Looter","floor":14,"turns":2},{"damage":65,"enemies":"Hexaghost","floor":16,"turns":8}],"seed_played":"-5905453064347800884","potions_obtained":[{"floor":4,"key":"Dexterity Potion"},{"floor":7,"key":"GamblersBrew"}],"is_trial":false,"path_per_floor":["M","$","?","M","M","R","?","R","T","M","?","M","M","M","R","B"],"character_chosen":"IRONCLAD","items_purchased":[],"campfire_rested":0,"item_purchase_floors":[],"current_hp_per_floor":[80,80,85,85,80,80,57,57,64,64,64,67,67,63,63,0],"gold":165,"neow_bonus":"RANDOM_COLORLESS","is_prod":false,"is_daily":false,"chose_seed":false,"campfire_upgraded":3,"win_rate":0,"timestamp":1555598711,"path_taken":["M","$","?","M","M","R","?","R","T","M","?","M","?","M","R","BOSS"],"build_version":"2019-01-23","purchased_purges":1,"victory":false,"max_hp_per_floor":[80,80,85,85,85,85,85,85,92,92,92,92,92,92,92,92],"card_choices":[{"not_picked":["Seeing Red","Uppercut","Feel No Pain"],"picked":"SKIP","floor":1},{"not_picked":["Pummel","Dual Wield"],"picked":"Thunderclap","floor":4},{"not_picked":["Wild Strike","Perfected Strike"],"picked":"Flex","floor":5},{"not_picked":["Combust","Armaments","Seeing Red"],"picked":"SKIP","floor":10},{"not_picked":["Perfected Strike","Ghostly Armor","Fire Breathing"],"picked":"SKIP","floor":12},{"not_picked":["Pummel","Body Slam"],"picked":"Heavy Blade","floor":13},{"not_picked":["Heavy Blade","Metallicize","Sword Boomerang"],"picked":"SKIP","floor":14}],"player_experience":122435,"relics_obtained":[{"floor":7,"key":"Odd Mushroom"},{"floor":9,"key":"Strawberry"}],"event_choices":[{"damage_healed":0,"gold_gain":0,"player_choice":"Donut","damage_taken":0,"max_hp_gain":5,"max_hp_loss":0,"event_name":"Big Fish","floor":3,"gold_loss":0},{"damage_healed":0,"gold_gain":0,"player_choice":"Fought Mushrooms","damage_taken":0,"max_hp_gain":0,"max_hp_loss":0,"event_name":"Mushrooms","floor":7,"gold_loss":0},{"damage_healed":0,"gold_gain":0,"cards_transformed":["Defend_R"],"player_choice":"Transformed","damage_taken":0,"max_hp_gain":0,"max_hp_loss":0,"event_name":"Transmorgrifier","floor":11,"gold_loss":0,"cards_obtained":["Clash"]}],"is_beta":false,"boss_relics":[],"items_purged_floors":[2],"is_endless":false,"potions_floor_spawned":[4,7],"killed_by":"Hexaghost","ascension_level":0}