{"gold_per_floor":[115,132,27,102,102,127,144,174,174,189,159,175,175,194,194,291,291,302,227,3,14,29,29,56,56],"floor_reached":25,"playtime":2460,"items_purged":["Strike_G"],"score":297,"play_id":"83edd787-b825-4498-9b50-b1bf430e8bb0","local_time":"20181210231120","is_ascension_mode":true,"campfire_choices":[{"data":"Footwork","floor":15.0,"key":"SMITH"},{"data":"Catalyst","floor":23,"key":"SMITH"}],"neow_cost":"NONE","seed_source_timestamp":0,"circlet_count":0,"master_deck":["Defend_G","Defend_G","Defend_G","Defend_G","Defend_G","Strike_G","Strike_G","Strike_G","Strike_G","Survivor","Neutralize","Footwork+1","Dodge and Roll","Noxious Fumes+1","Poisoned Stab","Dodge and Roll","Accuracy","Cloak And Dagger","Crippling Poison","Malaise","Noxious Fumes+1","Bouncing Flask","Backstab","Catalyst+1","Cloak And Dagger"],"special_seed":0,"relics":["Ring of the Snake","NeowsBlessing","Sundial","Meat on the Bone","Matryoshka","Frozen Egg 2","Bronze Scales"],"potions_floor_usage":[24,24,25],"damage_taken":[{"damage":0.0,"enemies":"2 Louse","floor":1.0,"turns":1.0},{"damage":0.0,"enemies":"Cultist","floor":2.0,"turns":1.0},{"damage":0.0,"enemies":"Lagavulin","floor":6.0,"turns":1.0},{"damage":0.0,"enemies":"Small Slimes","floor":7.0,"turns":4.0},{"damage":10.0,"enemies":"3 Sentries","floor":8.0,"turns":10.0},{"damage":14.0,"enemies":"Blue Slaver","floor":10.0,"turns":4.0},{"damage":1.0,"enemies":"Looter","floor":11.0,"turns":4.0},{"damage":7.0,"enemies":"Exordium Thugs","floor":12.0,"turns":7.0},{"damage":11.0,"enemies":"3 Louse","floor":14.0,"turns":5.0},{"damage":39.0,"enemies":"Slime Boss","floor":16.0,"turns":12.0},{"damage":8,"enemies":"Chosen","floor":18,"turns":6},{"damage":3,"enemies":"Spheric Guardian","floor":21,"turns":7},{"damage":26,"enemies":"Snake Plant","floor":22,"turns":5},{"damage":43,"enemies":"Gremlin Leader","floor":24,"turns":6},{"damage":19,"enemies":"3 Cultists","floor":25,"turns":3}],"seed_played":"6414443417420039321","potions_obtained":[{"floor":1.0,"key":"FearPotion"},{"floor":7.0,"key":"Swift Potion"},{"floor":12.0,"key":"Energy Potion"},{"floor":14.0,"key":"FearPotion"},{"floor":16.0,"key":"Ancient Potion"},{"floor":21,"key":"GhostInAJar"},{"floor":24,"key":"GamblersBrew"}],"is_trial":false,"path_per_floor":["M","M","$","?","?","E","M","E","T","M","M","M","?","M","R","B",null,"M","?","$","M","M","R","E","M"],"character_chosen":"THE_SILENT","items_purchased":["Noxious Fumes","Poisoned Stab","Noxious Fumes+1","Bouncing Flask"],"campfire_rested":0,"item_purchase_floors":[3,3,20,20],"current_hp_per_floor":[70,70,70,59,59,59,59,49,49,47,46,39,39,40,40,13,70,62,62,62,59,45,45,14,0],"gold":56,"neow_bonus":"THREE_ENEMY_KILL","is_prod":false,"is_daily":false,"chose_seed":false,"campfire_upgraded":2,"win_rate":0,"timestamp":1544512280,"path_taken":["M","M","$","?","?","E","M","E","T","?","?","M","?","M","R","BOSS","M","?","$","M","M","R","E","M"],"build_version":"2018-12-06","purchased_purges":1,"victory":false,"max_hp_per_floor":[70,70,70,70,70,70,70,70,70,70,70,70,70,70,70,70,70,70,70,70,70,70,70,70,70],"card_choices":[{"not_picked":["Slice","Backflip"],"picked":"Footwork","floor":1.0},{"not_picked":["Outmaneuver","Blade Dance"],"picked":"Dodge and Roll","floor":2.0},{"not_picked":["Flying Knee","Quick Slash"],"picked":"Dodge and Roll","floor":6.0},{"not_picked":["Sucker Punch","Dagger Spray","Riddle With Holes"],"picked":"SKIP","floor":7.0},{"not_picked":["Glass Knife","Dash"],"picked":"Accuracy","floor":8.0},{"not_picked":["Poisoned Stab","Flying Knee"],"picked":"Cloak And Dagger","floor":10.0},{"not_picked":["Dagger Spray","Concentrate","Poisoned Stab"],"picked":"SKIP","floor":11.0},{"not_picked":["Slice","Unload","Dagger Spray"],"picked":"SKIP","floor":12.0},{"not_picked":["All Out Attack","Bane"],"picked":"Crippling Poison","floor":14.0},{"not_picked":["Doppelganger","Phantasmal Killer"],"picked":"Malaise","floor":16.0},{"not_picked":["Outmaneuver","Acrobatics","Quick Slash"],"picked":"SKIP","floor":18},{"not_picked":["Underhanded Strike+1","Flying Knee"],"picked":"Backstab","floor":21},{"not_picked":["Slice","Prepared+1"],"picked":"Catalyst","floor":22},{"not_picked":["Quick Slash+1","Tactician"],"picked":"Cloak And Dagger","floor":24}],"player_experience":457753,"relics_obtained":[{"floor":6.0,"key":"Sundial"},{"floor":8.0,"key":"Meat on the Bone"},{"floor":9.0,"key":"Matryoshka"},{"floor":24,"key":"Bronze Scales"}],"event_choices":[{"damage_healed":0.0,"max_hp_gain":0.0,"max_hp_loss":0.0,"gold_gain":75.0,"event_name":"World of Goop","player_choice":"Gather Gold","floor":4.0,"gold_loss":0.0,"damage_taken":11.0},{"damage_healed":0.0,"max_hp_gain":0.0,"max_hp_loss":0.0,"gold_gain":0.0,"event_name":"Upgrade Shrine","player_choice":"Upgraded","floor":5.0,"gold_loss":0.0,"damage_taken":0.0,"cards_upgraded":["Noxious Fumes"]},{"damage_healed":0.0,"max_hp_gain":0.0,"max_hp_loss":0.0,"gold_gain":0.0,"event_name":"Big Fish","player_choice":"Box","floor":13.0,"gold_loss":0.0,"damage_taken":0.0,"relics_obtained":["Frozen Egg 2"],"cards_obtained":["Regret"]},{"cards_removed":["Regret"],"damage_healed":0,"gold_gain":0,"player_choice":"Gave Gold","damage_taken":0,"max_hp_gain":0,"max_hp_loss":0,"event_name":"Beggar","floor":19,"gold_loss":75}],"is_beta":false,"boss_relics":[{"not_picked":["Runic Dome","HoveringKite","Sozu"]}],"items_purged_floors":[20],"is_endless":false,"potions_floor_spawned":[1,7,12,14,16,21,24],"killed_by":"3 Cultists","ascension_level":3}