{"gold_per_floor":[16,191,211,5,0,32,32,42,67,97,109,167,185,200,200,302,302,312,328,428,443,91,118,118,118],"floor_reached":25,"playtime":1080,"items_purged":["Strike_B"],"score":368,"play_id":"d9ae23e1-2d94-44ca-96fa-8d7112b5dd59","local_time":"20190603110521","is_ascension_mode":true,"campfire_choices":[{"floor":7,"key":"REST"},{"floor":15,"key":"REST"},{"floor":24,"key":"REST"}],"neow_cost":"NO_GOLD","seed_source_timestamp":1394213316333174,"circlet_count":0,"master_deck":["Strike_B","Strike_B","Defend_B","Defend_B","Defend_B","Zap","Dualcast","Streamline","Doubt","Undo","Conserve Battery","Ball Lightning","Steam","Streamline","Electrodynamics","Ball Lightning","White Noise","Sunder","Static Discharge","Barrage"],"relics":["Cracked Core","Runic Capacitor","Art of War","DataDisk","Gremlin Horn","Philosopher\u0027s Stone","Vajra","Frozen Egg 2"],"potions_floor_usage":[6,16,16,21,23],"damage_taken":[{"damage":7,"enemies":"Jaw Worm","floor":1,"turns":3},{"damage":3,"enemies":"Small Slimes","floor":3,"turns":3},{"damage":38,"enemies":"3 Sentries","floor":6,"turns":9},{"damage":0,"enemies":"2 Louse","floor":8,"turns":2},{"damage":29,"enemies":"Gremlin Nob","floor":10,"turns":4},{"damage":0,"enemies":"Lots of Slimes","floor":11,"turns":2},{"damage":0,"enemies":"Exordium Thugs","floor":13,"turns":3},{"damage":1,"enemies":"Looter","floor":14,"turns":3},{"damage":0,"enemies":"Slime Boss","floor":16,"turns":7},{"damage":15,"enemies":"Spheric Guardian","floor":18,"turns":4},{"damage":0,"enemies":"3 Byrds","floor":19,"turns":3},{"damage":15,"enemies":"3 Cultists","floor":21,"turns":4},{"damage":24,"enemies":"Gremlin Leader","floor":23,"turns":6},{"damage":35,"enemies":"Slavers","floor":25,"turns":2}],"seed_played":"8025601239347577712","potions_obtained":[{"floor":3,"key":"EssenceOfSteel"},{"floor":6,"key":"Energy Potion"},{"floor":11,"key":"Fire Potion"},{"floor":16,"key":"SpeedPotion"},{"floor":18,"key":"SpeedPotion"}],"is_trial":false,"path_per_floor":["M","?","M","$","?","E","R","M","T","E","M","?","M","M","R","B",null,"M","M","?","M","$","E","R","E"],"character_chosen":"DEFECT","items_purchased":["Runic Capacitor","Static Discharge","Vajra","Barrage"],"campfire_rested":3,"item_purchase_floors":[4,22,22,22],"current_hp_per_floor":[61,61,58,58,58,20,42,42,42,13,13,13,13,12,34,34,65,50,50,50,35,35,11,33,0],"gold":118,"neow_bonus":"REMOVE_TWO","is_prod":false,"is_daily":false,"chose_seed":false,"campfire_upgraded":0,"win_rate":0,"timestamp":1559570721,"path_taken":["M","?","M","$","?","E","R","M","T","E","M","?","M","M","R","BOSS","M","M","?","?","$","E","R","E"],"build_version":"2019-01-23","purchased_purges":1,"victory":false,"max_hp_per_floor":[75,75,75,75,75,75,75,75,75,75,75,75,75,75,75,75,75,75,75,75,75,75,75,75,75],"card_choices":[{"not_picked":["Turbo","Stack"],"picked":"Streamline","floor":1},{"not_picked":["Go for the Eyes","Aggregate"],"picked":"Undo","floor":3},{"not_picked":["Stack","Blizzard"],"picked":"Conserve Battery","floor":6},{"not_picked":["Rebound","Creative AI"],"picked":"Ball Lightning","floor":8},{"not_picked":["Compile Driver","Hologram"],"picked":"Steam","floor":10},{"not_picked":["Auto Shields","Go for the Eyes"],"picked":"Streamline","floor":11},{"not_picked":["Auto Shields","Force Field","Gash"],"picked":"SKIP","floor":13},{"not_picked":["Redo","Steam","Turbo"],"picked":"SKIP","floor":14},{"not_picked":["All For One","Core Surge"],"picked":"Electrodynamics","floor":16},{"not_picked":["Rebound","Hologram"],"picked":"Ball Lightning","floor":18},{"not_picked":["Recycle+1","Rebound"],"picked":"White Noise","floor":19},{"not_picked":["White Noise","Leap"],"picked":"Sunder","floor":21},{"not_picked":["Conserve Battery","Genetic Algorithm","Redo"],"picked":"SKIP","floor":23}],"player_experience":884483,"relics_obtained":[{"floor":6,"key":"Art of War"},{"floor":9,"key":"DataDisk"},{"floor":10,"key":"Gremlin Horn"},{"floor":23,"key":"Frozen Egg 2"}],"event_choices":[{"damage_healed":0,"gold_gain":175,"player_choice":"AGREE","damage_taken":0,"max_hp_gain":0,"max_hp_loss":0,"event_name":"Liars Game","floor":2,"gold_loss":0,"cards_obtained":["Doubt"]},{"damage_healed":0,"gold_gain":0,"player_choice":"Left Gold","damage_taken":0,"max_hp_gain":0,"max_hp_loss":0,"event_name":"World of Goop","floor":5,"gold_loss":5},{"damage_healed":0,"gold_gain":58,"player_choice":"Gained Gold","damage_taken":0,"max_hp_gain":0,"max_hp_loss":0,"event_name":"Golden Wing","floor":12,"gold_loss":0},{"damage_healed":0,"gold_gain":100,"player_choice":"Pray","damage_taken":0,"max_hp_gain":0,"max_hp_loss":0,"event_name":"Golden Shrine","floor":20,"gold_loss":0}],"is_beta":false,"boss_relics":[{"not_picked":["Coffee Dripper","Eternal Feather"],"picked":"Philosopher\u0027s Stone"}],"items_purged_floors":[22],"is_endless":false,"potions_floor_spawned":[3,6,11,16,18],"killed_by":"Slavers","ascension_level":6}