{"gold_per_floor":[121,148,175,203,235,247,275,298,333,345,384,396,443,467,479,491],"floor_reached":16,"playtime":1103,"items_purged":[],"score":139,"play_id":"cbd6c30b-ae6a-4553-9bd4-5c71b215249e","local_time":"20190422083252","is_ascension_mode":true,"campfire_choices":[{"data":"Static Discharge","floor":6,"key":"SMITH"},{"floor":10,"key":"REST"},{"data":"Loop","floor":12,"key":"SMITH"},{"floor":15,"key":"REST"}],"neow_cost":"NONE","seed_source_timestamp":35103000715417,"circlet_count":0,"master_deck":["Strike_B","Strike_B","Strike_B","Strike_B","Defend_B","Defend_B","Defend_B","Defend_B","Zap","Dualcast","Static Discharge+1","Cold Snap","Reinforced Body","Blizzard","Electrodynamics","Coolheaded","Loop+1","Coolheaded"],"relics":["Cracked Core","MawBank","PreservedInsect","Unceasing Top","Dodecahedron"],"potions_floor_usage":[7,16],"damage_taken":[{"damage":2,"enemies":"2 Louse","floor":1,"turns":2},{"damage":9,"enemies":"Jaw Worm","floor":2,"turns":3},{"damage":4,"enemies":"Cultist","floor":3,"turns":4},{"damage":10,"enemies":"Looter","floor":4,"turns":3},{"damage":11,"enemies":"3 Louse","floor":5,"turns":4},{"damage":15,"enemies":"Large Slime","floor":7,"turns":3},{"damage":1,"enemies":"Blue Slaver","floor":8,"turns":5},{"damage":10,"enemies":"3 Sentries","floor":11,"turns":2},{"damage":13,"enemies":"Lagavulin","floor":13,"turns":6},{"damage":12,"enemies":"Exordium Thugs","floor":14,"turns":5},{"damage":47,"enemies":"The Guardian","floor":16,"turns":10}],"seed_played":"8318138998929548527","potions_obtained":[{"floor":1,"key":"Regen Potion"},{"floor":7,"key":"Poison Potion"},{"floor":11,"key":"Explosive Potion"}],"is_trial":false,"path_per_floor":["M","M","M","M","M","R","M","M","T","R","E","R","E","M","R","B"],"character_chosen":"DEFECT","items_purchased":[],"campfire_rested":2,"item_purchase_floors":[],"current_hp_per_floor":[73,64,60,50,39,39,33,32,32,54,44,44,31,19,41,0],"gold":491,"neow_bonus":"RANDOM_COMMON_RELIC","is_prod":false,"is_daily":false,"chose_seed":false,"campfire_upgraded":2,"win_rate":0,"timestamp":1555947172,"path_taken":["M","M","M","M","M","R","M","M","T","R","E","R","E","M","R","BOSS"],"build_version":"2019-01-23","purchased_purges":0,"victory":false,"max_hp_per_floor":[75,75,75,75,75,75,75,75,75,75,75,75,75,75,75,75],"card_choices":[{"not_picked":["Chaos","Cold Snap"],"picked":"Static Discharge","floor":1},{"not_picked":["Fusion","Gash"],"picked":"Cold Snap","floor":2},{"not_picked":["Recycle","Scrape"],"picked":"Reinforced Body","floor":3},{"not_picked":["Conserve Battery","Steam Power"],"picked":"Blizzard","floor":4},{"not_picked":["Conserve Battery","Beam Cell"],"picked":"Electrodynamics","floor":5},{"not_picked":["Chill","Sweeping Beam"],"picked":"Coolheaded","floor":7},{"not_picked":["Hello World","Beam Cell","Force Field"],"picked":"SKIP","floor":8},{"not_picked":["Sunder","Turbo"],"picked":"Loop","floor":11},{"not_picked":["Go for the Eyes","Streamline"],"picked":"Coolheaded","floor":13},{"not_picked":["Meteor Strike","Go for the Eyes","Rebound"],"picked":"SKIP","floor":14}],"player_experience":729960,"relics_obtained":[{"floor":9,"key":"PreservedInsect"},{"floor":11,"key":"Unceasing Top"},{"floor":13,"key":"Dodecahedron"}],"event_choices":[],"is_beta":false,"boss_relics":[],"items_purged_floors":[],"is_endless":false,"potions_floor_spawned":[1,7,11],"killed_by":"The Guardian","ascension_level":4}