{"gold_per_floor":[14,34,50,50,50,50,80,93,120,137,137,156,167,177,177,253,253,270,270,320,14,31,31],"floor_reached":23,"playtime":1091,"items_purged":["Writhe"],"score":371,"play_id":"18c72b90-f36f-4017-8152-1bea76bc63a9","local_time":"20190614062755","is_ascension_mode":true,"campfire_choices":[{"data":"Uppercut","floor":6,"key":"SMITH"},{"floor":11,"key":"REST"},{"data":"Armaments","floor":15,"key":"SMITH"}],"neow_cost":"NO_GOLD","seed_source_timestamp":2327950906946494,"circlet_count":0,"master_deck":["AscendersBane","Strike_R","Strike_R","Strike_R","Strike_R","Defend_R","Defend_R","Defend_R","Bash","Pummel","Rupture","Cleave","Uppercut+1","Inflame","True Grit","Armaments+1","Flame Barrier","Shrug It Off","Brutality","Metallicize","Combust"],"relics":["Black Blood","Bag of Preparation","Art of War","Red Skull","Singing Bowl","Omamori"],"potions_floor_usage":[16,16,23],"damage_taken":[{"damage":7,"enemies":"Cultist","floor":1,"turns":4},{"damage":9,"enemies":"Jaw Worm","floor":2,"turns":4},{"damage":11,"enemies":"Small Slimes","floor":3,"turns":4},{"damage":20,"enemies":"Lagavulin","floor":7,"turns":7},{"damage":0,"enemies":"Exordium Wildlife","floor":8,"turns":2},{"damage":35,"enemies":"Gremlin Gang","floor":10,"turns":3},{"damage":0,"enemies":"3 Louse","floor":12,"turns":2},{"damage":6,"enemies":"Red Slaver","floor":13,"turns":3},{"damage":9,"enemies":"Exordium Wildlife","floor":14,"turns":5},{"damage":29,"enemies":"Hexaghost","floor":16,"turns":12},{"damage":34,"enemies":"Spheric Guardian","floor":18,"turns":6},{"damage":0,"enemies":"3 Byrds","floor":22,"turns":4},{"damage":62,"enemies":"Gremlin Leader","floor":23,"turns":7}],"seed_played":"1601205926068962726","potions_obtained":[{"floor":2,"key":"Ancient Potion"},{"floor":8,"key":"BloodPotion"},{"floor":10,"key":"EssenceOfSteel"},{"floor":18,"key":"Strength Potion"}],"is_trial":false,"path_per_floor":["M","M","M","?","?","R","E","M","T","M","R","M","M","M","R","B",null,"M","?","?","$","M","E"],"character_chosen":"IRONCLAD","items_purchased":["Combust","Omamori"],"campfire_rested":1,"item_purchase_floors":[21,21],"current_hp_per_floor":[67,64,59,48,48,48,34,40,40,11,33,39,39,36,36,20,61,37,37,37,37,49,0],"gold":31,"neow_bonus":"TRANSFORM_TWO_CARDS","is_prod":false,"is_daily":false,"chose_seed":false,"campfire_upgraded":2,"win_rate":0,"timestamp":1560504475,"path_taken":["M","?","M","?","?","R","E","?","T","M","R","M","M","?","R","BOSS","M","?","?","$","M","E"],"build_version":"2019-01-23","purchased_purges":1,"victory":false,"max_hp_per_floor":[75,75,75,75,75,75,75,75,75,75,75,75,75,75,75,75,75,75,75,75,75,77,77],"card_choices":[{"not_picked":["Body Slam","Pommel Strike"],"picked":"Cleave","floor":1},{"not_picked":["Impervious","Shockwave"],"picked":"Uppercut","floor":2},{"not_picked":["Searing Blow","Flex"],"picked":"Inflame","floor":3},{"not_picked":["Perfected Strike","Havoc","Searing Blow"],"picked":"SKIP","floor":7},{"not_picked":["Uppercut","Intimidate","Headbutt"],"picked":"SKIP","floor":8},{"not_picked":["Warcry","Searing Blow"],"picked":"True Grit","floor":10},{"not_picked":["Sword Boomerang","Warcry"],"picked":"Armaments","floor":12},{"not_picked":["Clash","Entrench"],"picked":"Flame Barrier","floor":13},{"not_picked":["Sword Boomerang","Fire Breathing"],"picked":"Shrug It Off","floor":14},{"not_picked":["Berserk","Offering"],"picked":"Brutality","floor":16},{"not_picked":["Headbutt","Blood for Blood"],"picked":"Metallicize","floor":18},{"not_picked":["Perfected Strike","Feel No Pain","Anger"],"picked":"Singing Bowl","floor":22}],"player_experience":1029741,"relics_obtained":[{"floor":7,"key":"Art of War"},{"floor":9,"key":"Red Skull"}],"event_choices":[{"damage_healed":0,"gold_gain":0,"player_choice":"Success","damage_taken":11,"relics_obtained":["Bag of Preparation"],"max_hp_gain":0,"max_hp_loss":0,"event_name":"Scrap Ooze","floor":4,"gold_loss":0},{"damage_healed":0,"gold_gain":0,"player_choice":"Ignored","damage_taken":0,"max_hp_gain":0,"max_hp_loss":0,"event_name":"Liars Game","floor":5,"gold_loss":0},{"damage_healed":0,"gold_gain":0,"player_choice":"Opened","damage_taken":0,"relics_obtained":["Singing Bowl"],"max_hp_gain":0,"max_hp_loss":0,"event_name":"The Mausoleum","floor":19,"gold_loss":0,"cards_obtained":["Writhe"]},{"damage_healed":0,"gold_gain":50,"player_choice":"Stole From Cult","damage_taken":0,"max_hp_gain":0,"max_hp_loss":0,"event_name":"Nest","floor":20,"gold_loss":0}],"is_beta":false,"boss_relics":[{"not_picked":["Runic Pyramid","Sozu"],"picked":"Black Blood"}],"items_purged_floors":[21],"is_endless":false,"potions_floor_spawned":[2,8,10,14,18],"killed_by":"Gremlin Leader","ascension_level":18}