{"gold_per_floor":[99,50,66,66,66,94,94,105,151,151,163,183,183,194,194,194],"floor_reached":16,"playtime":257,"items_purged":[],"score":127,"play_id":"3f7fc1e7-50e9-4fa1-a1c0-768ae9371870","local_time":"20190414213635","is_ascension_mode":false,"campfire_choices":[{"data":"Shrug It Off","floor":15,"key":"SMITH"}],"neow_cost":"NONE","seed_source_timestamp":334409270105568,"circlet_count":0,"master_deck":["Strike_R","Strike_R","Strike_R","Strike_R+1","Strike_R","Defend_R","Defend_R","Defend_R+1","Defend_R","Bash","Shrug It Off+1","Iron Wave","Parasite"],"relics":["Burning Blood","NeowsBlessing","Red Skull","Anchor","Paper Frog"],"potions_floor_usage":[],"damage_taken":[{"damage":0,"enemies":"Cultist","floor":1,"turns":1},{"damage":0,"enemies":"Small Slimes","floor":3,"turns":1},{"damage":0,"enemies":"Gremlin Nob","floor":6,"turns":1},{"damage":3,"enemies":"Jaw Worm","floor":8,"turns":3},{"damage":5,"enemies":"2 Fungi Beasts","floor":11,"turns":3},{"damage":0,"enemies":"Exordium Wildlife","floor":12,"turns":3},{"damage":5,"enemies":"Looter","floor":14,"turns":3},{"damage":85,"enemies":"Hexaghost","floor":16,"turns":12}],"seed_played":"4343572165470627982","potions_obtained":[{"floor":6,"key":"Energy Potion"}],"is_trial":false,"path_per_floor":["M","$","M","?","$","E","?","M","T","?","M","M","?","M","R","B"],"character_chosen":"IRONCLAD","items_purchased":["Shrug It Off"],"campfire_rested":0,"item_purchase_floors":[2],"current_hp_per_floor":[80,80,80,80,80,80,64,67,67,64,65,71,80,80,80,0],"gold":194,"neow_bonus":"THREE_ENEMY_KILL","is_prod":false,"is_daily":false,"chose_seed":false,"campfire_upgraded":1,"win_rate":0,"timestamp":1555270595,"path_taken":["M","$","M","?","$","E","?","M","T","?","M","M","?","M","R","BOSS"],"build_version":"2019-01-23","purchased_purges":0,"victory":false,"max_hp_per_floor":[80,80,80,80,80,80,80,80,80,80,80,80,80,80,80,80],"card_choices":[{"not_picked":["Flex","Thunderclap","Shrug It Off"],"picked":"SKIP","floor":1},{"not_picked":["Twin Strike","Clothesline","Combust"],"picked":"SKIP","floor":3},{"not_picked":["Dark Embrace","Carnage","Combust"],"picked":"SKIP","floor":6},{"not_picked":["Heavy Blade","True Grit","Warcry"],"picked":"SKIP","floor":8},{"not_picked":["Twin Strike","Hemokinesis"],"picked":"Iron Wave","floor":11},{"not_picked":["Clothesline","Thunderclap","Carnage"],"picked":"SKIP","floor":12},{"not_picked":["Double Tap","Armaments","Rampage"],"picked":"SKIP","floor":14}],"player_experience":114183,"relics_obtained":[{"floor":6,"key":"Red Skull"},{"floor":9,"key":"Anchor"}],"event_choices":[{"damage_healed":0,"gold_gain":0,"player_choice":"Leave","damage_taken":0,"max_hp_gain":0,"max_hp_loss":0,"event_name":"The Cleric","floor":4,"gold_loss":0},{"damage_healed":0,"gold_gain":0,"player_choice":"Entered Light","damage_taken":16,"max_hp_gain":0,"max_hp_loss":0,"event_name":"Shining Light","floor":7,"gold_loss":0,"cards_upgraded":["Defend_R","Strike_R"]},{"damage_healed":0,"gold_gain":0,"player_choice":"Success","damage_taken":3,"relics_obtained":["Paper Frog"],"max_hp_gain":0,"max_hp_loss":0,"event_name":"Scrap Ooze","floor":10,"gold_loss":0},{"damage_healed":20,"gold_gain":0,"player_choice":"Healed and dodged fight","damage_taken":0,"max_hp_gain":0,"max_hp_loss":0,"event_name":"Mushrooms","floor":13,"gold_loss":0,"cards_obtained":["Parasite"]}],"is_beta":false,"boss_relics":[],"items_purged_floors":[],"is_endless":false,"potions_floor_spawned":[6],"killed_by":"Hexaghost","ascension_level":0}