{"gold_per_floor":[109,109,120,135,155,155,184,184,237,237,253,285,285,304,304,406,406,423,443,443,443,461,461],"floor_reached":23,"playtime":1123,"items_purged":[],"score":203,"play_id":"3e3fff0f-656a-4d3c-ad78-68d9a6351208","local_time":"20190330084618","is_ascension_mode":false,"campfire_choices":[{"floor":10.0,"key":"REST"},{"data":"Pummel","floor":13.0,"key":"SMITH"},{"floor":15.0,"key":"REST"}],"neow_cost":"NONE","seed_source_timestamp":894339775040766,"circlet_count":0,"master_deck":["Strike_R","Strike_R","Strike_R","Strike_R","Strike_R","Defend_R","Defend_R","Defend_R","Defend_R","Bash+1","Anger+1","Offering","Warcry","Pummel+1","Battle Trance","Havoc","Impervious","Whirlwind","Demon Form","Havoc+1","Pummel+1","Sword Boomerang+1"],"special_seed":0,"relics":["Burning Blood","Pear","Smiling Mask","Pantograph","Eternal Feather","MutagenicStrength"],"potions_floor_usage":[16,18,18,23],"damage_taken":[{"damage":1.0,"enemies":"Cultist","floor":1.0,"turns":3.0},{"damage":2.0,"enemies":"2 Louse","floor":3.0,"turns":3.0},{"damage":6.0,"enemies":"Small Slimes","floor":4.0,"turns":2.0},{"damage":10.0,"enemies":"Blue Slaver","floor":5.0,"turns":4.0},{"damage":32.0,"enemies":"Lagavulin","floor":7.0,"turns":7.0},{"damage":8.0,"enemies":"3 Louse","floor":11.0,"turns":4.0},{"damage":14.0,"enemies":"Gremlin Nob","floor":12.0,"turns":3.0},{"damage":11.0,"enemies":"Large Slime","floor":14.0,"turns":7.0},{"damage":59,"enemies":"Hexaghost","floor":16,"turns":9},{"damage":40,"enemies":"Chosen","floor":18,"turns":7},{"damage":40,"enemies":"3 Byrds","floor":19,"turns":7},{"damage":8,"enemies":"Snecko","floor":22,"turns":4},{"damage":28,"enemies":"Gremlin Leader","floor":23,"turns":3}],"seed_played":"6871733564976334360","potions_obtained":[{"floor":4.0,"key":"AttackPotion"},{"floor":12.0,"key":"Poison Potion"},{"floor":14.0,"key":"Weak Potion"},{"floor":16,"key":"Weak Potion"},{"floor":19,"key":"Fire Potion"}],"is_trial":false,"path_per_floor":["M","?","M","M","M","?","E","?","T","R","M","E","R","M","R","B",null,"M","M","?","?","M","E"],"character_chosen":"IRONCLAD","items_purchased":[],"campfire_rested":2,"item_purchase_floors":[],"current_hp_per_floor":[80,80,80,80,76,74,48,48,48,75,73,65,65,60,87,37,90,56,22,22,22,20,0],"gold":461,"neow_bonus":"UPGRADE_CARD","is_prod":false,"is_daily":false,"chose_seed":false,"campfire_upgraded":1,"win_rate":0,"timestamp":1553960778,"path_taken":["M","?","?","M","M","?","E","?","T","R","M","E","R","M","R","BOSS","M","M","?","?","M","E"],"build_version":"2019-01-23","purchased_purges":0,"victory":false,"max_hp_per_floor":[80,80,80,80,80,90,90,90,90,90,90,90,90,90,90,90,90,90,90,90,90,90,90],"card_choices":[{"not_picked":["Sword Boomerang","Entrench"],"picked":"Anger","floor":1.0},{"not_picked":["Blood for Blood","Warcry"],"picked":"Offering","floor":3.0},{"not_picked":["Clash","Intimidate"],"picked":"Warcry","floor":4.0},{"not_picked":["Sword Boomerang","Second Wind"],"picked":"Pummel","floor":5.0},{"not_picked":["Clash","Shrug It Off"],"picked":"Battle Trance","floor":7.0},{"not_picked":["Clothesline","Headbutt"],"picked":"Havoc","floor":11.0},{"not_picked":["Iron Wave","Whirlwind"],"picked":"Impervious","floor":12.0},{"not_picked":["Armaments","Burning Pact"],"picked":"Whirlwind","floor":14.0},{"not_picked":["Exhume","Double Tap"],"picked":"Demon Form","floor":16},{"not_picked":["Power Through","Headbutt+1"],"picked":"Havoc+1","floor":18},{"not_picked":["Wild Strike","Sword Boomerang+1"],"picked":"Pummel+1","floor":19},{"not_picked":["Wild Strike","Warcry"],"picked":"Sword Boomerang+1","floor":22}],"player_experience":655775,"relics_obtained":[{"floor":7.0,"key":"Smiling Mask"},{"floor":12.0,"key":"Pantograph"}],"event_choices":[{"damage_healed":0.0,"max_hp_gain":0.0,"max_hp_loss":0.0,"gold_gain":0.0,"event_name":"Upgrade Shrine","player_choice":"Upgraded","floor":2.0,"gold_loss":0.0,"damage_taken":0.0,"cards_upgraded":["Anger"]},{"damage_healed":0.0,"max_hp_gain":0.0,"max_hp_loss":0.0,"gold_gain":0.0,"event_name":"Scrap Ooze","player_choice":"Success","floor":6.0,"gold_loss":0.0,"damage_taken":12.0,"relics_obtained":["Pear"]},{"damage_healed":0.0,"max_hp_gain":0.0,"max_hp_loss":0.0,"gold_gain":0.0,"event_name":"Shining Light","player_choice":"Ignored","floor":8.0,"gold_loss":0.0,"damage_taken":0.0},{"damage_healed":0,"gold_gain":0,"player_choice":"Ignored","damage_taken":0,"max_hp_gain":0,"max_hp_loss":0,"event_name":"Vampires","floor":20,"gold_loss":0},{"damage_healed":0,"gold_gain":0,"player_choice":"Inject Mutagens","damage_taken":0,"relics_obtained":["MutagenicStrength"],"max_hp_gain":0,"max_hp_loss":0,"event_name":"Drug Dealer","floor":21,"gold_loss":0}],"is_beta":false,"boss_relics":[{"not_picked":["Velvet Choker","Calling Bell"],"picked":"Eternal Feather"}],"items_purged_floors":[],"is_endless":false,"potions_floor_spawned":[4,12,14,16,19],"killed_by":"Gremlin Leader","ascension_level":0}