{"gold_per_floor":[110,156,170,189,139,139,151,151,175,200,200,226,226,243,243,342,342,359,341,341,53,65,65,126,140,140,55,55,70,70,30,30,30],"floor_reached":33,"playtime":1203,"items_purged":["Strike_B","Strike_B"],"score":300,"play_id":"0b4a62b8-6852-4a1f-88c3-b6273a45d6eb","local_time":"20190420201201","is_ascension_mode":false,"campfire_choices":[{"data":"Zap","floor":6.0,"key":"SMITH"},{"data":"Dualcast","floor":8.0,"key":"SMITH"},{"floor":11.0,"key":"REST"},{"floor":15.0,"key":"REST"},{"floor":23.0,"key":"REST"},{"floor":30.0,"key":"REST"},{"floor":32.0,"key":"REST"}],"neow_cost":"NONE","seed_source_timestamp":0,"circlet_count":0,"master_deck":["Strike_B","Strike_B","Defend_B","Defend_B","Defend_B","Zap+1","Dualcast+1","Coolheaded+1","Sweeping Beam","Sweeping Beam+1"],"special_seed":0,"relics":["Cracked Core","Smiling Mask","Omamori","Mango","Pear","Cursed Key","Sundial","Tiny Chest","Unceasing Top","Bronze Scales"],"potions_floor_usage":[33,33],"damage_taken":[{"damage":6.0,"enemies":"Cultist","floor":1.0,"turns":3.0},{"damage":7.0,"enemies":"Small Slimes","floor":3.0,"turns":2.0},{"damage":7.0,"enemies":"2 Louse","floor":4.0,"turns":2.0},{"damage":3.0,"enemies":"Looter","floor":7.0,"turns":3.0},{"damage":13.0,"enemies":"3 Sentries","floor":10.0,"turns":9.0},{"damage":41.0,"enemies":"Gremlin Nob","floor":12.0,"turns":5.0},{"damage":8.0,"enemies":"Large Slime","floor":14.0,"turns":5.0},{"damage":31.0,"enemies":"The Guardian","floor":16.0,"turns":14.0},{"damage":5.0,"enemies":"Spheric Guardian","floor":18.0,"turns":4.0},{"damage":18.0,"enemies":"2 Thieves","floor":19.0,"turns":4.0},{"damage":18.0,"enemies":"Cultist and Chosen","floor":22.0,"turns":5.0},{"damage":67.0,"enemies":"Book of Stabbing","floor":24.0,"turns":7.0},{"damage":5.0,"enemies":"Snake Plant","floor":25.0,"turns":4.0},{"damage":5.0,"enemies":"3 Cultists","floor":29.0,"turns":3.0},{"damage":74,"enemies":"Champ","floor":33,"turns":11}],"seed_played":"1355969927939181396","potions_obtained":[{"floor":1.0,"key":"Energy Potion"},{"floor":10.0,"key":"Explosive Potion"},{"floor":14.0,"key":"SkillPotion"},{"floor":16.0,"key":"Poison Potion"},{"floor":22.0,"key":"Dexterity Potion"},{"floor":31.0,"key":"SteroidPotion"},{"floor":31.0,"key":"Ancient Potion"},{"floor":31.0,"key":"SteroidPotion"}],"is_trial":false,"path_per_floor":["M","T","M","M","$","R","M","R","T","E","R","E","?","M","R","B",null,"M","M","?","$","M","R","E","M","T","?","?","M","R","?","R","B"],"character_chosen":"DEFECT","items_purchased":["Sundial"],"campfire_rested":5,"item_purchase_floors":[21],"current_hp_per_floor":[69,69,62,55,55,55,52,52,52,53,79,48,48,40,69,38,99,94,76,76,76,58,87,20,15,15,15,15,10,39,39,68,0],"gold":30,"neow_bonus":"REMOVE_CARD","is_prod":false,"is_daily":false,"chose_seed":false,"campfire_upgraded":2,"win_rate":0,"timestamp":1555783921,"path_taken":["M","?","M","M","$","R","M","R","T","E","R","E","?","M","R","BOSS","M","M","?","$","M","R","E","?","T","?","?","M","R","?","R","BOSS"],"build_version":"2019-01-23","purchased_purges":2,"victory":false,"max_hp_per_floor":[75,75,75,75,75,75,75,75,75,89,89,99,99,99,99,99,99,99,99,99,99,99,99,99,99,99,99,99,99,99,99,99,99],"card_choices":[{"not_picked":["Scrape","Genetic Algorithm","Rebound"],"picked":"SKIP","floor":1.0},{"not_picked":["Hologram","Conserve Battery","Heatsinks"],"picked":"SKIP","floor":3.0},{"not_picked":["Genetic Algorithm","Gash"],"picked":"Coolheaded","floor":4.0},{"not_picked":["Cold Snap","Hello World","Gash"],"picked":"SKIP","floor":7.0},{"not_picked":["Multi-Cast","Steam Power"],"picked":"Sweeping Beam","floor":10.0},{"not_picked":["Multi-Cast","Reinforced Body","Aggregate"],"picked":"SKIP","floor":12.0},{"not_picked":["Gash","Darkness","Self Repair"],"picked":"SKIP","floor":14.0},{"not_picked":["Ball Lightning+1","Cold Snap","Beam Cell"],"picked":"SKIP","floor":18.0},{"not_picked":["Tempest","FTL","Heatsinks"],"picked":"SKIP","floor":19.0},{"not_picked":["Sunder","Redo+1"],"picked":"Sweeping Beam+1","floor":22.0},{"not_picked":["Blizzard","Multi-Cast","Hello World"],"picked":"SKIP","floor":24.0},{"not_picked":["Hologram","Turbo","Rebound"],"picked":"SKIP","floor":25.0},{"not_picked":["Compile Driver","Sweeping Beam","Hologram"],"picked":"SKIP","floor":29.0}],"player_experience":134147,"relics_obtained":[{"floor":2.0,"key":"Smiling Mask"},{"floor":9.0,"key":"Omamori"},{"floor":10.0,"key":"Mango"},{"floor":12.0,"key":"Pear"},{"floor":24.0,"key":"Tiny Chest"},{"floor":26.0,"key":"Unceasing Top"}],"event_choices":[{"damage_healed":0.0,"max_hp_gain":0.0,"max_hp_loss":0.0,"gold_gain":0.0,"event_name":"Liars Game","player_choice":"Ignored","floor":13.0,"gold_loss":0.0,"damage_taken":0.0},{"damage_healed":0.0,"max_hp_gain":0.0,"max_hp_loss":0.0,"gold_gain":0.0,"event_name":"Upgrade Shrine","player_choice":"Upgraded","floor":20.0,"gold_loss":0.0,"damage_taken":0.0,"cards_upgraded":["Coolheaded"]},{"damage_healed":0.0,"max_hp_gain":0.0,"max_hp_loss":0.0,"gold_gain":0.0,"event_name":"Addict","player_choice":"Obtained Relic","floor":27.0,"gold_loss":85.0,"damage_taken":0.0,"relics_obtained":["Bronze Scales"]},{"damage_healed":0.0,"max_hp_gain":0.0,"max_hp_loss":0.0,"gold_gain":0.0,"event_name":"Forgotten Altar","player_choice":"Smashed Altar","floor":28.0,"gold_loss":0.0,"damage_taken":0.0,"cards_obtained":["Decay"]},{"damage_healed":0.0,"max_hp_gain":0.0,"max_hp_loss":0.0,"gold_gain":0.0,"event_name":"The Woman in Blue","player_choice":"Bought 3 Potions","floor":31.0,"gold_loss":0.0,"damage_taken":0.0}],"is_beta":false,"boss_relics":[{"not_picked":["Ectoplasm","Fusion Hammer"],"picked":"Cursed Key"}],"items_purged_floors":[5,21],"is_endless":false,"potions_floor_spawned":[1,10,14,16,18,22],"killed_by":"Champ","ascension_level":0}