{"gold_per_floor":[112,124,138,148,73,101,101,135,135,135,164,176,176,208,208,287,287,307,307,59,73,90,104,104,104],"floor_reached":25,"playtime":1272,"items_purged":["Strike_R","Strike_R"],"score":443,"play_id":"a2cb0d81-3467-4238-a323-04709a7a5914","local_time":"20190523132809","is_ascension_mode":true,"campfire_choices":[{"data":"Whirlwind","floor":7,"key":"SMITH"},{"data":"Flex","floor":10,"key":"SMITH"},{"data":"Iron Wave","floor":13,"key":"SMITH"},{"floor":15,"key":"REST"},{"data":"Clothesline","floor":24,"key":"SMITH"}],"neow_cost":"NONE","seed_source_timestamp":452200792480719,"circlet_count":0,"master_deck":["AscendersBane","Strike_R","Strike_R","Strike_R+1","Defend_R","Defend_R","Defend_R","Defend_R","Bash+1","Flex+1","Twin Strike+1","Battle Trance","Pommel Strike","Whirlwind+1","Iron Wave+1","Limit Break","Warcry","Mayhem+1","Heavy Blade","Clothesline+1"],"relics":["Black Blood","Whetstone","WingedGreaves","Frozen Egg 2","Letter Opener","The Courier"],"potions_floor_usage":[6,8,16,18],"damage_taken":[{"damage":1,"enemies":"Cultist","floor":1,"turns":3},{"damage":14,"enemies":"2 Louse","floor":2,"turns":3},{"damage":7,"enemies":"Jaw Worm","floor":3,"turns":3},{"damage":2,"enemies":"2 Fungi Beasts","floor":4,"turns":3},{"damage":4,"enemies":"Gremlin Nob","floor":6,"turns":3},{"damage":20,"enemies":"3 Sentries","floor":8,"turns":5},{"damage":8,"enemies":"Gremlin Nob","floor":11,"turns":3},{"damage":1,"enemies":"Lots of Slimes","floor":12,"turns":2},{"damage":23,"enemies":"3 Sentries","floor":14,"turns":7},{"damage":46,"enemies":"Hexaghost","floor":16,"turns":10},{"damage":29,"enemies":"3 Byrds","floor":18,"turns":4},{"damage":21,"enemies":"2 Thieves","floor":21,"turns":3},{"damage":23,"enemies":"Centurion and Healer","floor":22,"turns":7},{"damage":13,"enemies":"3 Cultists","floor":23,"turns":4},{"damage":46,"enemies":"Chosen and Byrds","floor":25,"turns":7}],"seed_played":"6044560788929128018","potions_obtained":[{"floor":1,"key":"AttackPotion"},{"floor":4,"key":"Ancient Potion"},{"floor":6,"key":"Explosive Potion"},{"floor":14,"key":"Weak Potion"},{"floor":16,"key":"Weak Potion"},{"floor":18,"key":"FearPotion"},{"floor":21,"key":"LiquidBronze"}],"is_trial":false,"path_per_floor":["M","M","M","M","$","E","R","E","T","R","E","M","R","E","R","B",null,"M","?","$","M","M","M","R","M"],"character_chosen":"IRONCLAD","items_purchased":["Mayhem+1"],"campfire_rested":1,"item_purchase_floors":[20],"current_hp_per_floor":[73,65,64,68,68,70,70,56,56,56,54,59,59,42,64,24,62,43,58,58,47,34,31,31,0],"gold":104,"neow_bonus":"UPGRADE_CARD","is_prod":false,"is_daily":false,"chose_seed":false,"campfire_upgraded":4,"win_rate":0,"timestamp":1558628889,"path_taken":["M","?","?","M","?","E","R","E","T","R","E","?","R","E","R","BOSS","M","?","$","M","M","M","R","M"],"build_version":"2019-01-23","purchased_purges":2,"victory":false,"max_hp_per_floor":[75,75,75,75,75,75,75,75,75,75,75,75,75,75,75,75,75,75,75,75,75,75,75,75,75],"card_choices":[{"not_picked":["Carnage","Twin Strike"],"picked":"Flex","floor":1},{"not_picked":["True Grit","Headbutt"],"picked":"Twin Strike","floor":2},{"not_picked":["Carnage","Bloodletting"],"picked":"Battle Trance","floor":3},{"not_picked":["Sword Boomerang","Cleave"],"picked":"Pommel Strike","floor":4},{"not_picked":["Havoc","Rampage"],"picked":"Whirlwind","floor":6},{"not_picked":["Body Slam","Armaments","Barricade"],"picked":"SKIP","floor":8},{"not_picked":["Sever Soul","Corruption+1","Iron Wave"],"picked":"SKIP","floor":11},{"not_picked":["Sever Soul","Corruption+1"],"picked":"Iron Wave","floor":11},{"not_picked":["Perfected Strike","Clash","Cleave"],"picked":"SKIP","floor":12},{"not_picked":["Wild Strike","Havoc","Perfected Strike"],"picked":"SKIP","floor":14},{"not_picked":["Dark Embrace+1","Double Tap"],"picked":"Limit Break","floor":16},{"not_picked":["Entrench+1","Armaments"],"picked":"Warcry","floor":18},{"not_picked":["Armaments+1","Body Slam"],"picked":"Heavy Blade","floor":21},{"not_picked":["Flex","Shrug It Off","True Grit"],"picked":"SKIP","floor":22},{"not_picked":["Immolate","Havoc"],"picked":"Clothesline","floor":23}],"player_experience":778912,"relics_obtained":[{"floor":6,"key":"Whetstone"},{"floor":8,"key":"WingedGreaves"},{"floor":9,"key":"Frozen Egg 2"},{"floor":11,"key":"Letter Opener"},{"floor":14,"key":"The Courier"}],"event_choices":[{"damage_healed":15,"gold_gain":0,"player_choice":"Heal","damage_taken":0,"max_hp_gain":0,"max_hp_loss":0,"event_name":"The Library","floor":19,"gold_loss":0}],"is_beta":false,"boss_relics":[{"not_picked":["Empty Cage","Tiny House"],"picked":"Black Blood"}],"items_purged_floors":[5,20],"is_endless":false,"potions_floor_spawned":[1,4,6,14,16,18,21],"killed_by":"Chosen and Byrds","ascension_level":18}