{"gold_per_floor":[219,237,23,39,9,9,20,20,44,44,44,44],"floor_reached":12,"playtime":387,"items_purged":["Strike_G"],"score":68,"play_id":"3e19b040-776f-476b-94b1-598f318459ec","local_time":"20190612180132","is_ascension_mode":false,"campfire_choices":[{"data":"Venomology","floor":6,"key":"SMITH"},{"data":"Envenom","floor":8,"key":"SMITH"},{"data":"Noxious Fumes","floor":11,"key":"SMITH"}],"neow_cost":"NONE","seed_source_timestamp":2378626797859134,"circlet_count":0,"master_deck":["Defend_G","Defend_G","Defend_G","Defend_G","Defend_G","Strike_G","Strike_G","Strike_G","Strike_G","Survivor","Neutralize","Noxious Fumes+1","Envenom+1","Venomology+1","Blur","Neutralize"],"relics":["Ring of the Snake"],"potions_floor_usage":[4,5,12],"damage_taken":[{"damage":1,"enemies":"Cultist","floor":1,"turns":4},{"damage":4,"enemies":"Jaw Worm","floor":2,"turns":6},{"damage":18,"enemies":"2 Louse","floor":4,"turns":2},{"damage":1,"enemies":"Looter","floor":5,"turns":4},{"damage":4,"enemies":"3 Louse","floor":7,"turns":5},{"damage":43,"enemies":"Gremlin Nob","floor":12,"turns":5}],"seed_played":"-3242914395390543845","potions_obtained":[{"floor":1,"key":"Ancient Potion"}],"is_trial":false,"path_per_floor":["M","M","$","M","M","R","M","R","T","?","R","E"],"character_chosen":"THE_SILENT","items_purchased":["Venomology"],"campfire_rested":0,"item_purchase_floors":[3],"current_hp_per_floor":[69,65,65,47,46,46,42,42,42,42,42,0],"gold":44,"neow_bonus":"HUNDRED_GOLD","is_prod":false,"is_daily":false,"chose_seed":false,"campfire_upgraded":3,"win_rate":0,"timestamp":1560355292,"path_taken":["M","?","$","M","M","R","M","R","T","?","R","E"],"build_version":"2019-01-23","purchased_purges":1,"victory":false,"max_hp_per_floor":[70,70,70,70,70,70,70,70,70,70,70,70],"card_choices":[{"not_picked":["Distraction","Underhanded Strike"],"picked":"Noxious Fumes","floor":1},{"not_picked":["Flying Knee","Sucker Punch"],"picked":"Envenom","floor":2},{"not_picked":["Flying Knee","Prepared","Tactician"],"picked":"SKIP","floor":4},{"not_picked":["Riddle With Holes","Dagger Throw","Underhanded Strike"],"picked":"SKIP","floor":5},{"not_picked":["Underhanded Strike","Dagger Spray"],"picked":"Blur","floor":7}],"player_experience":263361,"relics_obtained":[],"event_choices":[{"damage_healed":0,"gold_gain":0,"player_choice":"1 cards matched","damage_taken":0,"max_hp_gain":0,"max_hp_loss":0,"event_name":"Match and Keep!","floor":10,"gold_loss":0,"cards_obtained":["Neutralize"]}],"is_beta":false,"boss_relics":[],"items_purged_floors":[3],"is_endless":false,"potions_floor_spawned":[1],"killed_by":"Gremlin Nob","ascension_level":0}