{"gold_per_floor":[117,133,133,85,95,95,115,142,217,217,230,243,258,270,270,270],"floor_reached":16,"playtime":425,"items_purged":[],"score":106,"play_id":"73796287-af3f-40cc-a79d-18cdbe8d6ad4","local_time":"20190411181756","is_ascension_mode":false,"campfire_choices":[{"data":"Shrug It Off","floor":6,"key":"SMITH"},{"floor":15,"key":"REST"}],"neow_cost":"NONE","seed_source_timestamp":63127529252052,"circlet_count":0,"master_deck":["Strike_R","Strike_R","Strike_R","Strike_R","Strike_R","Defend_R","Defend_R","Defend_R","Defend_R","Bash","Finesse","Cleave","Shrug It Off+1","Cleave","Metallicize","Reaper"],"relics":["Burning Blood","Charon\u0027s Ashes","Toxic Egg 2"],"potions_floor_usage":[8,8,16],"damage_taken":[{"damage":8,"enemies":"2 Louse","floor":1,"turns":3},{"damage":8,"enemies":"Cultist","floor":2,"turns":4},{"damage":6,"enemies":"Jaw Worm","floor":5,"turns":3},{"damage":10,"enemies":"2 Fungi Beasts","floor":7,"turns":3},{"damage":13,"enemies":"Lagavulin","floor":8,"turns":5},{"damage":0,"enemies":"Exordium Wildlife","floor":11,"turns":3},{"damage":9,"enemies":"Looter","floor":12,"turns":3},{"damage":5,"enemies":"2 Fungi Beasts","floor":13,"turns":3},{"damage":33,"enemies":"Exordium Wildlife","floor":14,"turns":5},{"damage":84,"enemies":"Hexaghost","floor":16,"turns":14}],"seed_played":"-6047165385209475315","potions_obtained":[{"floor":3,"key":"SneckoOil"},{"floor":3,"key":"Ancient Potion"},{"floor":3,"key":"Weak Potion"},{"floor":7,"key":"Fire Potion"},{"floor":12,"key":"Dexterity Potion"},{"floor":14,"key":"Fruit Juice"}],"is_trial":false,"path_per_floor":["M","M","?","$","M","R","M","E","T","?","M","M","M","M","R","B"],"character_chosen":"IRONCLAD","items_purchased":["Shrug It Off"],"campfire_rested":1,"item_purchase_floors":[4],"current_hp_per_floor":[78,76,76,76,76,76,72,65,65,65,71,68,69,46,70,0],"gold":270,"neow_bonus":"RANDOM_COLORLESS","is_prod":false,"is_daily":false,"chose_seed":false,"campfire_upgraded":1,"win_rate":0,"timestamp":1554999476,"path_taken":["M","M","?","$","?","R","M","E","T","?","M","M","M","M","R","BOSS"],"build_version":"2019-01-23","purchased_purges":0,"victory":false,"max_hp_per_floor":[80,80,80,80,80,80,80,80,80,80,80,80,80,80,80,85],"card_choices":[{"not_picked":["Thunderclap","Wild Strike","Sword Boomerang"],"picked":"SKIP","floor":1},{"not_picked":["Infernal Blade","Sever Soul"],"picked":"Cleave","floor":2},{"not_picked":["Perfected Strike","Sentinel","Anger"],"picked":"SKIP","floor":5},{"not_picked":["Wild Strike","Carnage"],"picked":"Cleave","floor":7},{"not_picked":["Searing Blow","Wild Strike","Flex"],"picked":"SKIP","floor":8},{"not_picked":["Perfected Strike","Iron Wave"],"picked":"Metallicize","floor":11},{"not_picked":["Ghostly Armor+1","Combust","Sword Boomerang"],"picked":"SKIP","floor":12},{"not_picked":["Cleave","Iron Wave"],"picked":"Reaper","floor":13},{"not_picked":["Spot Weakness+1","Clothesline","Hemokinesis"],"picked":"SKIP","floor":14}],"player_experience":110639,"relics_obtained":[{"floor":8,"key":"Charon\u0027s Ashes"},{"floor":9,"key":"Toxic Egg 2"}],"event_choices":[{"damage_healed":0,"gold_gain":0,"player_choice":"Got Potions","damage_taken":0,"max_hp_gain":0,"max_hp_loss":0,"event_name":"Lab","floor":3,"gold_loss":0},{"damage_healed":0,"gold_gain":0,"player_choice":"Searched \u00270\u0027 times","damage_taken":0,"max_hp_gain":0,"max_hp_loss":0,"event_name":"Dead Adventurer","floor":10,"gold_loss":0}],"is_beta":false,"boss_relics":[],"items_purged_floors":[],"is_endless":false,"potions_floor_spawned":[5,7,12,14],"killed_by":"Hexaghost","ascension_level":0}