{"path_per_floor":["M","M","M","?","M","?","M","$","T","M","?","M","?","M","R","B",null,"M","M","M","M","M","R","?","$","T","R","M","E","M","M","R"],"character_chosen":"IRONCLAD","items_purchased":["Flex","Fire Potion","Shrug It Off"],"gold_per_floor":[112,125,138,138,155,155,174,126,195,207,207,221,221,235,235,330,360,373,387,398,411,430,430,345,168,195,195,211,237,255,268,268],"floor_reached":33,"campfire_rested":3,"playtime":22033,"current_hp_per_floor":[80,80,80,73,78,78,75,75,85,90,90,90,95,87,87,12,100,100,86,69,25,21,51,51,51,51,96,89,44,36,30,75],"items_purged":["Strike_R"],"gold":268,"play_id":"9a19b56c-7049-4929-832f-4c0654f200c9","is_prod":false,"is_daily":false,"campfire_rituals":0,"campfire_upgraded":1,"is_hardmode":false,"path_taken":["M","M","M","?","M","?","?","$","T","M","?","M","?","M","R","BOSS","M","M","M","?","M","R","?","$","T","R","M","E","M","M","R","BOSS"],"build_version":"2018-01-18-PROD3","purchased_purges":1,"victory":false,"master_deck":["Strike_R","Strike_R","Strike_R","Strike_R","Defend_R","Defend_R","Defend_R","Defend_R","Bash","Pummel","Cleave","Clash","Offering","Dropkick","Flex","Iron Wave","Thunderclap","Headbutt","Bludgeon","Clothesline","Pommel Strike","Iron Wave","Pommel Strike","Flex","Shrug It Off","Whirlwind","Shrug It Off","Berserk","Seeing Red"],"max_hp_per_floor":[80,80,80,80,80,80,80,80,90,90,90,90,95,95,95,95,100,100,100,100,100,100,100,100,100,100,100,100,100,100,100,100],"relics":["Burning Blood","Mummified Hand","Pear","Tiny House","Happy Flower","Regal Pillow","Bird Faced Urn"],"campfire_meditates":0,"card_choices":[{"not_picked":["Body Slam","Rupture"],"picked":"Pummel"},{"not_picked":["Clash","Fire Breathing"],"picked":"Cleave"},{"not_picked":["Warcry","Perfected Strike"],"picked":"Clash"},{"not_picked":["Iron Wave","Perfected Strike"],"picked":"Offering"},{"not_picked":["Shrug It Off","Warcry"],"picked":"Dropkick"},{"not_picked":["Perfected Strike","Seeing Red"],"picked":"Iron Wave"},{"not_picked":["Armaments","Second Wind"],"picked":"Thunderclap"},{"not_picked":["Whirlwind","Flex"],"picked":"Headbutt"},{"not_picked":["Berserk","Feed"],"picked":"Bludgeon"},{"not_picked":["Disarm","Sword Boomerang"],"picked":"Clothesline"},{"not_picked":["Warcry","Fiend Fire"],"picked":"Pommel Strike"},{"not_picked":["Clothesline","Twin Strike"],"picked":"Iron Wave"},{"not_picked":["Intimidate","Iron Wave"],"picked":"Pommel Strike"},{"not_picked":["Thunderclap","Disarm"],"picked":"Flex"},{"not_picked":["Iron Wave","True Grit"],"picked":"Whirlwind"},{"not_picked":["Searing Blow","Body Slam"],"picked":"Shrug It Off"},{"not_picked":["Thunderclap","Armaments"],"picked":"Berserk"},{"not_picked":["Perfected Strike","Armaments"],"picked":"Seeing Red"}],"player_experience":0,"potions_floor_usage":[16,22,22,31,31,33,33],"damage_taken":[{"damage":1,"enemies":"2 Louse","floor":1,"turns":3},{"damage":3,"enemies":"Small Slimes","floor":2,"turns":4},{"damage":5,"enemies":"Cultist","floor":3,"turns":4},{"damage":1,"enemies":"Exordium Wildlife","floor":5,"turns":4},{"damage":9,"enemies":"Large Slime","floor":7,"turns":5},{"damage":1,"enemies":"2 Fungi Beasts","floor":10,"turns":3},{"damage":4,"enemies":"Gremlin Gang","floor":12,"turns":4},{"damage":14,"enemies":"Looter","floor":14,"turns":2},{"damage":81,"enemies":"The Guardian","floor":16,"turns":9},{"damage":4,"enemies":"Spheric Guardian","floor":18,"turns":3},{"damage":20,"enemies":"Chosen","floor":19,"turns":3},{"damage":23,"enemies":"Snecko","floor":20,"turns":5},{"damage":50,"enemies":"Slaver and Parasite","floor":21,"turns":6},{"damage":10,"enemies":"Centurion and Healer","floor":22,"turns":4},{"damage":13,"enemies":"Snake Plant","floor":28,"turns":4},{"damage":51,"enemies":"Slavers","floor":29,"turns":5},{"damage":14,"enemies":"Chosen and Byrds","floor":30,"turns":3},{"damage":12,"enemies":"Snecko","floor":31,"turns":5},{"damage":79,"enemies":"Champ","floor":33,"turns":11}],"event_choices":[{"event_name":"Scrap Ooze","player_choice":"success","floor":4,"damage_taken":7},{"event_name":"The Cleric","player_choice":"Leave","floor":6,"damage_taken":0},{"event_name":"Living Wall","player_choice":"Grow","floor":11,"damage_taken":0},{"event_name":"Big Fish","player_choice":"Donut","floor":13,"damage_taken":0},{"event_name":"Addict","player_choice":"Obtained Relic","floor":24,"damage_taken":0}],"boss_relics":[{"not_picked":["Runic Dome","Runic Cube"],"picked":"Tiny House"}],"potions_floor_spawned":[2,3,7,12,16,19,21,28,31],"seed_played":"7788919010735991773","killed_by":"Champ","is_trial":false}