{"gold_per_floor":[114,114,114,114,134,168,187,213,213,233,333,351,351,366,366,467,467,479,404,404,423,423,423],"floor_reached":23,"playtime":618,"items_purged":["Defend_R"],"score":226,"play_id":"e3e61f23-4c46-41bc-9c3f-0ebb92d358d3","local_time":"20190426071149","is_ascension_mode":false,"campfire_choices":[{"data":"Clash","floor":13.0,"key":"SMITH"},{"floor":15.0,"key":"REST"}],"neow_cost":"NONE","seed_source_timestamp":0,"circlet_count":0,"master_deck":["Strike_R+1","Strike_R","Strike_R","Strike_R","Strike_R","Defend_R","Defend_R","Defend_R","Bash+1","Clash+1","Shrug It Off"],"special_seed":0,"relics":["Burning Blood","NeowsBlessing","Oddly Smooth Stone","Pantograph","PreservedInsect","Philosopher\u0027s Stone"],"potions_floor_usage":[],"damage_taken":[{"damage":0.0,"enemies":"Cultist","floor":1.0,"turns":1.0},{"damage":0.0,"enemies":"2 Louse","floor":5.0,"turns":1.0},{"damage":0.0,"enemies":"Lagavulin","floor":6.0,"turns":1.0},{"damage":0.0,"enemies":"Small Slimes","floor":7.0,"turns":3.0},{"damage":26.0,"enemies":"Gremlin Nob","floor":8.0,"turns":4.0},{"damage":9.0,"enemies":"Red Slaver","floor":10.0,"turns":4.0},{"damage":10.0,"enemies":"Exordium Wildlife","floor":12.0,"turns":3.0},{"damage":6.0,"enemies":"2 Fungi Beasts","floor":14.0,"turns":2.0},{"damage":73.0,"enemies":"Slime Boss","floor":16.0,"turns":14.0},{"damage":19.0,"enemies":"Spheric Guardian","floor":18.0,"turns":4.0},{"damage":30.0,"enemies":"Colosseum Slavers","floor":20.0,"turns":4.0},{"damage":0,"enemies":"Chosen","floor":21,"turns":3},{"damage":19,"enemies":"Gremlin Leader","floor":23,"turns":4}],"seed_played":"-7826779484336033638","potions_obtained":[{"floor":1.0,"key":"Explosive Potion"},{"floor":7.0,"key":"Strength Potion"},{"floor":14.0,"key":"Swift Potion"},{"floor":16.0,"key":"Fire Potion"}],"is_trial":false,"path_per_floor":["M","?","?","?","M","E","M","E","T","M","?","M","R","M","R","B",null,"M","$","?","M","?","E"],"character_chosen":"IRONCLAD","items_purchased":[],"campfire_rested":1,"item_purchase_floors":[],"current_hp_per_floor":[80,64,69,61,67,73,79,59,59,56,56,52,52,52,77,18,85,72,72,48,54,54,35],"gold":423,"neow_bonus":"THREE_ENEMY_KILL","is_prod":false,"is_daily":false,"chose_seed":false,"campfire_upgraded":1,"win_rate":0,"timestamp":1556255509,"path_taken":["M","?","?","?","M","E","?","E","T","M","?","?","R","M","R","BOSS","M","$","?","M","?","E"],"build_version":"2019-01-23","purchased_purges":1,"victory":false,"max_hp_per_floor":[80,80,85,85,85,85,85,85,85,85,85,85,85,85,85,85,85,85,85,85,85,85,85],"card_choices":[{"not_picked":["Pummel","Clothesline","Body Slam"],"picked":"SKIP","floor":1.0},{"not_picked":["Anger","Havoc","Twin Strike"],"picked":"SKIP","floor":5.0},{"not_picked":["Perfected Strike","Infernal Blade","Dual Wield"],"picked":"SKIP","floor":6.0},{"not_picked":["Twin Strike","Impervious","Evolve"],"picked":"SKIP","floor":7.0},{"not_picked":["Heavy Blade","Rampage","Twin Strike"],"picked":"SKIP","floor":8.0},{"not_picked":["Sword Boomerang","Reckless Charge","Blood for Blood"],"picked":"SKIP","floor":10.0},{"not_picked":["Wild Strike","Heavy Blade"],"picked":"Clash","floor":12.0},{"not_picked":["Warcry","Dual Wield","Iron Wave"],"picked":"SKIP","floor":14.0},{"not_picked":["Flame Barrier","Intimidate","Iron Wave"],"picked":"SKIP","floor":18.0},{"not_picked":["Hemokinesis+1","Second Wind"],"picked":"Shrug It Off","floor":21}],"player_experience":148917,"relics_obtained":[{"floor":6.0,"key":"Oddly Smooth Stone"},{"floor":8.0,"key":"Pantograph"},{"floor":9.0,"key":"PreservedInsect"}],"event_choices":[{"damage_healed":0.0,"max_hp_gain":0.0,"max_hp_loss":0.0,"gold_gain":0.0,"event_name":"Shining Light","player_choice":"Entered Light","floor":2.0,"gold_loss":0.0,"damage_taken":16.0,"cards_upgraded":["Bash","Strike_R"]},{"damage_healed":0.0,"max_hp_gain":5.0,"max_hp_loss":0.0,"gold_gain":0.0,"event_name":"Big Fish","player_choice":"Donut","floor":3.0,"gold_loss":0.0,"damage_taken":0.0},{"damage_healed":0.0,"max_hp_gain":0.0,"max_hp_loss":0.0,"gold_gain":0.0,"event_name":"Wheel of Change","player_choice":"Damaged","floor":4.0,"gold_loss":0.0,"damage_taken":8.0},{"damage_healed":0.0,"max_hp_gain":0.0,"max_hp_loss":0.0,"gold_gain":100.0,"event_name":"Golden Shrine","player_choice":"Pray","floor":11.0,"gold_loss":0.0,"damage_taken":0.0},{"damage_healed":0.0,"max_hp_gain":0.0,"max_hp_loss":0.0,"gold_gain":0.0,"event_name":"Colosseum","player_choice":"Fight","floor":20.0,"gold_loss":0.0,"damage_taken":0.0},{"damage_healed":0.0,"max_hp_gain":0.0,"max_hp_loss":0.0,"gold_gain":0.0,"event_name":"Colosseum","player_choice":"Fled From Nobs","floor":20.0,"gold_loss":0.0,"damage_taken":0.0},{"damage_healed":0,"gold_gain":0,"player_choice":"Ignored","damage_taken":0,"max_hp_gain":0,"max_hp_loss":0,"event_name":"Ghosts","floor":22,"gold_loss":0}],"is_beta":false,"boss_relics":[{"not_picked":["Velvet Choker","Tiny House"],"picked":"Philosopher\u0027s Stone"}],"items_purged_floors":[19],"is_endless":false,"potions_floor_spawned":[1,7,14,16,20],"killed_by":"Gremlin Leader","ascension_level":0}