{"path_per_floor":["M","M","M","M","?","E","?","R","T","M","M","?","R","E","R","B",null,"M","$","?","M","M","R","E"],"character_chosen":"IRONCLAD","items_purchased":["Headbutt","Double Tap"],"gold_per_floor":[115,129,142,161,161,194,269,269,269,287,302,302,302,333,333,431,431,447,178,178,193,203,203,229],"floor_reached":25,"campfire_rested":3,"playtime":3198,"current_hp_per_floor":[80,73,75,78,78,59,48,72,72,78,80,87,87,69,87,44,87,46,46,46,13,19,55,11],"items_purged":["Regret"],"gold":229,"play_id":"4801f817-425b-4368-b1e3-ba9ee3571fa6","is_prod":false,"is_daily":false,"campfire_rituals":0,"campfire_upgraded":1,"is_hardmode":false,"path_taken":["M","M","M","M","?","E","?","R","T","M","M","?","R","E","R","BOSS","M","$","?","M","M","R","E","M"],"build_version":"2018-01-18-PROD4","purchased_purges":1,"victory":false,"master_deck":["Strike_R","Strike_R","Strike_R","Strike_R","Strike_R","Defend_R","Defend_R","Defend_R","Defend_R","Bash","Shockwave","Thunderclap","Iron Wave","Sever Soul","Impervious","Flame Barrier","Dark Shackles","Searing Blow","Combust","Clothesline","Reaper","Feed","Clash","Headbutt","Double Tap","Decay","Rampage","Shrug It Off","Pommel Strike"],"max_hp_per_floor":[80,80,80,80,80,80,80,80,80,80,80,87,87,87,87,87,87,87,87,87,87,87,87,90],"relics":["Burning Blood","Happy Flower","Calipers","Strawberry","Centennial Puzzle","Eternal Feather","Shuriken"],"campfire_meditates":0,"card_choices":[{"not_picked":["Flame Barrier","Armaments"],"picked":"Shockwave"},{"not_picked":["Reckless Charge","Warcry"],"picked":"Thunderclap"},{"not_picked":["Inflame","Hemokinesis"],"picked":"Iron Wave"},{"not_picked":["Spot Weakness","Flex"],"picked":"Sever Soul"},{"not_picked":["Reckless Charge","Power Through"],"picked":"Searing Blow"},{"not_picked":["Anger","Reckless Charge"],"picked":"Combust"},{"not_picked":["True Grit","Metallicize"],"picked":"Clothesline"},{"not_picked":["Pummel","Iron Wave"],"picked":"Reaper"},{"not_picked":["Fiend Fire","Barricade"],"picked":"Feed"},{"not_picked":["True Grit","Cleave"],"picked":"Clash"},{"not_picked":["Cleave","Warcry"],"picked":"Rampage"},{"not_picked":["Hemokinesis","Dual Wield"],"picked":"Shrug It Off"},{"not_picked":["Heavy Blade","Second Wind"],"picked":"Pommel Strike"}],"player_experience":36860,"potions_floor_usage":[14,22,22],"damage_taken":[{"damage":1,"enemies":"Cultist","floor":1,"turns":4},{"damage":13,"enemies":"Blue Slaver","floor":2,"turns":3},{"damage":4,"enemies":"Jaw Worm","floor":3,"turns":5},{"damage":3,"enemies":"2 Fungi Beasts","floor":4,"turns":4},{"damage":25,"enemies":"3 Sentries","floor":6,"turns":9},{"damage":0,"enemies":"Exordium Wildlife","floor":10,"turns":5},{"damage":3,"enemies":"Red Slaver","floor":11,"turns":3},{"damage":24,"enemies":"Gremlin Nob","floor":14,"turns":5},{"damage":61,"enemies":"Slime Boss","floor":16,"turns":12},{"damage":47,"enemies":"Shell Parasite","floor":18,"turns":8},{"damage":39,"enemies":"Spheric Guardian","floor":21,"turns":7},{"damage":0,"enemies":"Snake Plant","floor":22,"turns":2},{"damage":71,"enemies":"Slavers","floor":24,"turns":7},{"damage":16,"enemies":"Snecko","floor":25,"turns":4}],"event_choices":[{"event_name":"Match and Keep!","player_choice":"3 cards matched","floor":5,"damage_taken":0},{"event_name":"World of Goop","player_choice":"Gather Gold","floor":7,"damage_taken":0},{"event_name":"Big Fish","player_choice":"Box","floor":12,"damage_taken":0},{"event_name":"Forgotten Altar","player_choice":"Smashed Altar","floor":20,"damage_taken":0}],"boss_relics":[{"not_picked":["Philosopher\u0027s Stone","Calling Bell"],"picked":"Eternal Feather"}],"potions_floor_spawned":[1,4,11,22,24],"seed_played":"1200810989273865955","killed_by":"Snecko","is_trial":false}