{"gold_per_floor":[119,135,135,145,145,145,171,182,182,83,183,211,226,239,239,336,336,354,354,354,374,299,299,327,339,339,339,339],"floor_reached":28,"playtime":1843,"items_purged":["Strike_B"],"score":421,"play_id":"b7530f00-6cfb-4275-bf95-23dc9e8aaa75","local_time":"20190609201550","is_ascension_mode":true,"campfire_choices":[{"data":"Zap","floor":6,"key":"SMITH"},{"data":"Machine Learning","floor":15,"key":"SMITH"},{"data":"Bite","floor":23,"key":"SMITH"},{"data":"Defragment","floor":27,"key":"SMITH"}],"neow_cost":"NONE","seed_source_timestamp":1944875353957047,"circlet_count":0,"master_deck":["Defend_B","Defend_B","Zap+1","Dualcast","Glacier","Streamline+1","Defragment+1","Ball Lightning","Ball Lightning","Machine Learning+1","Cold Snap","Biased Cognition","Defragment","Bite+1","Bite","Bite","Bite","Bite","Coolheaded","Heatsinks","FTL+1"],"relics":["Cracked Core","NeowsBlessing","Mummified Hand","Question Card","Matryoshka","Black Star","Meat on the Bone","Prayer Wheel","Bronze Scales","Boot","Smiling Mask"],"potions_floor_usage":[7,12,21,24,24],"damage_taken":[{"damage":0,"enemies":"2 Louse","floor":1,"turns":1},{"damage":0,"enemies":"Jaw Worm","floor":2,"turns":1},{"damage":0,"enemies":"Cultist","floor":4,"turns":1},{"damage":1,"enemies":"3 Sentries","floor":7,"turns":9},{"damage":9,"enemies":"Red Slaver","floor":8,"turns":3},{"damage":0,"enemies":"Lagavulin","floor":12,"turns":4},{"damage":0,"enemies":"Large Slime","floor":13,"turns":4},{"damage":2,"enemies":"3 Louse","floor":14,"turns":2},{"damage":4,"enemies":"The Guardian","floor":16,"turns":9},{"damage":7,"enemies":"Chosen","floor":18,"turns":3},{"damage":16,"enemies":"Shell Parasite","floor":21,"turns":5},{"damage":16,"enemies":"Book of Stabbing","floor":24,"turns":6},{"damage":5,"enemies":"Centurion and Healer","floor":25,"turns":9},{"damage":62,"enemies":"Gremlin Leader","floor":28,"turns":4}],"seed_played":"9155797115132110796","potions_obtained":[{"floor":2,"key":"PowerPotion"},{"floor":4,"key":"AttackPotion"},{"floor":12,"key":"AttackPotion"},{"floor":14,"key":"AttackPotion"},{"floor":16,"key":"AttackPotion"},{"floor":21,"key":"Dexterity Potion"}],"is_trial":false,"path_per_floor":["M","M","?","M","?","R","E","M","T","$","?","E","M","M","R","B",null,"M","?","?","M","?","R","E","M","T","R","E"],"character_chosen":"DEFECT","items_purchased":["Ball Lightning"],"campfire_rested":0,"item_purchase_floors":[10],"current_hp_per_floor":[68,68,61,61,61,61,60,51,51,51,51,51,51,49,49,45,68,61,52,52,40,40,40,37,52,52,52,0],"gold":339,"neow_bonus":"THREE_ENEMY_KILL","is_prod":false,"is_daily":false,"chose_seed":false,"campfire_upgraded":4,"win_rate":0,"timestamp":1560122150,"path_taken":["M","M","?","M","?","R","E","?","T","$","?","E","M","?","R","BOSS","M","?","?","?","?","R","E","M","T","R","E"],"build_version":"2019-01-23","purchased_purges":1,"victory":false,"max_hp_per_floor":[75,75,75,75,75,75,75,75,75,75,75,75,75,75,75,75,75,75,52,52,52,52,52,52,52,52,52,52],"card_choices":[{"not_picked":["Turbo","Rebound"],"picked":"Glacier","floor":1},{"not_picked":["Chill","Sweeping Beam"],"picked":"Streamline","floor":2},{"not_picked":["Redo","Hologram","Turbo"],"picked":"SKIP","floor":4},{"not_picked":["Turbo","Hyperbeam"],"picked":"Defragment","floor":7},{"not_picked":["Double Energy","Beam Cell","Steam"],"picked":"SKIP","floor":8},{"not_picked":["Redo","Cold Snap","Blizzard"],"picked":"Ball Lightning","floor":12},{"not_picked":["Leap","Beam Cell","Conserve Battery"],"picked":"Machine Learning","floor":13},{"not_picked":["BootSequence","Blizzard","Steam"],"picked":"Cold Snap","floor":14},{"not_picked":["Reboot","Fission","All For One"],"picked":"Biased Cognition","floor":16},{"not_picked":["Stack","Beam Cell","Conserve Battery+1"],"picked":"Defragment","floor":18},{"not_picked":["Streamline","Leap","Thunder Strike"],"picked":"Coolheaded","floor":21},{"not_picked":["Coolheaded","Redo","Leap"],"picked":"Heatsinks","floor":24},{"not_picked":["Coolheaded+1","Stack","Beam Cell"],"picked":"FTL+1","floor":25},{"not_picked":["Beam Cell","Coolheaded","Hologram","Darkness"],"picked":"SKIP","floor":25}],"player_experience":959848,"relics_obtained":[{"floor":7,"key":"Mummified Hand"},{"floor":9,"key":"Question Card"},{"floor":12,"key":"Matryoshka"},{"floor":24,"key":"Prayer Wheel"},{"floor":24,"key":"Bronze Scales"},{"floor":26,"key":"Boot"},{"floor":26,"key":"Smiling Mask"}],"event_choices":[{"cards_removed":["Defend_B"],"damage_healed":0,"gold_gain":0,"player_choice":"Card Removal","damage_taken":7,"max_hp_gain":0,"max_hp_loss":0,"event_name":"Golden Wing","floor":3,"gold_loss":0},{"damage_healed":0,"gold_gain":0,"player_choice":"Grow","damage_taken":0,"max_hp_gain":0,"max_hp_loss":0,"event_name":"Living Wall","floor":5,"gold_loss":0,"cards_upgraded":["Streamline"]},{"damage_healed":0,"gold_gain":100,"player_choice":"Gold","damage_taken":0,"max_hp_gain":0,"max_hp_loss":0,"event_name":"Wheel of Change","floor":11,"gold_loss":0},{"damage_healed":0,"gold_gain":0,"player_choice":"Became a vampire","damage_taken":0,"max_hp_gain":0,"max_hp_loss":23,"event_name":"Vampires","floor":19,"gold_loss":0,"cards_obtained":["Bite","Bite","Bite","Bite","Bite"]},{"damage_healed":0,"gold_gain":0,"player_choice":"Gave Potion","damage_taken":0,"relics_obtained":["Meat on the Bone"],"max_hp_gain":0,"max_hp_loss":0,"event_name":"WeMeetAgain","floor":20,"gold_loss":0},{"cards_removed":["Defend_B"],"damage_healed":0,"gold_gain":0,"player_choice":"Gave Gold","damage_taken":0,"max_hp_gain":0,"max_hp_loss":0,"event_name":"Beggar","floor":22,"gold_loss":75}],"is_beta":false,"boss_relics":[{"not_picked":["Lizard Tail","Eternal Feather"],"picked":"Black Star"}],"items_purged_floors":[10],"is_endless":false,"potions_floor_spawned":[2,4,12,14,16,21],"killed_by":"Gremlin Leader","ascension_level":9}