{"gold_per_floor":[114,114,114,40,58,88,108,108,133,83,83,158,36,51,51,152,152,164,254,265,278,48,48,71,85,139,162,201,227,239,271,283,392,404,430,460,382,405,417,429,112,112,139,239,258,258,258,275,275,275],"floor_reached":51,"playtime":2264,"items_purged":["Strike_G","Strike_G"],"score":747,"play_id":"06febf6c-5141-4e23-83df-6e706c56435e","local_time":"20190512194146","is_ascension_mode":false,"campfire_choices":[{"data":"Catalyst","floor":11.0,"key":"SMITH"},{"floor":15.0,"key":"REST"},{"floor":23.0,"key":"REST"},{"floor":32.0,"key":"REST"},{"data":"Adrenaline","floor":40.0,"key":"SMITH"},{"floor":42.0,"key":"REST"},{"data":"Deadly Poison","floor":47,"key":"SMITH"},{"floor":49,"key":"REST"}],"neow_cost":"NONE","seed_source_timestamp":0,"circlet_count":0,"master_deck":["Defend_G+1","Defend_G","Defend_G","Defend_G","Defend_G","Survivor","Neutralize","Cloak And Dagger+1","Bouncing Flask+1","Deadly Poison+1","Catalyst+1","Accuracy+1","Backflip","Deadly Poison","Adrenaline+1","Blade Dance+1","Blade Dance+1"],"special_seed":0,"relics":["Ring of the Serpent","NeowsBlessing","Bronze Scales","Sundial","Oddly Smooth Stone","Tiny Chest","WristBlade","Membership Card","Anchor","MawBank","Bag of Preparation","Incense Burner","Dodecahedron","Lantern","Ice Cream"],"potions_floor_usage":[50,50,50],"damage_taken":[{"damage":0.0,"enemies":"2 Louse","floor":1.0,"turns":1.0},{"damage":0.0,"enemies":"Cultist","floor":5.0,"turns":1.0},{"damage":0.0,"enemies":"3 Sentries","floor":6.0,"turns":1.0},{"damage":2.0,"enemies":"Jaw Worm","floor":7.0,"turns":2.0},{"damage":1.0,"enemies":"Blue Slaver","floor":14.0,"turns":3.0},{"damage":30.0,"enemies":"Hexaghost","floor":16.0,"turns":8.0},{"damage":0.0,"enemies":"Shell Parasite","floor":18.0,"turns":4.0},{"damage":0.0,"enemies":"Spheric Guardian","floor":20.0,"turns":5.0},{"damage":0.0,"enemies":"Centurion and Healer","floor":21.0,"turns":6.0},{"damage":12.0,"enemies":"Sentry and Sphere","floor":25.0,"turns":5.0},{"damage":7.0,"enemies":"Snake Plant","floor":27.0,"turns":3.0},{"damage":3.0,"enemies":"Snecko","floor":29.0,"turns":5.0},{"damage":3.0,"enemies":"Centurion and Healer","floor":31.0,"turns":5.0},{"damage":49.0,"enemies":"Champ","floor":33.0,"turns":8.0},{"damage":0.0,"enemies":"Orb Walker","floor":35.0,"turns":3.0},{"damage":0.0,"enemies":"3 Shapes","floor":36.0,"turns":4.0},{"damage":14.0,"enemies":"3 Darklings","floor":38.0,"turns":4.0},{"damage":0,"enemies":"Mind Bloom Boss Battle","floor":44,"turns":8},{"damage":0,"enemies":"Transient","floor":45,"turns":5},{"damage":11,"enemies":"Sphere and 2 Shapes","floor":48,"turns":4},{"damage":45,"enemies":"Awakened One","floor":50,"turns":12}],"seed_played":"1317830737606047529","potions_obtained":[{"floor":7.0,"key":"AttackPotion"},{"floor":14.0,"key":"Block Potion"},{"floor":16.0,"key":"SpeedPotion"},{"floor":20.0,"key":"Dexterity Potion"},{"floor":25.0,"key":"AttackPotion"},{"floor":38.0,"key":"Energy Potion"},{"floor":48,"key":"Regen Potion"}],"is_trial":false,"path_per_floor":["M","?","?","$","M","E","M","?","T","?","R","?","$","M","R","B",null,"M","?","M","M","$","R","T","M","T","M","T","M","?","M","R","B",null,"M","M","?","M","?","R","$","R","T","?","M","?","R","M","R","B",null],"character_chosen":"THE_SILENT","items_purchased":["Bouncing Flask","Tiny Chest","Membership Card","Incense Burner","Dodecahedron"],"campfire_rested":5,"item_purchase_floors":[4,13,22,41,41],"current_hp_per_floor":[70,70,70,70,70,70,68,50,50,50,50,39,39,38,59,29,70,70,56,56,56,56,70,70,58,58,51,51,48,48,45,66,17,70,70,70,70,56,56,56,56,70,70,70,70,70,70,59,70,39],"gold":275,"neow_bonus":"THREE_ENEMY_KILL","is_prod":false,"is_daily":false,"chose_seed":false,"campfire_upgraded":3,"win_rate":0,"timestamp":1557682906,"path_taken":["M","?","?","$","?","E","M","?","T","?","R","?","?","?","R","BOSS","M","?","?","M","$","R","?","M","T","M","?","M","?","?","R","BOSS","M","M","?","?","?","R","$","R","T","?","M","?","R","M","R","BOSS"],"build_version":"2019-01-23","purchased_purges":2,"victory":true,"max_hp_per_floor":[70,70,70,70,70,70,70,70,70,70,70,70,70,70,70,70,70,70,70,70,70,70,70,70,70,70,70,70,70,70,70,70,70,70,70,70,70,70,70,70,70,70,70,70,70,70,70,70,70,70],"card_choices":[{"not_picked":["Prepared","Quick Slash"],"picked":"Cloak And Dagger","floor":1.0},{"not_picked":["Riddle With Holes","All Out Attack"],"picked":"Deadly Poison","floor":5.0},{"not_picked":["Cloak And Dagger","Bouncing Flask"],"picked":"Catalyst","floor":6.0},{"not_picked":["Dagger Spray","Bouncing Flask","Slice"],"picked":"SKIP","floor":7.0},{"not_picked":["Prepared","Cloak And Dagger","Endless Agony"],"picked":"SKIP","floor":14.0},{"not_picked":["Outmaneuver+1","All Out Attack"],"picked":"Accuracy+1","floor":18.0},{"not_picked":["Footwork","Escape Plan","Calculated Gamble"],"picked":"SKIP","floor":20.0},{"not_picked":["Backstab","Expertise+1","Dodge and Roll"],"picked":"SKIP","floor":21.0},{"not_picked":["Acrobatics","Bane"],"picked":"Backflip","floor":25.0},{"not_picked":["Prepared","Poisoned Stab"],"picked":"Deadly Poison","floor":27.0},{"not_picked":["Bane","Flying Knee"],"picked":"Adrenaline","floor":29.0},{"not_picked":["Acrobatics","Dagger Spray","Sucker Punch+1"],"picked":"SKIP","floor":31.0},{"not_picked":["Flying Knee+1","Sucker Punch+1","Setup"],"picked":"SKIP","floor":35.0},{"not_picked":["Prepared","Underhanded Strike+1","Dagger Spray+1"],"picked":"SKIP","floor":36.0},{"not_picked":["Leg Sweep","Flying Knee"],"picked":"Backstab","floor":38.0},{"not_picked":["Sucker Punch","Acrobatics+1"],"picked":"Blade Dance+1","floor":44},{"not_picked":["Blade Dance+1","Deflect+1","Quick Slash"],"picked":"SKIP","floor":45},{"not_picked":["PiercingWail","Dagger Throw+1"],"picked":"Blade Dance+1","floor":48}],"player_experience":186143,"relics_obtained":[{"floor":6.0,"key":"Bronze Scales"},{"floor":9.0,"key":"Oddly Smooth Stone"},{"floor":24.0,"key":"Anchor"},{"floor":26.0,"key":"MawBank"},{"floor":28.0,"key":"Bag of Preparation"},{"floor":43.0,"key":"Lantern"},{"floor":44,"key":"Ice Cream"}],"event_choices":[{"cards_removed":["Strike_G"],"damage_healed":0.0,"max_hp_gain":0.0,"max_hp_loss":0.0,"gold_gain":0.0,"event_name":"Living Wall","player_choice":"Forget","floor":2.0,"gold_loss":0.0,"damage_taken":0.0},{"damage_healed":0.0,"max_hp_gain":0.0,"max_hp_loss":0.0,"gold_gain":0.0,"event_name":"Accursed Blacksmith","player_choice":"Forge","floor":3.0,"gold_loss":0.0,"damage_taken":0.0,"cards_upgraded":["Cloak And Dagger"]},{"damage_healed":0.0,"max_hp_gain":0.0,"max_hp_loss":0.0,"gold_gain":0.0,"event_name":"Scrap Ooze","player_choice":"Success","floor":8.0,"gold_loss":0.0,"damage_taken":18.0,"relics_obtained":["Sundial"]},{"cards_removed":["Strike_G"],"damage_healed":0.0,"max_hp_gain":0.0,"max_hp_loss":0.0,"gold_gain":0.0,"event_name":"The Cleric","player_choice":"Card Removal","floor":10.0,"gold_loss":50.0,"damage_taken":0.0},{"damage_healed":0.0,"max_hp_gain":0.0,"max_hp_loss":0.0,"gold_gain":75.0,"event_name":"World of Goop","player_choice":"Gather Gold","floor":12.0,"gold_loss":0.0,"damage_taken":11.0},{"damage_healed":0.0,"max_hp_gain":0.0,"max_hp_loss":0.0,"gold_gain":90.0,"event_name":"Knowing Skull","player_choice":"GOLD ","floor":19.0,"potions_obtained":[],"gold_loss":0.0,"damage_taken":14.0,"cards_obtained":[]},{"damage_healed":0.0,"max_hp_gain":0.0,"max_hp_loss":0.0,"gold_gain":0.0,"event_name":"Upgrade Shrine","player_choice":"Upgraded","floor":30.0,"gold_loss":0.0,"damage_taken":0.0,"cards_upgraded":["Bouncing Flask"]},{"cards_removed":["Strike_G"],"damage_healed":0.0,"max_hp_gain":0.0,"max_hp_loss":0.0,"gold_gain":0.0,"event_name":"Designer","player_choice":"Upgrade and Remove","floor":37.0,"gold_loss":90.0,"damage_taken":0.0,"cards_upgraded":["Defend_G"]},{"cards_removed":["Backstab"],"damage_healed":0.0,"max_hp_gain":0.0,"max_hp_loss":0.0,"gold_gain":0.0,"event_name":"Falling","player_choice":"Removed Attack","floor":39.0,"gold_loss":0.0,"damage_taken":0.0},{"damage_healed":0,"gold_gain":0,"player_choice":"Fight","damage_taken":0,"max_hp_gain":0,"max_hp_loss":0,"event_name":"MindBloom","floor":44,"gold_loss":0},{"damage_healed":0,"gold_gain":0,"player_choice":"Ignored","damage_taken":0,"max_hp_gain":0,"max_hp_loss":0,"event_name":"Mysterious Sphere","floor":46,"gold_loss":0}],"is_beta":false,"boss_relics":[{"not_picked":["Eternal Feather","Sozu"],"picked":"WristBlade"},{"not_picked":["Orrery","Philosopher\u0027s Stone"],"picked":"Ring of the Serpent"}],"items_purged_floors":[22,41],"is_endless":false,"potions_floor_spawned":[7,14,16,20,25,31,38,48],"ascension_level":0}