{"gold_per_floor":[116,66,66,86,15,15,27,27,27,41,41,59,59,5,5,125,125,143,158,158,158,37,70,70,84,84,84,109,109,56,80,80,80],"floor_reached":33,"playtime":1727,"items_purged":[],"score":255,"play_id":"0873f4b8-176b-43a7-80e8-195db4d87caa","local_time":"20190302091945","is_ascension_mode":false,"campfire_choices":[{"data":"Chaos","floor":6,"key":"SMITH"},{"data":"Zap","floor":8,"key":"SMITH"},{"data":"Go for the Eyes","floor":11,"key":"SMITH"},{"data":"Tempest","floor":15,"key":"SMITH"},{"floor":24,"key":"REST"},{"data":"Buffer","floor":29,"key":"SMITH"},{"data":"Chill","floor":32,"key":"SMITH"}],"neow_cost":"CURSE","seed_source_timestamp":295077787400368,"circlet_count":0,"master_deck":["Strike_B+1","Strike_B+1","Strike_B+1","Defend_B+1","Defend_B+1","Defend_B+1","Defend_B+1","Zap+1","Dualcast","Meteor Strike","Go for the Eyes+1","Chaos+1","Self Repair","Auto Shields","Tempest+1","Injury","Cold Snap","Buffer+1","Beam Cell+1","Leap+1","Chaos+1","Chill+1","Defragment","Hologram","BootSequence"],"relics":["Cracked Core","Ornamental Fan","Golden Idol","Sozu","Mercury Hourglass","Tiny Chest","Mango","Pantograph"],"potions_floor_usage":[16,23],"damage_taken":[{"damage":5,"enemies":"2 Louse","floor":1,"turns":3},{"damage":7,"enemies":"Small Slimes","floor":4,"turns":3},{"damage":7,"enemies":"Cultist","floor":7,"turns":5},{"damage":9,"enemies":"Large Slime","floor":10,"turns":7},{"damage":2,"enemies":"Exordium Thugs","floor":12,"turns":4},{"damage":48,"enemies":"Hexaghost","floor":16,"turns":15},{"damage":12,"enemies":"3 Byrds","floor":18,"turns":4},{"damage":5,"enemies":"Chosen","floor":19,"turns":4},{"damage":41,"enemies":"Gremlin Leader","floor":23,"turns":10},{"damage":1,"enemies":"Snake Plant","floor":25,"turns":4},{"damage":0,"enemies":"Chosen and Byrds","floor":28,"turns":4},{"damage":0,"enemies":"Snecko","floor":31,"turns":4},{"damage":100,"enemies":"Champ","floor":33,"turns":15}],"seed_played":"1202700930740853826","potions_obtained":[{"floor":7,"key":"FocusPotion"},{"floor":16,"key":"SkillPotion"}],"is_trial":false,"path_per_floor":["M","?","?","M","$","R","M","R","T","M","R","M","?","$","R","B",null,"M","M","T","?","$","E","R","M","T","?","M","R","$","M","R","B"],"character_chosen":"DEFECT","items_purchased":["Self Repair","Cold Snap","Tiny Chest","Hologram"],"campfire_rested":1,"item_purchase_floors":[5,14,22,30],"current_hp_per_floor":[70,70,70,63,63,63,63,63,63,61,61,66,66,66,66,25,75,70,72,72,72,72,52,78,77,77,77,84,84,84,84,84,0],"gold":80,"neow_bonus":"THREE_RARE_CARDS","is_prod":false,"is_daily":false,"chose_seed":false,"campfire_upgraded":6,"win_rate":0,"timestamp":1551547185,"path_taken":["M","?","?","M","$","R","?","R","T","M","R","M","?","?","R","BOSS","M","?","?","?","$","E","R","M","T","?","?","R","?","M","R","BOSS"],"build_version":"2019-01-23","purchased_purges":0,"victory":false,"max_hp_per_floor":[75,75,75,75,75,75,75,75,75,75,75,75,75,75,75,75,75,75,75,75,75,75,89,89,89,89,89,89,89,89,89,89,89],"card_choices":[{"not_picked":["Hyperbeam","Machine Learning"],"picked":"Meteor Strike","floor":0},{"not_picked":["Turbo","Force Field"],"picked":"Go for the Eyes","floor":1},{"not_picked":["Barrage","Stack","Redo"],"picked":"SKIP","floor":4},{"not_picked":["Steam","Hologram"],"picked":"Auto Shields","floor":7},{"not_picked":["Blizzard","Heatsinks","White Noise"],"picked":"SKIP","floor":10},{"not_picked":["Recycle","Sweeping Beam"],"picked":"Tempest","floor":12},{"not_picked":["Thunder Strike","Machine Learning"],"picked":"Buffer","floor":16},{"not_picked":["Hologram+1","Go for the Eyes"],"picked":"Beam Cell+1","floor":18},{"not_picked":["Lockon","Rip and Tear+1"],"picked":"Leap+1","floor":19},{"not_picked":["Consume+1","Gash"],"picked":"Chaos+1","floor":23},{"not_picked":["Beam Cell+1","Turbo+1"],"picked":"Chill","floor":25},{"not_picked":["Barrage","Rebound"],"picked":"Defragment","floor":28},{"not_picked":["Steam","Cold Snap"],"picked":"BootSequence","floor":31}],"player_experience":544104,"relics_obtained":[{"floor":9,"key":"Ornamental Fan"},{"floor":20,"key":"Mercury Hourglass"},{"floor":23,"key":"Mango"},{"floor":26,"key":"Pantograph"}],"event_choices":[{"cards_removed":["Writhe"],"damage_healed":0,"gold_gain":0,"player_choice":"Card Removal","damage_taken":0,"max_hp_gain":0,"max_hp_loss":0,"event_name":"The Cleric","floor":2,"gold_loss":50},{"damage_healed":0,"gold_gain":0,"cards_transformed":["Strike_B"],"player_choice":"Transformed","damage_taken":0,"max_hp_gain":0,"max_hp_loss":0,"event_name":"Transmorgrifier","floor":3,"gold_loss":0,"cards_obtained":["Chaos"]},{"damage_healed":0,"gold_gain":0,"player_choice":"Take Wound","damage_taken":0,"relics_obtained":["Golden Idol"],"max_hp_gain":0,"max_hp_loss":0,"event_name":"Golden Idol","floor":13,"gold_loss":0,"cards_obtained":["Injury"]},{"damage_healed":0,"gold_gain":0,"player_choice":"Simplicity","damage_taken":0,"max_hp_gain":0,"max_hp_loss":0,"event_name":"Back to Basics","floor":21,"gold_loss":0,"cards_upgraded":["Strike_B","Strike_B","Strike_B","Defend_B","Defend_B","Defend_B","Defend_B"]},{"damage_healed":0,"gold_gain":0,"player_choice":"Bought 0 Potions","damage_taken":0,"max_hp_gain":0,"max_hp_loss":0,"event_name":"The Woman in Blue","floor":27,"gold_loss":0}],"is_beta":false,"boss_relics":[{"not_picked":["Lizard Tail","Runic Dome"],"picked":"Sozu"}],"items_purged_floors":[],"is_endless":false,"potions_floor_spawned":[7,16,18,23,25,31],"killed_by":"Champ","ascension_level":0}