{"gold_per_floor":[130,142,170,182,205,249,261,291,327,371,403,428,440,487,499,615,627,650,572,599,627,650,662,674],"floor_reached":24,"playtime":1565,"items_purged":[],"score":319,"play_id":"aa48640f-a0a6-441c-a223-cd153234fcdb","local_time":"20190609171416","is_ascension_mode":true,"campfire_choices":[{"floor":7,"key":"REST"},{"floor":15,"key":"REST"},{"data":"Defragment","floor":23,"key":"SMITH"}],"neow_cost":"NONE","seed_source_timestamp":1934259275333662,"circlet_count":0,"master_deck":["Strike_B","Strike_B","Strike_B","Defend_B+1","Defend_B","Defend_B","Zap","Dualcast","Conserve Battery","Cold Snap","FTL","White Noise","Machine Learning","Cold Snap","Self Repair","Doom and Gloom","Electrodynamics","Leap","Glacier","Defragment+1"],"relics":["FrozenCore","MawBank","Potion Belt","Bronze Scales","Oddly Smooth Stone","Darkstone Periapt"],"potions_floor_usage":[10,12,16],"damage_taken":[{"damage":1,"enemies":"Cultist","floor":1,"turns":4},{"damage":3,"enemies":"2 Louse","floor":3,"turns":4},{"damage":0,"enemies":"Small Slimes","floor":5,"turns":3},{"damage":29,"enemies":"Gremlin Nob","floor":6,"turns":5},{"damage":6,"enemies":"Blue Slaver","floor":8,"turns":4},{"damage":13,"enemies":"3 Sentries","floor":10,"turns":4},{"damage":3,"enemies":"Looter","floor":11,"turns":3},{"damage":10,"enemies":"Lots of Slimes","floor":12,"turns":3},{"damage":4,"enemies":"Lagavulin","floor":14,"turns":8},{"damage":23,"enemies":"Slime Boss","floor":16,"turns":9},{"damage":8,"enemies":"Chosen","floor":18,"turns":6},{"damage":12,"enemies":"Shell Parasite","floor":20,"turns":7},{"damage":15,"enemies":"3 Cultists","floor":21,"turns":4},{"damage":25,"enemies":"Chosen and Byrds","floor":22,"turns":7},{"damage":34,"enemies":"Gremlin Leader","floor":24,"turns":8}],"seed_played":"-732885669815414689","potions_obtained":[{"floor":5,"key":"FocusPotion"},{"floor":8,"key":"Fire Potion"},{"floor":10,"key":"LiquidBronze"},{"floor":12,"key":"SteroidPotion"},{"floor":14,"key":"Block Potion"},{"floor":22,"key":"Ancient Potion"}],"is_trial":false,"path_per_floor":["M","$","M","?","M","E","R","M","T","E","M","M","$","E","R","B",null,"M","?","M","M","M","R","E"],"character_chosen":"DEFECT","items_purchased":[],"campfire_rested":2,"item_purchase_floors":[],"current_hp_per_floor":[67,67,64,57,57,28,50,44,44,31,28,18,18,21,43,27,63,62,62,57,49,31,31,0],"gold":674,"neow_bonus":"RANDOM_COMMON_RELIC","is_prod":false,"is_daily":false,"chose_seed":false,"campfire_upgraded":1,"win_rate":0,"timestamp":1560111256,"path_taken":["M","?","?","?","M","E","R","M","T","E","M","M","$","E","R","BOSS","M","?","M","?","M","R","E"],"build_version":"2019-01-23","purchased_purges":0,"victory":false,"max_hp_per_floor":[75,75,75,75,75,75,75,75,75,75,75,75,75,75,75,75,75,75,75,75,75,75,75,75],"card_choices":[{"not_picked":["Barrage","Reinforced Body"],"picked":"Conserve Battery","floor":1},{"not_picked":["Hologram","Compile Driver"],"picked":"Cold Snap","floor":3},{"not_picked":["Sweeping Beam","Steam"],"picked":"FTL","floor":5},{"not_picked":["Machine Learning","Coolheaded"],"picked":"White Noise","floor":6},{"not_picked":["Turbo","Skim","Sweeping Beam"],"picked":"SKIP","floor":8},{"not_picked":["Rip and Tear","Sweeping Beam"],"picked":"Machine Learning","floor":10},{"not_picked":["Turbo","Compile Driver"],"picked":"Cold Snap","floor":11},{"not_picked":["Stack","Ball Lightning"],"picked":"Self Repair","floor":12},{"not_picked":["Reprogram","Compile Driver"],"picked":"Doom and Gloom","floor":14},{"not_picked":["All For One","Multi-Cast"],"picked":"Electrodynamics","floor":16},{"not_picked":["Sweeping Beam","Beam Cell"],"picked":"Leap","floor":18},{"not_picked":["Undo","Conserve Battery","Compile Driver+1"],"picked":"SKIP","floor":20},{"not_picked":["Turbo","Redo"],"picked":"Glacier","floor":21},{"not_picked":["Compile Driver+1","Stack"],"picked":"Defragment","floor":22}],"player_experience":956856,"relics_obtained":[{"floor":6,"key":"Potion Belt"},{"floor":9,"key":"Bronze Scales"},{"floor":10,"key":"Oddly Smooth Stone"},{"floor":14,"key":"Darkstone Periapt"}],"event_choices":[{"cards_removed":["Defend_B"],"damage_healed":0,"gold_gain":0,"player_choice":"Card Removal","damage_taken":7,"max_hp_gain":0,"max_hp_loss":0,"event_name":"Golden Wing","floor":4,"gold_loss":0},{"cards_removed":["Strike_B"],"damage_healed":0,"gold_gain":0,"player_choice":"Upgrade and Remove","damage_taken":0,"max_hp_gain":0,"max_hp_loss":0,"event_name":"Designer","floor":19,"gold_loss":90,"cards_upgraded":["Defend_B"]}],"is_beta":false,"boss_relics":[{"not_picked":["Lizard Tail","Runic Dome"],"picked":"FrozenCore"}],"items_purged_floors":[],"is_endless":false,"potions_floor_spawned":[5,8,10,12,14,22],"killed_by":"Gremlin Leader","ascension_level":9}