{"gold_per_floor":[110,61,78,96,108,108,128,156,236,236,236,236,2,16,16,90,90,110,130,90,110,125,125,144,144,168,168,168,213,225,237],"floor_reached":31,"playtime":1651,"items_purged":[],"score":424,"play_id":"14ffc832-be91-4c61-84b1-e42da8bc801b","local_time":"20190622132844","is_ascension_mode":true,"campfire_choices":[{"data":"Leap","floor":6.0,"key":"SMITH"},{"floor":10.0,"key":"REST"},{"data":"Coolheaded","floor":12.0,"key":"SMITH"},{"data":"Capacitor","floor":15.0,"key":"SMITH"},{"floor":23.0,"key":"REST"},{"floor":25.0,"key":"REST"},{"floor":27.0,"key":"REST"}],"neow_cost":"NONE","seed_source_timestamp":0,"circlet_count":0,"master_deck":["AscendersBane","Strike_B","Strike_B","Defend_B","Defend_B","Defend_B","Defend_B","Zap","Dualcast","Ball Lightning","Coolheaded+1","Conserve Battery","Leap+1","Conserve Battery","Chill","Barrage","Capacitor+1","Hyperbeam","BootSequence+1","Machine Learning","Genetic Algorithm","Capacitor+1","Leap","Barrage","Seek","Genetic Algorithm"],"special_seed":0,"relics":["Cracked Core","Art of War","Tiny Chest","Pantograph","Runic Pyramid","Orichalcum","MawBank","Shuriken"],"potions_floor_usage":[29],"damage_taken":[{"damage":1.0,"enemies":"Cultist","floor":1.0,"turns":3.0},{"damage":12.0,"enemies":"Jaw Worm","floor":3.0,"turns":3.0},{"damage":5.0,"enemies":"Small Slimes","floor":4.0,"turns":4.0},{"damage":2.0,"enemies":"2 Fungi Beasts","floor":5.0,"turns":4.0},{"damage":16.0,"enemies":"3 Louse","floor":7.0,"turns":5.0},{"damage":21.0,"enemies":"Lagavulin","floor":8.0,"turns":8.0},{"damage":4.0,"enemies":"Looter","floor":14.0,"turns":3.0},{"damage":11.0,"enemies":"The Guardian","floor":16.0,"turns":15.0},{"damage":24.0,"enemies":"Spheric Guardian","floor":18.0,"turns":6.0},{"damage":6.0,"enemies":"3 Byrds","floor":19.0,"turns":4.0},{"damage":16.0,"enemies":"Centurion and Healer","floor":21.0,"turns":10.0},{"damage":5.0,"enemies":"Shelled Parasite and Fungi","floor":22.0,"turns":8.0},{"damage":39.0,"enemies":"Snecko","floor":24.0,"turns":11.0},{"damage":29,"enemies":"Gremlin Leader","floor":29,"turns":9},{"damage":21,"enemies":"Snake Plant","floor":31,"turns":2}],"seed_played":"7020175256538688238","potions_obtained":[{"floor":1.0,"key":"Regen Potion"},{"floor":4.0,"key":"Ancient Potion"},{"floor":14.0,"key":"LiquidBronze"},{"floor":22.0,"key":"Explosive Potion"},{"floor":24.0,"key":"Poison Potion"},{"floor":29,"key":"Fire Potion"}],"is_trial":false,"path_per_floor":["M","$","M","M","M","R","M","E","T","R","T","R","$","M","R","B",null,"M","M","?","M","M","R","M","R","T","R","T","E","?","M"],"character_chosen":"DEFECT","items_purchased":["Conserve Battery","Capacitor","Hyperbeam"],"campfire_rested":4,"item_purchase_floors":[2,13,13],"current_hp_per_floor":[67,67,55,50,48,48,32,26,26,48,48,48,48,44,44,58,71,47,41,41,25,20,42,3,25,25,47,47,18,18,0],"gold":237,"neow_bonus":"THREE_CARDS","is_prod":false,"is_daily":false,"chose_seed":false,"campfire_upgraded":3,"win_rate":0,"timestamp":1561181324,"path_taken":["M","$","M","M","M","R","M","E","T","R","?","R","?","M","R","BOSS","M","M","?","M","M","R","?","R","T","R","?","E","?","M"],"build_version":"2019-01-23","purchased_purges":0,"victory":false,"max_hp_per_floor":[75,75,75,75,75,75,75,75,75,75,75,75,75,75,75,75,75,75,75,75,75,75,75,75,75,75,75,75,75,75,75],"card_choices":[{"not_picked":["Cold Snap","Go for the Eyes"],"picked":"Ball Lightning","floor":0.0},{"not_picked":["Heatsinks","Compile Driver"],"picked":"Coolheaded","floor":1.0},{"not_picked":["Turbo","Coolheaded"],"picked":"Leap","floor":3.0},{"not_picked":["Chaos","Heatsinks"],"picked":"Conserve Battery","floor":4.0},{"not_picked":["Barrage","Heatsinks"],"picked":"Chill","floor":5.0},{"not_picked":["Fusion","Compile Driver","Force Field"],"picked":"SKIP","floor":7.0},{"not_picked":["Hologram","Consume"],"picked":"Barrage","floor":8.0},{"not_picked":["Scrape","Stack"],"picked":"BootSequence","floor":14.0},{"not_picked":["Hyperbeam","Meteor Strike"],"picked":"Machine Learning","floor":16.0},{"not_picked":["Conserve Battery","Ball Lightning"],"picked":"Genetic Algorithm","floor":18.0},{"not_picked":["Double Energy","Lockon"],"picked":"Capacitor","floor":19.0},{"not_picked":["Rebound","Beam Cell+1","Turbo"],"picked":"SKIP","floor":21.0},{"not_picked":["White Noise","Gash+1"],"picked":"Leap","floor":22.0},{"not_picked":["Leap","Redo","Stack"],"picked":"SKIP","floor":24.0},{"not_picked":["Steam Power","Storm"],"picked":"Barrage","floor":29}],"player_experience":792335,"relics_obtained":[{"floor":8.0,"key":"Art of War"},{"floor":9.0,"key":"Tiny Chest"},{"floor":11.0,"key":"Pantograph"},{"floor":26.0,"key":"Orichalcum"},{"floor":28.0,"key":"MawBank"},{"floor":29,"key":"Shuriken"}],"event_choices":[{"damage_healed":0.0,"max_hp_gain":0.0,"max_hp_loss":0.0,"gold_gain":0.0,"event_name":"Designer","player_choice":"Upgraded Two","floor":20.0,"gold_loss":40.0,"damage_taken":0.0,"cards_upgraded":["Capacitor","BootSequence"]},{"damage_healed":0,"gold_gain":0,"cards_transformed":["Strike_B","Strike_B"],"player_choice":"Became Test Subject","damage_taken":0,"max_hp_gain":0,"max_hp_loss":0,"event_name":"Drug Dealer","floor":30,"gold_loss":0,"cards_obtained":["Seek","Genetic Algorithm"]}],"is_beta":false,"boss_relics":[{"not_picked":["Orrery","Calling Bell"],"picked":"Runic Pyramid"}],"items_purged_floors":[],"is_endless":false,"potions_floor_spawned":[1,4,5,14,16,18,22,24,29],"killed_by":"Snake Plant","ascension_level":13}