{"gold_per_floor":[111,123,123,137,31,31,66,135,211,245,245,60,90,107,107,202,202,216,232,232,252,83,83,118,118,118,149,6,6,6,6,6,110,110,126,0,0,0,10,43,443,460,460,472,394,422,439,450,450,450],"floor_reached":51,"playtime":2989,"items_purged":[],"score":978,"play_id":"659e4067-ab20-40bd-b51c-f420080e2c09","local_time":"20190512120821","is_ascension_mode":true,"campfire_choices":[{"floor":6,"key":"REST"},{"floor":11,"key":"REST"},{"floor":15,"key":"REST"},{"floor":23,"key":"DIG"},{"floor":25,"key":"REST"},{"floor":29,"key":"DIG"},{"floor":32,"key":"DIG"},{"floor":49,"key":"REST"}],"neow_cost":"PERCENT_DAMAGE","seed_source_timestamp":1182996439177373,"circlet_count":0,"master_deck":["Strike_B","Strike_B+1","Strike_B","Defend_B","Defend_B","Defend_B","Defend_B","Zap","Dualcast","Go for the Eyes","Reinforced Body","Gash","Sunder","Self Repair","Hologram","Coolheaded","Auto Shields","Genetic Algorithm","All For One","Gash","Gash+1","Glacier","Apotheosis","Stack+1","FTL","All For One","Hologram+1","Leap+1","FTL","Beam Cell","Hologram+1","Glacier+1","Parasite","Capacitor","Gash+1","Skim+1","Chill+1"],"relics":["Cracked Core","Shovel","Blood Vial","Pear","Kunai","Dead Branch","Oddly Smooth Stone","DataDisk","Fusion Hammer","Lantern","Cables","Gremlin Horn","Potion Belt","Strawberry","Whetstone","Toxic Egg 2","Lizard Tail","Mercury Hourglass","Old Coin","Sundial","Bag of Marbles","Meat on the Bone"],"potions_floor_usage":[13,13,16,16,24,27,33,50,50],"damage_taken":[{"damage":2,"enemies":"Jaw Worm","floor":1,"turns":3},{"damage":0,"enemies":"Small Slimes","floor":2,"turns":2},{"damage":2,"enemies":"2 Louse","floor":4,"turns":3},{"damage":31,"enemies":"Gremlin Nob","floor":7,"turns":4},{"damage":21,"enemies":"Lagavulin","floor":10,"turns":7},{"damage":22,"enemies":"3 Sentries","floor":13,"turns":4},{"damage":2,"enemies":"Red Slaver","floor":14,"turns":3},{"damage":30,"enemies":"Hexaghost","floor":16,"turns":13},{"damage":11,"enemies":"3 Byrds","floor":18,"turns":5},{"damage":3,"enemies":"Shell Parasite","floor":19,"turns":5},{"damage":5,"enemies":"Shelled Parasite and Fungi","floor":21,"turns":7},{"damage":34,"enemies":"Slavers","floor":24,"turns":6},{"damage":5,"enemies":"Gremlin Leader","floor":27,"turns":6},{"damage":24,"enemies":"Automaton","floor":33,"turns":11},{"damage":4,"enemies":"Orb Walker","floor":35,"turns":3},{"damage":8,"enemies":"3 Darklings","floor":39,"turns":4},{"damage":17,"enemies":"Reptomancer","floor":40,"turns":8},{"damage":0,"enemies":"Mind Bloom Boss Battle","floor":41,"turns":6},{"damage":5,"enemies":"Writhing Mass","floor":42,"turns":6},{"damage":5,"enemies":"Maw","floor":44,"turns":8},{"damage":4,"enemies":"Nemesis","floor":46,"turns":5},{"damage":25,"enemies":"3 Darklings","floor":47,"turns":3},{"damage":0,"enemies":"Sphere and 2 Shapes","floor":48,"turns":4},{"damage":61,"enemies":"Time Eater","floor":50,"turns":12}],"seed_played":"813604711294021113","potions_obtained":[{"floor":1,"key":"Explosive Potion"},{"floor":4,"key":"Dexterity Potion"},{"floor":7,"key":"Explosive Potion"},{"floor":14,"key":"SkillPotion"},{"floor":19,"key":"GamblersBrew"},{"floor":24,"key":"Fire Potion"},{"floor":27,"key":"Strength Potion"},{"floor":35,"key":"FairyPotion"},{"floor":39,"key":"Energy Potion"},{"floor":40,"key":"Explosive Potion"},{"floor":46,"key":"PowerPotion"},{"floor":47,"key":"SpeedPotion"}],"is_trial":false,"path_per_floor":["M","M","?","M","$","R","E","?","T","E","R","$","E","M","R","B",null,"M","M","?","M","$","R","E","R","T","E","$","R","$","?","R","B",null,"M","$","?","$","M","E","?","M","T","M","?","E","M","M","R","B",null],"character_chosen":"DEFECT","items_purchased":["Sunder","Self Repair","Auto Shields","Oddly Smooth Stone","Apotheosis","Strawberry","Leap+1","FTL"],"campfire_rested":5,"item_purchase_floors":[5,5,12,12,22,28,36,36],"current_hp_per_floor":[52,52,27,27,27,49,37,37,37,18,43,43,30,37,62,34,85,81,85,85,85,85,85,51,76,76,83,90,90,90,90,90,68,92,88,88,88,88,82,67,76,80,80,84,84,92,77,86,92,43],"gold":450,"neow_bonus":"ONE_RARE_RELIC","is_prod":false,"is_daily":false,"chose_seed":false,"campfire_upgraded":0,"win_rate":0,"timestamp":1557688101,"path_taken":["M","M","?","M","$","R","E","?","T","E","R","$","E","M","R","BOSS","M","M","?","?","$","R","E","R","T","E","$","R","?","?","R","BOSS","M","$","?","$","?","E","?","M","T","M","?","E","M","?","R","BOSS"],"build_version":"2019-01-23","purchased_purges":0,"victory":true,"max_hp_per_floor":[75,75,75,75,75,75,85,85,85,85,85,85,85,85,85,85,85,85,85,85,85,85,85,85,85,85,85,92,92,92,92,92,92,92,92,92,92,92,92,92,92,92,92,92,92,92,92,92,92,92],"card_choices":[{"not_picked":["Steam Power","Cold Snap"],"picked":"Go for the Eyes","floor":1},{"not_picked":["Steam","Streamline"],"picked":"Reinforced Body","floor":2},{"not_picked":["Conserve Battery","Hologram"],"picked":"Gash","floor":4},{"not_picked":["Sunder","Compile Driver"],"picked":"Hologram","floor":7},{"not_picked":["Beam Cell","Turbo"],"picked":"Coolheaded","floor":10},{"not_picked":["Sweeping Beam","Hello World"],"picked":"Genetic Algorithm","floor":13},{"not_picked":["Scrape","Rebound","Skim"],"picked":"SKIP","floor":14},{"not_picked":["Fission","Thunder Strike"],"picked":"All For One","floor":16},{"not_picked":["Fusion+1","Sunder"],"picked":"Gash","floor":18},{"not_picked":["Consume","Stack"],"picked":"Gash","floor":19},{"not_picked":["Gash+1","Steam"],"picked":"Glacier","floor":21},{"not_picked":["Lockon","Streamline"],"picked":"Stack+1","floor":24},{"not_picked":["Sweeping Beam","Streamline"],"picked":"FTL","floor":27},{"not_picked":["Buffer","Core Surge"],"picked":"All For One","floor":33},{"not_picked":["Loop","Self Repair+1"],"picked":"Hologram+1","floor":35},{"not_picked":["Leap+1","Ball Lightning+1","Streamline+1"],"picked":"SKIP","floor":39},{"not_picked":["Tempest+1","Glacier+1"],"picked":"Hologram+1","floor":40},{"not_picked":["Chaos+1","Turbo+1"],"picked":"Glacier+1","floor":41},{"not_picked":["Beam Cell","Skim+1"],"picked":"Capacitor","floor":42},{"not_picked":["Scrape+1","Conserve Battery+1"],"picked":"Gash+1","floor":44},{"not_picked":["Hyperbeam","Fusion+1","White Noise+1"],"picked":"SKIP","floor":46},{"not_picked":["Melter+1","Static Discharge+1"],"picked":"Skim+1","floor":47},{"not_picked":["Go for the Eyes","Beam Cell+1"],"picked":"Chill+1","floor":48}],"player_experience":745571,"relics_obtained":[{"floor":7,"key":"Pear"},{"floor":9,"key":"Kunai"},{"floor":10,"key":"Dead Branch"},{"floor":13,"key":"DataDisk"},{"floor":23,"key":"Lantern"},{"floor":24,"key":"Cables"},{"floor":26,"key":"Gremlin Horn"},{"floor":27,"key":"Potion Belt"},{"floor":29,"key":"Whetstone"},{"floor":32,"key":"Toxic Egg 2"},{"floor":40,"key":"Mercury Hourglass"},{"floor":41,"key":"Old Coin"},{"floor":43,"key":"Sundial"},{"floor":46,"key":"Meat on the Bone"}],"event_choices":[{"damage_healed":0,"gold_gain":0,"player_choice":"Success","damage_taken":25,"relics_obtained":["Blood Vial"],"max_hp_gain":0,"max_hp_loss":0,"event_name":"Scrap Ooze","floor":3,"gold_loss":0},{"damage_healed":0,"gold_gain":69,"player_choice":"Gained Gold","damage_taken":0,"max_hp_gain":0,"max_hp_loss":0,"event_name":"Golden Wing","floor":8,"gold_loss":0},{"damage_healed":0,"gold_gain":0,"player_choice":"Ignored","damage_taken":0,"max_hp_gain":0,"max_hp_loss":0,"event_name":"N\u0027loth","floor":20,"gold_loss":0},{"damage_healed":0,"gold_gain":0,"player_choice":"Ignored","damage_taken":0,"max_hp_gain":0,"max_hp_loss":0,"event_name":"Beggar","floor":31,"gold_loss":0},{"damage_healed":0,"gold_gain":0,"cards_transformed":["Strike_B"],"player_choice":"Transformed","damage_taken":0,"max_hp_gain":0,"max_hp_loss":0,"event_name":"Transmorgrifier","floor":37,"gold_loss":0,"cards_obtained":["Beam Cell"]},{"damage_healed":0,"gold_gain":0,"player_choice":"Fight","damage_taken":0,"max_hp_gain":0,"max_hp_loss":0,"event_name":"MindBloom","floor":41,"gold_loss":0},{"damage_healed":0,"gold_gain":0,"player_choice":"Paid Gold","damage_taken":0,"relics_obtained":["Bag of Marbles"],"max_hp_gain":0,"max_hp_loss":0,"event_name":"WeMeetAgain","floor":45,"gold_loss":78}],"is_beta":false,"boss_relics":[{"not_picked":["Runic Dome","Black Star"],"picked":"Fusion Hammer"},{"not_picked":["Pandora\u0027s Box","Tiny House"],"picked":"Lizard Tail"}],"items_purged_floors":[],"is_endless":false,"potions_floor_spawned":[1,4,7,14,19,24,27,35,39,40,46,47],"ascension_level":4}