{"path_per_floor":["M","M","?","M","M","R","M","E","T","?","M","R","M","$","R","B",null,"M","$","?","M","M","R","E","M","T","?","R","T","R","M","R","B",null,"M","?","M","?","?","R"],"character_chosen":"THE_SILENT","items_purchased":["Noxious Fumes","Apotheosis","Footwork"],"gold_per_floor":[115,131,206,216,233,233,249,277,302,302,316,316,328,48,48,152,152,162,7,7,18,36,36,67,82,82,82,82,82,82,92,92,192,192,208,208,221,221,321,321],"floor_reached":41,"campfire_rested":2,"playtime":4369,"current_hp_per_floor":[70,70,59,59,56,56,54,51,51,53,53,53,46,46,46,29,84,78,78,78,76,75,75,20,9,9,9,34,34,59,49,49,49,84,72,62,53,53,53,63],"items_purged":["Strike_G"],"gold":321,"play_id":"7b3c8682-24fa-4f25-8737-cd557f0cc505","is_prod":false,"is_daily":false,"is_ascension_mode":false,"campfire_upgraded":6,"path_taken":["M","M","?","M","M","R","M","E","T","?","M","R","M","$","R","BOSS","M","$","?","M","M","R","E","M","T","?","R","?","R","M","R","BOSS","M","?","M","?","?","R","E"],"build_version":"2018-01-25-PROD3","purchased_purges":1,"victory":false,"master_deck":["Defend_G","Defend_G","Defend_G","Defend_G","Defend_G","Strike_G","Strike_G","Strike_G","Strike_G","Survivor+1","Neutralize+1","Deadly Poison+1","Footwork+1","Deadly Poison+1","Catalyst+1","Prepared","Noxious Fumes","Apotheosis+1","Bullet Time","Noxious Fumes+1","Footwork+1","Deadly Poison+1","PiercingWail+1","Acrobatics+1","Madness","Madness"],"max_hp_per_floor":[70,70,70,70,70,70,70,70,70,84,84,84,84,84,84,84,84,84,84,84,84,84,84,84,84,84,84,84,84,84,84,84,84,84,84,84,84,84,84,84],"relics":["Ring of the Snake","Centennial Puzzle","Frozen Egg","Mango","Velvet Choker","Anchor","Mercury Hourglass","Unceasing Top","Eternal Feather"],"card_choices":[{"not_picked":["Calculated Gamble","Acrobatics"],"picked":"Deadly Poison"},{"not_picked":["Adrenaline","Outmaneuver"],"picked":"Footwork"},{"not_picked":["Flying Knee","Deflect"],"picked":"Deadly Poison"},{"not_picked":["Backflip","Well Laid Plans"],"picked":"Catalyst"},{"not_picked":["Choke","Deflect"],"picked":"Prepared"},{"not_picked":["Venomology","Adrenaline"],"picked":"Bullet Time"},{"not_picked":["Slice","Leg Sweep"],"picked":"Noxious Fumes"},{"not_picked":["Flying Knee","Dagger Spray"],"picked":"Deadly Poison"},{"not_picked":["Envenom","Dash"],"picked":"PiercingWail"},{"not_picked":["Outmaneuver","Deflect"],"picked":"Acrobatics"}],"player_experience":112555,"potions_floor_usage":[22,33,41],"damage_taken":[{"damage":0.0,"enemies":"Jaw Worm","floor":1.0,"turns":6.0},{"damage":0.0,"enemies":"2 Louse","floor":2.0,"turns":3.0},{"damage":0.0,"enemies":"Small Slimes","floor":4.0,"turns":5.0},{"damage":3,"enemies":"3 Louse","floor":5,"turns":5},{"damage":2,"enemies":"Large Slime","floor":7,"turns":8},{"damage":3,"enemies":"Lagavulin","floor":8,"turns":8},{"damage":0,"enemies":"Exordium Thugs","floor":11,"turns":7},{"damage":7,"enemies":"2 Fungi Beasts","floor":13,"turns":4},{"damage":17,"enemies":"The Guardian","floor":16,"turns":7},{"damage":6,"enemies":"Spheric Guardian","floor":18,"turns":5},{"damage":2,"enemies":"3 Byrds","floor":21,"turns":4},{"damage":1,"enemies":"Centurion and Healer","floor":22,"turns":5},{"damage":55,"enemies":"Gremlin Leader","floor":24,"turns":5},{"damage":11,"enemies":"Snecko","floor":25,"turns":5},{"damage":10,"enemies":"Snake Plant","floor":31,"turns":3},{"damage":0,"enemies":"Champ","floor":33,"turns":7},{"damage":12,"enemies":"3 Shapes","floor":35,"turns":6},{"damage":9,"enemies":"3 Darklings","floor":37,"turns":5},{"damage":75,"enemies":"2 Orb Walkers","floor":41,"turns":5}],"event_choices":[{"event_name":"World of Goop","player_choice":"Gather Gold","floor":3.0,"damage_taken":0.0},{"event_name":"Scrap Ooze","player_choice":"success","floor":10,"damage_taken":12},{"event_name":"Drug Dealer","player_choice":"Ignored","floor":20,"damage_taken":0},{"event_name":"Accursed Blacksmith","player_choice":"Forge","floor":27,"damage_taken":0},{"event_name":"Winding Halls","player_choice":"Embrace Madness","floor":36,"damage_taken":0},{"event_name":"Mysterious Sphere","player_choice":"Ignore","floor":38,"damage_taken":0},{"event_name":"Golden Shrine","player_choice":"Pray","floor":39,"damage_taken":0}],"boss_relics":[{"not_picked":["Astrolabe","Lizard Tail"],"picked":"Velvet Choker"},{"not_picked":["Philosopher\u0027s Stone","Question Card"],"picked":"Eternal Feather"}],"potions_floor_spawned":[1,13,16,22,25,33,37],"seed_played":"-1169915480387290755","killed_by":"2 Orb Walkers","ascension_level":0,"is_trial":false}