{"gold_per_floor":[359,383,28,38,56,89,89,106,131,162,174,204,204,234,234,339,339,352,364,36,36,135,160,173,202,239,261,273,305,317,429,441,548,560,587,649,661,683,695,707,749,774,786,798,363,363,381,408,408,408],"floor_reached":50,"playtime":4013,"items_purged":[],"score":885,"play_id":"917bae4a-4275-4a3e-a0ed-67adab39b60c","local_time":"20190611115020","is_ascension_mode":true,"campfire_choices":[{"data":"Neutralize","floor":7,"key":"SMITH"},{"data":"Noxious Fumes","floor":15,"key":"SMITH"},{"floor":28,"key":"REST"},{"floor":32,"key":"REST"},{"floor":40,"key":"RECALL"},{"data":"Blade Dance","floor":44,"key":"SMITH"},{"data":"Catalyst","floor":46,"key":"SMITH"},{"data":"Footwork","floor":49,"key":"SMITH"}],"neow_cost":"PERCENT_DAMAGE","seed_source_timestamp":2085172488118484,"circlet_count":0,"master_deck":["AscendersBane","Defend_G+1","Defend_G+1","Defend_G+1","Defend_G+1","Defend_G+1","Strike_G+1","Strike_G+1","Strike_G+1","Strike_G+1","Survivor","Neutralize+1","Dash","Escape Plan","Footwork+1","Deadly Poison","Noxious Fumes+1","Flying Knee","After Image+1","Noxious Fumes","Escape Plan","Well Laid Plans","Noxious Fumes+1","PiercingWail+1","Blade Dance+1","Adrenaline","Crippling Poison","Backflip","Prepared+1","Catalyst+1","Accuracy","Calculated Gamble+1"],"relics":["Ring of the Snake","War Paint","Bronze Scales","Lee\u0027s Waffle","Pen Nib","Bag of Marbles","Nunchaku","Tiny Chest","Shuriken","Odd Mushroom","Empty Cage","Mummified Hand","Art of War","MawBank","Happy Flower","Bird Faced Urn","Ninja Scroll","WristBlade","Tingsha","Smiling Mask","Blood Vial","Vajra","Medical Kit","Boot"],"potions_floor_usage":[6,6,10,18,23,23,27,31,31,36],"damage_taken":[{"damage":6,"enemies":"Cultist","floor":1,"turns":6},{"damage":0,"enemies":"Jaw Worm","floor":4,"turns":5},{"damage":0,"enemies":"Small Slimes","floor":5,"turns":3},{"damage":7,"enemies":"Lagavulin","floor":6,"turns":9},{"damage":4,"enemies":"Exordium Thugs","floor":8,"turns":5},{"damage":0,"enemies":"3 Sentries","floor":10,"turns":8},{"damage":7,"enemies":"Blue Slaver","floor":11,"turns":3},{"damage":11,"enemies":"The Mushroom Lair","floor":14,"turns":4},{"damage":17,"enemies":"The Guardian","floor":16,"turns":8},{"damage":0,"enemies":"Spheric Guardian","floor":18,"turns":4},{"damage":0,"enemies":"Chosen","floor":19,"turns":6},{"damage":5,"enemies":"Book of Stabbing","floor":23,"turns":5},{"damage":0,"enemies":"Centurion and Healer","floor":24,"turns":5},{"damage":32,"enemies":"Gremlin Leader","floor":25,"turns":6},{"damage":5,"enemies":"Cultist and Chosen","floor":27,"turns":6},{"damage":0,"enemies":"3 Cultists","floor":29,"turns":5},{"damage":0,"enemies":"Colosseum Slavers","floor":31,"turns":4},{"damage":12,"enemies":"Colosseum Nobs","floor":31,"turns":5},{"damage":8,"enemies":"Collector","floor":33,"turns":9},{"damage":0,"enemies":"Orb Walker","floor":35,"turns":1},{"damage":0,"enemies":"2 Orb Walkers","floor":36,"turns":4},{"damage":0,"enemies":"3 Shapes","floor":38,"turns":5},{"damage":25,"enemies":"Nemesis","floor":41,"turns":7},{"damage":1,"enemies":"Writhing Mass","floor":42,"turns":5},{"damage":4,"enemies":"Transient","floor":47,"turns":5},{"damage":15,"enemies":"Reptomancer","floor":48,"turns":5},{"damage":81,"enemies":"Time Eater","floor":50,"turns":8}],"seed_played":"6962936645316323313","potions_obtained":[{"floor":4,"key":"SteroidPotion"},{"floor":5,"key":"SkillPotion"},{"floor":8,"key":"Fire Potion"},{"floor":14,"key":"Energy Potion"},{"floor":16,"key":"FearPotion"},{"floor":19,"key":"Weak Potion"},{"floor":25,"key":"Block Potion"},{"floor":27,"key":"Poison Potion"},{"floor":29,"key":"Fire Potion"},{"floor":33,"key":"Swift Potion"},{"floor":36,"key":"SpeedPotion"},{"floor":42,"key":"SpeedPotion"}],"is_trial":false,"path_per_floor":["M","T","$","M","M","E","R","M","T","E","M","?","T","?","R","B",null,"M","M","$","?","?","E","M","E","T","M","R","M","T","?","R","B",null,"M","?","?","M","?","R","E","M","T","R","$","R","M","E","R","B"],"character_chosen":"THE_SILENT","items_purchased":["Bronze Scales","Lee\u0027s Waffle","Mummified Hand","Well Laid Plans","Catalyst","Accuracy","Vajra","Medical Kit"],"campfire_rested":2,"item_purchase_floors":[3,3,20,20,45,45,45,45],"current_hp_per_floor":[39,39,77,77,77,70,70,66,66,66,59,59,59,48,48,31,66,66,66,66,66,66,61,61,29,29,24,47,47,47,35,58,62,73,77,77,77,77,77,77,60,71,71,71,71,71,77,64,64,0],"gold":408,"neow_bonus":"TWO_FIFTY_GOLD","is_prod":false,"is_daily":false,"chose_seed":false,"campfire_upgraded":5,"win_rate":0,"timestamp":1560264620,"path_taken":["M","?","$","M","M","E","R","M","T","E","?","?","?","?","R","BOSS","M","M","$","?","?","E","M","E","T","M","R","M","?","?","R","BOSS","M","?","?","?","?","R","E","M","T","R","$","R","M","E","R","BOSS"],"build_version":"2019-01-23","purchased_purges":0,"victory":false,"max_hp_per_floor":[70,70,77,77,77,77,77,77,77,77,77,77,77,77,77,77,77,77,77,77,77,77,77,77,77,77,77,77,77,77,77,77,77,77,77,77,77,77,77,77,77,77,77,77,77,77,77,77,77,77],"card_choices":[{"not_picked":["Acrobatics","Infinite Blades"],"picked":"Dash","floor":1},{"not_picked":["Choke","Riddle With Holes"],"picked":"Escape Plan","floor":4},{"not_picked":["Slice","Underhanded Strike"],"picked":"Footwork","floor":5},{"not_picked":["Underhanded Strike","All Out Attack"],"picked":"Deadly Poison","floor":6},{"not_picked":["Riddle With Holes","Flechettes"],"picked":"Quick Slash","floor":8},{"not_picked":["Caltrops","Underhanded Strike"],"picked":"Noxious Fumes","floor":10},{"not_picked":["Outmaneuver","Deadly Poison"],"picked":"Flying Knee","floor":11},{"not_picked":["Grand Finale","Wraith Form v2"],"picked":"After Image","floor":16},{"not_picked":["Deadly Poison","Flechettes"],"picked":"Noxious Fumes","floor":18},{"not_picked":["Underhanded Strike","Cloak And Dagger"],"picked":"Escape Plan","floor":19},{"not_picked":["Dash","Die Die Die","Backstab"],"picked":"SKIP","floor":23},{"not_picked":["Dodge and Roll","Underhanded Strike+1"],"picked":"Noxious Fumes+1","floor":24},{"not_picked":["Crippling Poison+1","Backflip"],"picked":"PiercingWail+1","floor":25},{"not_picked":["Quick Slash+1","Dagger Spray","Flying Knee"],"picked":"SKIP","floor":27},{"not_picked":["Outmaneuver","Reflex"],"picked":"Blade Dance","floor":29},{"not_picked":["Die Die Die","Storm of Steel"],"picked":"Adrenaline","floor":33},{"not_picked":["Deflect+1","Bane+1"],"picked":"Crippling Poison","floor":35},{"not_picked":["Dash","Dodge and Roll"],"picked":"Backflip","floor":36},{"not_picked":["Outmaneuver+1","Distraction","Choke"],"picked":"SKIP","floor":38},{"not_picked":["Dagger Spray+1","Deadly Poison+1"],"picked":"Prepared+1","floor":41},{"not_picked":["Choke","Deadly Poison","Doppelganger"],"picked":"SKIP","floor":42},{"not_picked":["Blade Dance","Prepared","Deflect+1"],"picked":"SKIP","floor":47},{"not_picked":["Crippling Poison+1","Quick Slash"],"picked":"Calculated Gamble+1","floor":48}],"player_experience":973528,"relics_obtained":[{"floor":2,"key":"War Paint"},{"floor":6,"key":"Pen Nib"},{"floor":9,"key":"Bag of Marbles"},{"floor":10,"key":"Nunchaku"},{"floor":13,"key":"Shuriken"},{"floor":14,"key":"Odd Mushroom"},{"floor":23,"key":"Art of War"},{"floor":25,"key":"MawBank"},{"floor":30,"key":"Happy Flower"},{"floor":31,"key":"Bird Faced Urn"},{"floor":31,"key":"Ninja Scroll"},{"floor":36,"key":"Tingsha"},{"floor":41,"key":"Smiling Mask"},{"floor":43,"key":"Blood Vial"},{"floor":48,"key":"Boot"}],"event_choices":[{"damage_healed":0,"gold_gain":0,"player_choice":"Box","damage_taken":0,"relics_obtained":["Tiny Chest"],"max_hp_gain":0,"max_hp_loss":0,"event_name":"Big Fish","floor":12,"gold_loss":0,"cards_obtained":["Regret"]},{"damage_healed":0,"gold_gain":0,"player_choice":"Fought Mushrooms","damage_taken":0,"max_hp_gain":0,"max_hp_loss":0,"event_name":"Mushrooms","floor":14,"gold_loss":0},{"damage_healed":0,"gold_gain":0,"player_choice":"Simplicity","damage_taken":0,"max_hp_gain":0,"max_hp_loss":0,"event_name":"Back to Basics","floor":21,"gold_loss":0,"cards_upgraded":["Defend_G","Defend_G","Defend_G","Strike_G","Strike_G","Strike_G","Strike_G"]},{"damage_healed":0,"gold_gain":99,"player_choice":"Stole From Cult","damage_taken":0,"max_hp_gain":0,"max_hp_loss":0,"event_name":"Nest","floor":22,"gold_loss":0},{"damage_healed":0,"gold_gain":0,"player_choice":"Fight","damage_taken":0,"max_hp_gain":0,"max_hp_loss":0,"event_name":"Colosseum","floor":31,"gold_loss":0},{"damage_healed":0,"gold_gain":0,"player_choice":"Fought Nobs","damage_taken":0,"max_hp_gain":0,"max_hp_loss":0,"event_name":"Colosseum","floor":31,"gold_loss":0},{"damage_healed":0,"gold_gain":0,"player_choice":"Fight","damage_taken":0,"max_hp_gain":0,"max_hp_loss":0,"event_name":"Mysterious Sphere","floor":36,"gold_loss":0},{"cards_removed":["Quick Slash"],"damage_healed":5,"gold_gain":0,"player_choice":"Offered Common","damage_taken":0,"max_hp_gain":0,"max_hp_loss":0,"event_name":"Bonfire Elementals","floor":37,"gold_loss":0},{"cards_removed":["Quick Slash"],"damage_healed":5,"gold_gain":0,"player_choice":"Offered Special","damage_taken":0,"max_hp_gain":0,"max_hp_loss":0,"event_name":"Bonfire Elementals","floor":37,"gold_loss":0},{"damage_healed":0,"gold_gain":0,"player_choice":"Upgraded","damage_taken":0,"max_hp_gain":0,"max_hp_loss":0,"event_name":"Upgrade Shrine","floor":39,"gold_loss":0,"cards_upgraded":["After Image"]}],"is_beta":false,"boss_relics":[{"not_picked":["Sozu","Fusion Hammer"],"picked":"Empty Cage"},{"not_picked":["Runic Dome","White Beast Statue"],"picked":"WristBlade"}],"items_purged_floors":[],"is_endless":false,"potions_floor_spawned":[4,5,8,14,16,19,25,27,29,31,33,36,42],"killed_by":"Time Eater","ascension_level":10}