{"gold_per_floor":[12,12,28,53,76,76,89,112,135,135,135,216,56,92,92,188,188,213,213,232,507,94,94,114,135,135,168,191,191,215,140,140,140],"floor_reached":33,"playtime":1868,"items_purged":["Regret"],"score":511,"play_id":"d51cb6e1-ce7c-41ea-ba13-916d6b6ffee6","local_time":"20190615133758","is_ascension_mode":true,"campfire_choices":[{"data":"Immolate","floor":6.0,"key":"SMITH"},{"floor":10.0,"key":"REST"},{"data":"Anger","floor":15.0,"key":"SMITH"},{"data":"Iron Wave","floor":23.0,"key":"SMITH"},{"data":"Metallicize","floor":29.0,"key":"SMITH"},{"data":"Bash","floor":32,"key":"SMITH"}],"neow_cost":"NO_GOLD","seed_source_timestamp":0,"circlet_count":0,"master_deck":["AscendersBane","Strike_R","Strike_R","Strike_R","Strike_R","Defend_R","Defend_R","Defend_R","Defend_R","Bash+1","Immolate+1","Iron Wave+1","Clothesline","Metallicize+1","Impervious","Uppercut+1","Iron Wave","Anger+1","Reaper","Battle Trance","Warcry+1"],"special_seed":0,"relics":["Burning Blood","Golden Idol","Dream Catcher","Bronze Scales","Vajra","Bag of Marbles","Busted Crown","Shuriken","Blood Vial","Oddly Smooth Stone"],"potions_floor_usage":[33,33],"damage_taken":[{"damage":5.0,"enemies":"Small Slimes","floor":1.0,"turns":3.0},{"damage":0.0,"enemies":"2 Louse","floor":3.0,"turns":1.0},{"damage":9.0,"enemies":"Jaw Worm","floor":4.0,"turns":4.0},{"damage":23.0,"enemies":"Exordium Thugs","floor":5.0,"turns":4.0},{"damage":10.0,"enemies":"Blue Slaver","floor":7.0,"turns":5.0},{"damage":17.0,"enemies":"Exordium Wildlife","floor":8.0,"turns":5.0},{"damage":2.0,"enemies":"3 Sentries","floor":12.0,"turns":7.0},{"damage":14.0,"enemies":"Lagavulin","floor":14.0,"turns":7.0},{"damage":16.0,"enemies":"The Guardian","floor":16.0,"turns":13.0},{"damage":12.0,"enemies":"2 Thieves","floor":18.0,"turns":4.0},{"damage":22.0,"enemies":"Colosseum Slavers","floor":19.0,"turns":3.0},{"damage":3.0,"enemies":"Spheric Guardian","floor":20.0,"turns":3.0},{"damage":11.0,"enemies":"Cultist and Chosen","floor":24.0,"turns":5.0},{"damage":0.0,"enemies":"Centurion and Healer","floor":25.0,"turns":5.0},{"damage":20.0,"enemies":"Book of Stabbing","floor":27.0,"turns":5.0},{"damage":12.0,"enemies":"Shelled Parasite and Fungi","floor":28.0,"turns":4.0},{"damage":1.0,"enemies":"Snecko","floor":30.0,"turns":3.0},{"damage":74,"enemies":"Champ","floor":33,"turns":8}],"seed_played":"-2191982292459847253","potions_obtained":[{"floor":3.0,"key":"Fire Potion"},{"floor":4.0,"key":"Dexterity Potion"},{"floor":7.0,"key":"Swift Potion"},{"floor":16.0,"key":"Strength Potion"},{"floor":25.0,"key":"GamblersBrew"},{"floor":27.0,"key":"Weak Potion"},{"floor":28.0,"key":"Dexterity Potion"},{"floor":30.0,"key":"PowerPotion"}],"is_trial":false,"path_per_floor":["M","?","M","M","M","R","M","M","T","R","?","?","$","E","R","B",null,"M","?","M","?","$","R","M","M","T","E","M","R","M","?","R","B"],"character_chosen":"IRONCLAD","items_purchased":["Vajra","Shuriken","Battle Trance"],"campfire_rested":1,"item_purchase_floors":[13,22,22],"current_hp_per_floor":[69,43,49,46,29,29,25,14,14,36,36,40,40,32,32,22,62,61,59,62,62,62,62,70,75,75,61,57,57,64,64,64,0],"gold":140,"neow_bonus":"THREE_RARE_CARDS","is_prod":false,"is_daily":false,"chose_seed":false,"campfire_upgraded":5,"win_rate":0,"timestamp":1560616678,"path_taken":["M","?","M","M","M","R","M","M","T","R","?","?","$","E","R","BOSS","M","?","M","?","$","R","M","M","T","E","?","R","M","?","R","BOSS"],"build_version":"2019-01-23","purchased_purges":1,"victory":false,"max_hp_per_floor":[75,75,75,75,75,75,75,75,75,75,75,75,75,75,75,75,75,75,75,75,75,75,75,75,75,75,75,75,75,75,75,75,75],"card_choices":[{"not_picked":["Barricade","Double Tap"],"picked":"Immolate","floor":0.0},{"not_picked":["Sword Boomerang","Searing Blow"],"picked":"Iron Wave","floor":1.0},{"not_picked":["Sever Soul","Perfected Strike"],"picked":"Clothesline","floor":3.0},{"not_picked":["Heavy Blade","Shrug It Off"],"picked":"Metallicize","floor":4.0},{"not_picked":["Heavy Blade","Clash"],"picked":"Impervious","floor":5.0},{"not_picked":["Perfected Strike","Pommel Strike"],"picked":"Uppercut","floor":7.0},{"not_picked":["Heavy Blade","Sword Boomerang","Headbutt"],"picked":"SKIP","floor":8.0},{"not_picked":["Dropkick","Clash"],"picked":"Iron Wave","floor":10.0},{"not_picked":["Searing Blow","Warcry"],"picked":"Anger","floor":12.0},{"not_picked":["Headbutt","Pommel Strike","Clothesline"],"picked":"SKIP","floor":14.0},{"not_picked":["Demon Form","Offering"],"picked":"Reaper","floor":16.0},{"not_picked":["Wild Strike"],"picked":"SKIP","floor":18.0},{"not_picked":["Second Wind"],"picked":"SKIP","floor":20.0},{"not_picked":[],"picked":"Warcry+1","floor":24.0},{"not_picked":["Pommel Strike+1"],"picked":"SKIP","floor":25.0},{"not_picked":["Sever Soul"],"picked":"SKIP","floor":27.0},{"not_picked":["True Grit"],"picked":"SKIP","floor":28.0},{"not_picked":["Clash"],"picked":"SKIP","floor":30.0}],"player_experience":1053519,"relics_obtained":[{"floor":9.0,"key":"Dream Catcher"},{"floor":12.0,"key":"Bronze Scales"},{"floor":14.0,"key":"Bag of Marbles"},{"floor":26.0,"key":"Blood Vial"},{"floor":27.0,"key":"Oddly Smooth Stone"}],"event_choices":[{"damage_healed":0.0,"max_hp_gain":0.0,"max_hp_loss":0.0,"gold_gain":0.0,"event_name":"Golden Idol","player_choice":"Take Damage","floor":2.0,"gold_loss":0.0,"damage_taken":26.0,"relics_obtained":["Golden Idol"]},{"damage_healed":0.0,"max_hp_gain":0.0,"max_hp_loss":0.0,"gold_gain":0.0,"event_name":"Living Wall","player_choice":"Grow","floor":11.0,"gold_loss":0.0,"damage_taken":0.0,"cards_upgraded":["Uppercut"]},{"damage_healed":0.0,"max_hp_gain":0.0,"max_hp_loss":0.0,"gold_gain":0.0,"event_name":"Dead Adventurer","player_choice":"Searched \u00271\u0027 times","floor":12.0,"gold_loss":0.0,"damage_taken":0.0},{"damage_healed":0.0,"max_hp_gain":0.0,"max_hp_loss":0.0,"gold_gain":0.0,"event_name":"Colosseum","player_choice":"Fight","floor":19.0,"gold_loss":0.0,"damage_taken":0.0},{"damage_healed":0.0,"max_hp_gain":0.0,"max_hp_loss":0.0,"gold_gain":0.0,"event_name":"Colosseum","player_choice":"Fled From Nobs","floor":19.0,"gold_loss":0.0,"damage_taken":0.0},{"damage_healed":0.0,"max_hp_gain":0.0,"max_hp_loss":0.0,"gold_gain":275.0,"event_name":"Golden Shrine","player_choice":"Desecrate","floor":21.0,"gold_loss":0.0,"damage_taken":0.0,"cards_obtained":["Regret"]},{"cards_removed":["Strike_R"],"damage_healed":0,"gold_gain":0,"player_choice":"Gave Gold","damage_taken":0,"max_hp_gain":0,"max_hp_loss":0,"event_name":"Beggar","floor":31,"gold_loss":75}],"is_beta":false,"boss_relics":[{"not_picked":["Runic Cube","Tiny House"],"picked":"Busted Crown"}],"items_purged_floors":[22],"is_endless":false,"potions_floor_spawned":[3,4,7,16,19,25,27,28,30],"killed_by":"Champ","ascension_level":18}