{"gold_per_floor":[115,126,49,124,46,72,72,105,184,184,184,209,262,289,289,363,363,381,395,62,62],"floor_reached":21,"playtime":2312,"items_purged":["Strike_R"],"score":481,"play_id":"16ba7f86-1ff6-4372-9a3a-66af34c38b56","local_time":"20190619130946","is_ascension_mode":true,"campfire_choices":[{"data":"Rampage","floor":7,"key":"SMITH"},{"data":"Armaments","floor":11,"key":"SMITH"},{"data":"Inflame","floor":15,"key":"SMITH"}],"neow_cost":"NONE","seed_source_timestamp":164569762426933,"circlet_count":0,"master_deck":["AscendersBane","Strike_R","Strike_R","Strike_R","Strike_R","Defend_R","Defend_R","Defend_R","Defend_R","Bash","Armaments+1","Headbutt","Inflame+1","Rampage+1","Anger","Feed","Juggernaut","Heavy Blade","Disarm","Whirlwind","Feed","Inflame"],"relics":["Burning Blood","NeowsBlessing","PreservedInsect","Dream Catcher","Tiny Chest","Mercury Hourglass","Bronze Scales","Oddly Smooth Stone","Champion Belt","Orrery","Strawberry"],"potions_floor_usage":[12,12,14,21],"damage_taken":[{"damage":0,"enemies":"Jaw Worm","floor":1,"turns":1},{"damage":0,"enemies":"Cultist","floor":2,"turns":1},{"damage":0,"enemies":"Lagavulin","floor":6,"turns":1},{"damage":32,"enemies":"Gremlin Nob","floor":8,"turns":4},{"damage":0,"enemies":"3 Sentries","floor":12,"turns":5},{"damage":13,"enemies":"Lagavulin","floor":14,"turns":5},{"damage":27,"enemies":"The Guardian","floor":16,"turns":13},{"damage":31,"enemies":"Shell Parasite","floor":18,"turns":5},{"damage":23,"enemies":"Spheric Guardian","floor":19,"turns":4},{"damage":38,"enemies":"Cultist and Chosen","floor":21,"turns":5}],"seed_played":"3820767551830217980","potions_obtained":[{"floor":6,"key":"EssenceOfSteel"},{"floor":8,"key":"EssenceOfSteel"},{"floor":12,"key":"Dexterity Potion"},{"floor":16,"key":"Weak Potion"},{"floor":18,"key":"Weak Potion"}],"is_trial":false,"path_per_floor":["M","M","$","?","$","E","R","E","T","T","R","E","T","E","R","B",null,"M","M","$","M"],"character_chosen":"IRONCLAD","items_purchased":["Inflame","Rampage","Strawberry","Inflame"],"campfire_rested":0,"item_purchase_floors":[3,5,20,20],"current_hp_per_floor":[74,75,75,64,64,70,70,44,44,44,44,50,50,43,43,22,62,37,20,27,0],"gold":62,"neow_bonus":"THREE_ENEMY_KILL","is_prod":false,"is_daily":false,"chose_seed":false,"campfire_upgraded":3,"win_rate":0,"timestamp":1560960586,"path_taken":["M","M","$","?","$","E","R","E","T","?","R","E","?","E","R","BOSS","M","?","$","M"],"build_version":"2019-01-23","purchased_purges":1,"victory":false,"max_hp_per_floor":[75,75,75,75,75,75,75,75,75,75,75,75,75,75,75,75,75,75,75,82,85],"card_choices":[{"not_picked":["Flex","Shrug It Off"],"picked":"Armaments","floor":1},{"not_picked":["Searing Blow","Flex"],"picked":"Headbutt","floor":2},{"not_picked":["Clash","Body Slam","Bloodletting"],"picked":"SKIP","floor":6},{"not_picked":["Juggernaut","Twin Strike"],"picked":"Anger","floor":8},{"not_picked":["Power Through","Bloodletting"],"picked":"Feed","floor":12},{"not_picked":["Anger","Clothesline","Wild Strike"],"picked":"SKIP","floor":14},{"not_picked":["Dark Embrace","Exhume"],"picked":"Juggernaut","floor":16},{"not_picked":["Spot Weakness","Havoc"],"picked":"Heavy Blade","floor":17},{"not_picked":["Sentinel","Twin Strike"],"picked":"Disarm","floor":17},{"not_picked":["Armaments","Sentinel"],"picked":"Whirlwind","floor":18},{"not_picked":["Power Through","Sword Boomerang"],"picked":"Feed","floor":19}],"player_experience":1098788,"relics_obtained":[{"floor":6,"key":"PreservedInsect"},{"floor":8,"key":"Dream Catcher"},{"floor":9,"key":"Tiny Chest"},{"floor":10,"key":"Mercury Hourglass"},{"floor":12,"key":"Bronze Scales"},{"floor":13,"key":"Oddly Smooth Stone"},{"floor":14,"key":"Champion Belt"}],"event_choices":[{"damage_healed":0,"gold_gain":75,"player_choice":"Gather Gold","damage_taken":11,"max_hp_gain":0,"max_hp_loss":0,"event_name":"World of Goop","floor":4,"gold_loss":0}],"is_beta":false,"boss_relics":[{"not_picked":["Lizard Tail","Ectoplasm"],"picked":"Orrery"}],"items_purged_floors":[20],"is_endless":false,"potions_floor_spawned":[6,8,12,16,18],"killed_by":"Cultist and Chosen","ascension_level":18}