{"gold_per_floor":[110,129,129,27,27,60,60,85,85,85,102,102,430,430,430,505,505,516,532,532],"floor_reached":20,"playtime":905,"items_purged":[],"score":371,"play_id":"3e3383fc-4376-4497-9aa5-22c876e893c6","local_time":"20190401145032","is_ascension_mode":true,"campfire_choices":[{"floor":7,"key":"REST"},{"data":"Warcry","floor":10,"key":"SMITH"},{"data":"Bash","floor":12,"key":"SMITH"},{"data":"Whirlwind","floor":15,"key":"SMITH"}],"neow_cost":"PERCENT_DAMAGE","seed_source_timestamp":13368487035061,"circlet_count":0,"master_deck":["AscendersBane","Strike_R","Strike_R","Strike_R","Strike_R","Strike_R","Defend_R","Defend_R","Defend_R","Defend_R","Bash+1","Immolate+1","Pommel Strike","Warcry+1","Havoc","Thunderclap","Disarm","Whirlwind+1","Reaper","Dual Wield","Sentinel"],"relics":["Burning Blood","Mummified Hand","PreservedInsect","Dodecahedron","Mango","Old Coin","Sozu"],"potions_floor_usage":[13,16,16],"damage_taken":[{"damage":0,"enemies":"Cultist","floor":1,"turns":2},{"damage":1,"enemies":"2 Louse","floor":2,"turns":3},{"damage":56,"enemies":"Gremlin Nob","floor":6,"turns":5},{"damage":15,"enemies":"3 Sentries","floor":8,"turns":3},{"damage":0,"enemies":"Small Slimes","floor":11,"turns":2},{"damage":20,"enemies":"Lagavulin","floor":13,"turns":3},{"damage":24,"enemies":"Slime Boss","floor":16,"turns":8},{"damage":33,"enemies":"Shell Parasite","floor":18,"turns":5},{"damage":19,"enemies":"Chosen","floor":19,"turns":4},{"damage":51,"enemies":"Sentry and Sphere","floor":20,"turns":5}],"seed_played":"-4766187236112678085","potions_obtained":[{"floor":2,"key":"SpeedPotion"},{"floor":8,"key":"Fire Potion"},{"floor":13,"key":"Strength Potion"},{"floor":16,"key":"FearPotion"}],"is_trial":false,"path_per_floor":["M","M","?","$","T","E","R","E","T","R","M","R","E","?","R","B",null,"M","M","M"],"character_chosen":"IRONCLAD","items_purchased":["Havoc","Thunderclap"],"campfire_rested":1,"item_purchase_floors":[4,4],"current_hp_per_floor":[56,61,61,61,61,11,33,24,38,38,44,44,30,59,59,41,77,56,43,0],"gold":532,"neow_bonus":"THREE_RARE_CARDS","is_prod":false,"is_daily":false,"chose_seed":false,"campfire_upgraded":3,"win_rate":0,"timestamp":1554144632,"path_taken":["M","?","?","$","?","E","R","E","T","R","M","R","E","?","R","BOSS","M","M","M"],"build_version":"2019-01-23","purchased_purges":0,"victory":false,"max_hp_per_floor":[75,75,75,75,75,75,75,75,89,89,89,89,89,89,89,89,89,89,89,89],"card_choices":[{"not_picked":["Limit Break","Demon Form"],"picked":"Immolate","floor":0},{"not_picked":["Clothesline","Shrug It Off"],"picked":"Pommel Strike","floor":1},{"not_picked":["Cleave","Shrug It Off"],"picked":"Warcry","floor":2},{"not_picked":["Heavy Blade","Havoc","Ghostly Armor"],"picked":"SKIP","floor":6},{"not_picked":["Exhume","Sentinel"],"picked":"Disarm","floor":8},{"not_picked":["Armaments","Fire Breathing","Pommel Strike"],"picked":"SKIP","floor":11},{"not_picked":["Warcry","Perfected Strike"],"picked":"Whirlwind","floor":13},{"not_picked":["Feed","Fiend Fire"],"picked":"Reaper","floor":16},{"not_picked":["Armaments","Sever Soul+1"],"picked":"Dual Wield","floor":18},{"not_picked":["Anger","Cleave"],"picked":"Sentinel","floor":19}],"player_experience":602719,"relics_obtained":[{"floor":5,"key":"Mummified Hand"},{"floor":6,"key":"PreservedInsect"},{"floor":8,"key":"Dodecahedron"},{"floor":9,"key":"Mango"},{"floor":13,"key":"Old Coin"}],"event_choices":[{"damage_healed":0,"gold_gain":0,"player_choice":"Forge","damage_taken":0,"max_hp_gain":0,"max_hp_loss":0,"event_name":"Accursed Blacksmith","floor":3,"gold_loss":0,"cards_upgraded":["Immolate"]},{"damage_healed":29,"gold_gain":0,"player_choice":"Banana","damage_taken":0,"max_hp_gain":0,"max_hp_loss":0,"event_name":"Big Fish","floor":14,"gold_loss":0}],"is_beta":false,"boss_relics":[{"not_picked":["Pandora\u0027s Box","Black Star"],"picked":"Sozu"}],"items_purged_floors":[],"is_endless":false,"potions_floor_spawned":[2,8,13,16],"killed_by":"Sentry and Sphere","ascension_level":19}