{"gold_per_floor":[114,131,148,148,148,174,174,232,255,278,320,344,366,398,410,422],"floor_reached":16,"playtime":743,"items_purged":[],"score":136,"play_id":"06050cb1-117d-414d-9048-9551ac813ff2","local_time":"20190401202142","is_ascension_mode":true,"campfire_choices":[{"data":"Cleave","floor":7,"key":"SMITH"},{"floor":15,"key":"REST"}],"neow_cost":"NONE","seed_source_timestamp":1622051540363334,"circlet_count":0,"master_deck":["Strike_R","Strike_R","Strike_R","Strike_R","Strike_R","Defend_R","Defend_R","Defend_R","Defend_R","Bash","Flame Barrier","Sword Boomerang","Anger","Cleave+1","Combust","Limit Break","Shrug It Off","True Grit","Clash","Infernal Blade","Juggernaut"],"relics":["Burning Blood","Bag of Preparation","Bronze Scales","Tiny Chest","MawBank","Turnip"],"potions_floor_usage":[12,12],"damage_taken":[{"damage":7,"enemies":"Jaw Worm","floor":1,"turns":3},{"damage":6,"enemies":"Small Slimes","floor":2,"turns":3},{"damage":1,"enemies":"Cultist","floor":3,"turns":3},{"damage":36,"enemies":"3 Sentries","floor":6,"turns":7},{"damage":26,"enemies":"Lagavulin","floor":8,"turns":5},{"damage":8,"enemies":"Blue Slaver","floor":10,"turns":3},{"damage":18,"enemies":"Gremlin Nob","floor":11,"turns":4},{"damage":0,"enemies":"Gremlin Gang","floor":12,"turns":2},{"damage":12,"enemies":"Large Slime","floor":13,"turns":6},{"damage":16,"enemies":"Exordium Wildlife","floor":14,"turns":4},{"damage":32,"enemies":"The Guardian","floor":16,"turns":2}],"seed_played":"-9137469701989218652","potions_obtained":[{"floor":2,"key":"GamblersBrew"},{"floor":3,"key":"Dexterity Potion"},{"floor":10,"key":"Explosive Potion"},{"floor":11,"key":"BloodPotion"},{"floor":13,"key":"Strength Potion"}],"is_trial":false,"path_per_floor":["M","M","M","$","?","E","R","E","T","M","E","M","M","M","R","B"],"character_chosen":"IRONCLAD","items_purchased":[],"campfire_rested":1,"item_purchase_floors":[],"current_hp_per_floor":[79,79,80,80,73,43,43,23,23,21,9,23,17,7,31,0],"gold":422,"neow_bonus":"THREE_CARDS","is_prod":false,"is_daily":false,"chose_seed":false,"campfire_upgraded":1,"win_rate":0,"timestamp":1554142902,"path_taken":["M","M","M","$","?","E","R","E","T","M","E","M","M","M","R","BOSS"],"build_version":"2019-01-23","purchased_purges":0,"victory":false,"max_hp_per_floor":[80,80,80,80,80,80,80,80,80,80,80,80,80,80,80,80],"card_choices":[{"not_picked":["Carnage","Uppercut"],"picked":"Flame Barrier","floor":0},{"not_picked":["Pommel Strike","Havoc"],"picked":"Sword Boomerang","floor":1},{"not_picked":["True Grit","Ghostly Armor"],"picked":"Anger","floor":2},{"not_picked":["Warcry","Perfected Strike"],"picked":"Cleave","floor":3},{"not_picked":["Burning Pact","Heavy Blade"],"picked":"Combust","floor":6},{"not_picked":["Flame Barrier","Pommel Strike"],"picked":"Limit Break","floor":8},{"not_picked":["Pommel Strike","Rampage"],"picked":"Shrug It Off","floor":10},{"not_picked":["Hemokinesis","Exhume"],"picked":"True Grit","floor":11},{"not_picked":["Sword Boomerang","Warcry"],"picked":"Clash","floor":12},{"not_picked":["Havoc","Clothesline"],"picked":"Infernal Blade","floor":13},{"not_picked":["Rupture","Twin Strike"],"picked":"Juggernaut","floor":14}],"player_experience":84864,"relics_obtained":[{"floor":6,"key":"Bronze Scales"},{"floor":8,"key":"Tiny Chest"},{"floor":9,"key":"MawBank"},{"floor":11,"key":"Turnip"}],"event_choices":[{"damage_healed":0,"gold_gain":0,"player_choice":"Success","damage_taken":7,"relics_obtained":["Bag of Preparation"],"max_hp_gain":0,"max_hp_loss":0,"event_name":"Scrap Ooze","floor":5,"gold_loss":0}],"is_beta":false,"boss_relics":[],"items_purged_floors":[],"is_endless":false,"potions_floor_spawned":[2,3,10,11,13],"killed_by":"The Guardian","ascension_level":2}