{"gold_per_floor":[118,134,151,136,152,152,480,480,550,550,126,126,126,126,126,227,227,245,95,95,114,127,127,162,178,203,221,240,240,240,252,252,352,352,368,378,392,411,123,123,137,137,137,156,156,0,14,28,28,28],"floor_reached":51,"playtime":7985,"items_purged":["Strike_G","Strike_G"],"score":650,"play_id":"bebf22e6-24c9-4905-ae35-4d9023a058cd","local_time":"20190907191543","is_ascension_mode":false,"campfire_choices":[{"data":"A Thousand Cuts","floor":6,"key":"SMITH"},{"floor":8,"key":"REST"},{"data":"Crippling Poison","floor":10,"key":"SMITH"},{"data":"Blade Dance","floor":13,"key":"SMITH"},{"data":"Dash","floor":15,"key":"SMITH"},{"data":"Night Terror","floor":23,"key":"SMITH"},{"floor":29,"key":"REST"},{"floor":32,"key":"REST"},{"data":"Backstab","floor":40,"key":"SMITH"},{"floor":45,"key":"REST"},{"floor":49,"key":"REST"}],"neow_cost":"NONE","seed_source_timestamp":152844127233000,"circlet_count":0,"master_deck":["Strike_G","Defend_G","Defend_G","Defend_G","Defend_G","Survivor","Neutralize","Dash+1","Poisoned Stab","Crippling Poison+1","Predator","A Thousand Cuts+1","Poisoned Stab","Backflip","Blade Dance+1","Well Laid Plans+1","Night Terror+1","Dash+1","PiercingWail+1","Choke","PiercingWail+1","Noxious Fumes+1","Blur","Bullet Time","Backstab+1","Acrobatics+1","Backstab+1","Envenom+1","Night Terror","Dagger Spray+1","Deflect+1"],"relics":["Ring of the Snake","Old Coin","Frozen Egg 2","ClockworkSouvenir","Sozu","Snake Skull","Ginger","Happy Flower","Centennial Puzzle","Eternal Feather","Lantern","Question Card","Red Mask"],"potions_floor_usage":[28],"damage_taken":[{"damage":0,"enemies":"Small Slimes","floor":1,"turns":4},{"damage":0,"enemies":"Cultist","floor":2,"turns":5},{"damage":4,"enemies":"2 Louse","floor":3,"turns":3},{"damage":0,"enemies":"Exordium Thugs","floor":4,"turns":4},{"damage":7,"enemies":"Looter","floor":5,"turns":4},{"damage":20,"enemies":"3 Sentries","floor":7,"turns":8},{"damage":47,"enemies":"The Guardian","floor":16,"turns":10},{"damage":0,"enemies":"Shell Parasite","floor":18,"turns":4},{"damage":1,"enemies":"Chosen","floor":21,"turns":4},{"damage":12,"enemies":"3 Cultists","floor":22,"turns":4},{"damage":36,"enemies":"Slavers","floor":24,"turns":6},{"damage":0,"enemies":"Snake Plant","floor":25,"turns":5},{"damage":16,"enemies":"Snecko","floor":27,"turns":4},{"damage":3,"enemies":"Centurion and Healer","floor":28,"turns":5},{"damage":8,"enemies":"Snake Plant","floor":31,"turns":4},{"damage":12,"enemies":"Automaton","floor":33,"turns":9},{"damage":2,"enemies":"3 Darklings","floor":35,"turns":4},{"damage":6,"enemies":"3 Shapes","floor":36,"turns":3},{"damage":1,"enemies":"3 Darklings","floor":37,"turns":5},{"damage":30,"enemies":"4 Shapes","floor":38,"turns":4},{"damage":43,"enemies":"Transient","floor":41,"turns":5},{"damage":0,"enemies":"3 Darklings","floor":44,"turns":4},{"damage":12,"enemies":"Maw","floor":47,"turns":7},{"damage":4,"enemies":"4 Shapes","floor":48,"turns":4},{"damage":31,"enemies":"Donu and Deca","floor":50,"turns":7}],"seed_played":"8069612460379469098","potions_obtained":[{"floor":2,"key":"Strength Potion"},{"floor":7,"key":"LiquidBronze"}],"is_trial":false,"path_per_floor":["M","M","M","M","M","R","E","R","T","R","$","?","R","$","R","B",null,"M","$","?","M","M","R","E","M","T","M","M","R","?","M","R","B",null,"M","M","M","M","$","R","M","?","T","M","R","?","M","M","R","B",null],"character_chosen":"THE_SILENT","items_purchased":["Backflip","Blade Dance","Well Laid Plans+1","ClockworkSouvenir","Snake Skull","Lantern","Backstab"],"campfire_rested":5,"item_purchase_floors":[11,11,11,11,19,39,39],"current_hp_per_floor":[77,77,73,73,66,66,46,69,69,69,69,69,69,69,69,22,77,77,77,77,76,64,64,28,28,28,12,9,32,32,24,47,35,77,75,69,68,38,38,53,10,10,10,10,51,51,39,35,76,45],"gold":28,"neow_bonus":"TEN_PERCENT_HP_BONUS","is_prod":false,"is_daily":false,"chose_seed":false,"campfire_upgraded":6,"win_rate":0.0,"timestamp":1567876543,"path_taken":["M","M","M","M","M","R","E","R","T","R","$","?","R","?","R","BOSS","M","?","?","M","M","R","E","?","T","M","M","R","?","M","R","BOSS","M","?","M","M","$","R","M","?","T","?","R","?","M","M","R","BOSS"],"build_version":"2019-07-17","purchased_purges":2,"victory":true,"max_hp_per_floor":[77,77,77,77,77,77,77,77,77,77,77,77,77,77,77,77,77,77,77,77,77,77,77,77,77,77,77,77,77,77,77,77,77,77,77,77,77,77,77,77,77,77,77,77,77,77,77,77,77,77],"card_choices":[{"not_picked":["Prepared","Outmaneuver"],"picked":"Dash","floor":1},{"not_picked":["Acrobatics","PiercingWail"],"picked":"Poisoned Stab","floor":2},{"not_picked":["Sucker Punch","Blade Dance"],"picked":"Crippling Poison","floor":3},{"not_picked":["Quick Slash","Slice"],"picked":"Predator","floor":4},{"not_picked":["Deadly Poison","Calculated Gamble"],"picked":"A Thousand Cuts","floor":5},{"not_picked":["Sucker Punch","Eviscerate"],"picked":"Poisoned Stab","floor":7},{"not_picked":["Tools of the Trade+1","Wraith Form v2+1"],"picked":"Night Terror","floor":16},{"not_picked":["Dagger Spray+1","Sucker Punch"],"picked":"Dash+1","floor":18},{"not_picked":["Expertise","Underhanded Strike"],"picked":"PiercingWail+1","floor":21},{"not_picked":["Poisoned Stab","Deadly Poison"],"picked":"Choke","floor":22},{"not_picked":["Venomology","Slice"],"picked":"PiercingWail+1","floor":24},{"not_picked":["Dash","Sucker Punch+1","Reflex"],"picked":"SKIP","floor":25},{"not_picked":["Deflect","Deadly Poison"],"picked":"Noxious Fumes+1","floor":27},{"not_picked":["Bouncing Flask","Masterful Stab+1"],"picked":"Blur","floor":28},{"not_picked":["Sucker Punch+1","Blade Dance","Quick Slash"],"picked":"SKIP","floor":31},{"not_picked":["A Thousand Cuts+1","Tools of the Trade+1"],"picked":"Bullet Time","floor":33},{"not_picked":["Endless Agony","Reflex+1","Dagger Spray+1"],"picked":"SKIP","floor":35},{"not_picked":["Sucker Punch+1","Heel Hook"],"picked":"Backstab+1","floor":36},{"not_picked":["Eviscerate+1","Tactician+1"],"picked":"Acrobatics+1","floor":37},{"not_picked":["Deadly Poison","Flying Knee","Backflip"],"picked":"SKIP","floor":38},{"not_picked":["Prepared","Dagger Spray+1"],"picked":"Envenom+1","floor":41},{"not_picked":["Dodge and Roll+1","Masterful Stab+1","Dagger Throw"],"picked":"Dagger Spray+1","floor":44},{"not_picked":["Outmaneuver","Deadly Poison+1","Bouncing Flask","Reflex+1"],"picked":"SKIP","floor":47},{"not_picked":["Predator","Poisoned Stab","Acrobatics+1"],"picked":"Deflect+1","floor":48}],"player_experience":13114,"relics_obtained":[{"floor":7,"key":"Old Coin"},{"floor":9,"key":"Frozen Egg 2"},{"floor":24,"key":"Happy Flower"},{"floor":26,"key":"Centennial Puzzle"},{"floor":43,"key":"Question Card"}],"event_choices":[{"cards_removed":["Strike_G"],"damage_healed":0,"gold_gain":0,"player_choice":"Purged","damage_taken":0,"max_hp_gain":0,"max_hp_loss":0,"event_name":"Purifier","floor":12,"gold_loss":0},{"damage_healed":0,"gold_gain":0,"player_choice":"Gave Potion","damage_taken":0,"relics_obtained":["Ginger"],"max_hp_gain":0,"max_hp_loss":0,"event_name":"WeMeetAgain","floor":20,"gold_loss":0},{"cards_removed":["Strike_G"],"damage_healed":0,"gold_gain":0,"player_choice":"Offered Basic","damage_taken":0,"max_hp_gain":0,"max_hp_loss":0,"event_name":"Bonfire Elementals","floor":30,"gold_loss":0},{"damage_healed":0,"gold_gain":0,"cards_transformed":["Defend_G"],"player_choice":"Transformed","damage_taken":0,"max_hp_gain":0,"max_hp_loss":0,"event_name":"Transmorgrifier","floor":42,"gold_loss":0,"cards_obtained":["Night Terror"]},{"damage_healed":0,"gold_gain":0,"player_choice":"Paid","damage_taken":0,"relics_obtained":["Red Mask"],"max_hp_gain":0,"max_hp_loss":0,"event_name":"Tomb of Lord Red Mask","floor":46,"gold_loss":156}],"is_beta":false,"boss_relics":[{"not_picked":["Tiny House","Empty Cage"],"picked":"Sozu"},{"not_picked":["Runic Dome","Philosopher\u0027s Stone"],"picked":"Eternal Feather"}],"items_purged_floors":[11,39],"is_endless":false,"potions_floor_spawned":[2,7,21,24,28,31,33,35,37,38,41],"ascension_level":0}