{"gold_per_floor":[214,230,244,262,67,67,98,98,98,123,133,133,159,172,172,268,268,286,286,44,61,77,106,121,132,132,161,17,17,34,65,65,167,167,183,1182,1182,1182,408,408,428,461,461,461,480,505,505,521,521,521,521,521,69,94,94],"floor_reached":56,"playtime":3307,"items_purged":["Strike_R","Normality","Normality"],"score":2063,"play_id":"1abc9a96-b40d-4fa1-b740-6d3c8c5726ed","local_time":"20191025000833","is_ascension_mode":true,"campfire_choices":[{"data":"Whirlwind","floor":6.0,"key":"SMITH"},{"floor":8.0,"key":"REST"},{"data":"Feed","floor":12.0,"key":"SMITH"},{"data":"Combust","floor":15.0,"key":"SMITH"},{"floor":29.0,"key":"REST"},{"floor":32.0,"key":"REST"},{"floor":44.0,"key":"REST"},{"floor":47.0,"key":"REST"},{"floor":49.0,"key":"RECALL"},{"data":"Barricade","floor":52.0,"key":"SMITH"}],"neow_cost":"NONE","seed_source_timestamp":0,"circlet_count":0,"master_deck":["AscendersBane","Strike_R","Strike_R","Strike_R","Strike_R","Defend_R","Defend_R","Defend_R","Defend_R+1","Bash","Whirlwind+1","Battle Trance","Twin Strike","Pommel Strike","Feed+1","Exhume","Combust+1","True Grit","Barricade+1","Shrug It Off","Warcry+1","Offering","Evolve","Rupture","Feel No Pain","Entrench+1","Juggernaut","Disarm+1","Dark Embrace","Reaper","Feel No Pain+1","Second Wind+1","Disarm","True Grit+1","Flame Barrier+1","Corruption+1","Body Slam+1","Spot Weakness"],"special_seed":0,"relics":["Burning Blood","Chemical X","Du-Vu Doll","Gremlin Horn","Self Forming Clay","Odd Mushroom","Black Star","Bottled Tornado","Potion Belt","Mercury Hourglass","Paper Frog","Dream Catcher","Unceasing Top","Question Card","Anchor","Cursed Key","Pantograph","War Paint","Omamori","Oddly Smooth Stone","Nunchaku","Blood Vial","Bottled Flame","Dodecahedron","Gambling Chip"],"potions_floor_usage":[55,55,55],"damage_taken":[{"damage":6.0,"enemies":"Cultist","floor":1.0,"turns":4.0},{"damage":24.0,"enemies":"Small Slimes","floor":2.0,"turns":4.0},{"damage":7.0,"enemies":"Jaw Worm","floor":3.0,"turns":3.0},{"damage":14.0,"enemies":"Red Slaver","floor":4.0,"turns":3.0},{"damage":25.0,"enemies":"Lagavulin","floor":7.0,"turns":6.0},{"damage":17.0,"enemies":"Gremlin Nob","floor":10.0,"turns":4.0},{"damage":13.0,"enemies":"Large Slime","floor":11.0,"turns":3.0},{"damage":0.0,"enemies":"The Mushroom Lair","floor":13.0,"turns":1.0},{"damage":6.0,"enemies":"Looter","floor":14.0,"turns":4.0},{"damage":5.0,"enemies":"Slime Boss","floor":16.0,"turns":6.0},{"damage":17.0,"enemies":"2 Thieves","floor":18.0,"turns":2.0},{"damage":16.0,"enemies":"Chosen","floor":21.0,"turns":5.0},{"damage":17.0,"enemies":"Sentry and Sphere","floor":22.0,"turns":5.0},{"damage":25.0,"enemies":"Gremlin Leader","floor":23.0,"turns":5.0},{"damage":0.0,"enemies":"3 Cultists","floor":24.0,"turns":2.0},{"damage":33.0,"enemies":"Snake Plant","floor":25.0,"turns":3.0},{"damage":29.0,"enemies":"Slavers","floor":27.0,"turns":5.0},{"damage":11.0,"enemies":"Snecko","floor":30.0,"turns":5.0},{"damage":40.0,"enemies":"Book of Stabbing","floor":31.0,"turns":6.0},{"damage":44.0,"enemies":"Collector","floor":33.0,"turns":9.0},{"damage":26.0,"enemies":"Orb Walker","floor":35.0,"turns":4.0},{"damage":69.0,"enemies":"Giant Head","floor":40.0,"turns":8.0},{"damage":0.0,"enemies":"3 Shapes","floor":41.0,"turns":8.0},{"damage":37.0,"enemies":"Nemesis","floor":42.0,"turns":7.0},{"damage":24.0,"enemies":"3 Darklings","floor":45.0,"turns":5.0},{"damage":24.0,"enemies":"Reptomancer","floor":46.0,"turns":7.0},{"damage":6.0,"enemies":"Jaw Worm Horde","floor":48.0,"turns":2.0},{"damage":45.0,"enemies":"Time Eater","floor":50.0,"turns":7.0},{"damage":89.0,"enemies":"Shield and Spear","floor":54.0,"turns":8.0},{"damage":55,"enemies":"The Heart","floor":55,"turns":8}],"seed_played":"8331675377656769004","potions_obtained":[{"floor":2.0,"key":"PowerPotion"},{"floor":3.0,"key":"Ancient Potion"},{"floor":11.0,"key":"LiquidBronze"},{"floor":13.0,"key":"Dexterity Potion"},{"floor":23.0,"key":"SpeedPotion"},{"floor":27.0,"key":"Weak Potion"},{"floor":31.0,"key":"SmokeBomb"},{"floor":33.0,"key":"Energy Potion"},{"floor":45.0,"key":"Strength Potion"},{"floor":46.0,"key":"Regen Potion"},{"floor":48.0,"key":"BloodPotion"},{"floor":54.0,"key":"Explosive Potion"}],"is_trial":false,"path_per_floor":["M","M","M","M","$","R","E","R","T","E","M","R","?","M","R","B",null,"M","?","$","M","M","E","M","M","T","E","$","R","M","E","R","B",null,"M","?","?","?","$","E","M","E","T","R","M","E","R","M","R","B",null,"R","$","E","B",null],"character_chosen":"IRONCLAD","items_purchased":["Chemical X","Bottled Tornado","Feel No Pain","Pantograph","War Paint","Reaper","Ancient Potion","Fire Potion","LiquidBronze","Bottled Flame"],"campfire_rested":5,"item_purchase_floors":[5,20,28,39,39,39,39,39,53,53],"current_hp_per_floor":[72,54,53,45,45,45,26,50,50,42,41,41,47,51,51,60,91,84,84,84,78,71,52,58,31,31,16,16,52,47,13,49,11,94,74,74,74,74,74,23,33,12,12,50,49,31,69,81,81,84,118,118,118,75,62],"gold":94,"neow_bonus":"HUNDRED_GOLD","is_prod":false,"is_daily":false,"chose_seed":false,"campfire_upgraded":4,"win_rate":0,"timestamp":1571987313,"path_taken":["M","M","?","M","$","R","E","R","T","E","M","R","?","M","R","BOSS","M","?","$","M","?","E","M","M","T","E","$","R","M","E","R","BOSS","M","?","?","?","$","E","M","E","T","R","?","E","R","M","R","BOSS","R","$","E","BOSS"],"build_version":"2019-07-17","purchased_purges":3,"victory":true,"max_hp_per_floor":[80,80,80,80,80,80,80,80,80,83,89,89,89,93,93,101,101,105,105,105,109,113,113,113,113,113,121,121,121,121,121,121,121,121,121,121,121,121,121,121,125,129,129,129,129,129,129,129,129,129,129,129,129,129,129],"card_choices":[{"not_picked":["Thunderclap","Power Through"],"picked":"Whirlwind","floor":1.0},{"not_picked":["Headbutt","Sentinel"],"picked":"Battle Trance","floor":2.0},{"not_picked":["Disarm","Wild Strike"],"picked":"Twin Strike","floor":3.0},{"not_picked":["Clash","Dual Wield"],"picked":"Pommel Strike","floor":4.0},{"not_picked":["Demon Form","Rampage"],"picked":"Feed","floor":7.0},{"not_picked":["Infernal Blade","Shrug It Off"],"picked":"Exhume","floor":10.0},{"not_picked":["Anger","Sentinel"],"picked":"Combust","floor":11.0},{"not_picked":["Pummel","Blood for Blood"],"picked":"True Grit","floor":13.0},{"not_picked":["Flex","Clash","Sword Boomerang"],"picked":"SKIP","floor":14.0},{"not_picked":["Juggernaut","Brutality"],"picked":"Barricade","floor":16.0},{"not_picked":["Searing Blow+1","Clothesline"],"picked":"Shrug It Off","floor":18.0},{"not_picked":["Thunderclap","Anger+1","Reckless Charge"],"picked":"SKIP","floor":21.0},{"not_picked":["Sever Soul","Evolve"],"picked":"Warcry+1","floor":22.0},{"not_picked":["Barricade","Warcry"],"picked":"Offering","floor":23.0},{"not_picked":["True Grit","Power Through"],"picked":"Evolve","floor":24.0},{"not_picked":["Sword Boomerang","Cleave"],"picked":"Rupture","floor":25.0},{"not_picked":["Headbutt","Anger","Clash"],"picked":"SKIP","floor":27.0},{"not_picked":["Double Tap","Perfected Strike"],"picked":"Entrench","floor":30.0},{"not_picked":["Barricade","Pommel Strike"],"picked":"Juggernaut","floor":31.0},{"not_picked":["Headbutt","Sever Soul","Thunderclap"],"picked":"Disarm+1","floor":32.0},{"not_picked":["Brutality","Barricade","Fiend Fire"],"picked":"Dark Embrace","floor":33.0},{"not_picked":["Cleave","Hemokinesis","Twin Strike","Iron Wave+1"],"picked":"SKIP","floor":35.0},{"not_picked":["Perfected Strike+1","Spot Weakness","Combust"],"picked":"Feel No Pain+1","floor":41.0},{"not_picked":["Flex","Heavy Blade+1","Clash"],"picked":"Second Wind+1","floor":42.0},{"not_picked":["Flex","Pommel Strike+1","Wild Strike+1"],"picked":"Disarm","floor":44.0},{"not_picked":["Armaments","Perfected Strike+1","Evolve"],"picked":"True Grit+1","floor":45.0},{"not_picked":["Headbutt","Spot Weakness+1","Berserk"],"picked":"Flame Barrier+1","floor":46.0},{"not_picked":["Sword Boomerang","True Grit+1","Wild Strike"],"picked":"Corruption+1","floor":47.0},{"not_picked":["Armaments","Heavy Blade","Iron Wave"],"picked":"Body Slam+1","floor":48.0},{"not_picked":["Anger","Twin Strike+1","Rupture"],"picked":"Spot Weakness","floor":54.0}],"player_experience":446514,"relics_obtained":[{"floor":7.0,"key":"Du-Vu Doll"},{"floor":9.0,"key":"Gremlin Horn"},{"floor":10.0,"key":"Self Forming Clay"},{"floor":13.0,"key":"Odd Mushroom"},{"floor":23.0,"key":"Potion Belt"},{"floor":23.0,"key":"Mercury Hourglass"},{"floor":26.0,"key":"Paper Frog"},{"floor":27.0,"key":"Dream Catcher"},{"floor":27.0,"key":"Unceasing Top"},{"floor":31.0,"key":"Question Card"},{"floor":31.0,"key":"Anchor"},{"floor":42.0,"key":"Omamori"},{"floor":42.0,"key":"Oddly Smooth Stone"},{"floor":46.0,"key":"Nunchaku"},{"floor":46.0,"key":"Blood Vial"},{"floor":54.0,"key":"Dodecahedron"},{"floor":54.0,"key":"Gambling Chip"}],"event_choices":[{"damage_healed":0.0,"max_hp_gain":0.0,"max_hp_loss":0.0,"gold_gain":0.0,"event_name":"Mushrooms","player_choice":"Fought Mushrooms","floor":13.0,"gold_loss":0.0,"damage_taken":0.0},{"damage_healed":0.0,"max_hp_gain":0.0,"max_hp_loss":0.0,"gold_gain":0.0,"event_name":"N\u0027loth","player_choice":"Ignored","floor":19.0,"gold_loss":0.0,"damage_taken":0.0},{"damage_healed":0.0,"max_hp_gain":0.0,"max_hp_loss":0.0,"gold_gain":999.0,"event_name":"MindBloom","player_choice":"Gold","floor":36.0,"gold_loss":0.0,"damage_taken":0.0,"cards_obtained":["Normality","Normality"]},{"damage_healed":0.0,"max_hp_gain":0.0,"max_hp_loss":0.0,"gold_gain":0.0,"event_name":"Mysterious Sphere","player_choice":"Ignored","floor":37.0,"gold_loss":0.0,"damage_taken":0.0},{"damage_healed":0.0,"max_hp_gain":0.0,"max_hp_loss":0.0,"gold_gain":0.0,"event_name":"Tomb of Lord Red Mask","player_choice":"Ignored","floor":38.0,"gold_loss":0.0,"damage_taken":0.0}],"is_beta":false,"boss_relics":[{"not_picked":["Runic Cube","Black Blood"],"picked":"Black Star"},{"not_picked":["Runic Pyramid","Lizard Tail"],"picked":"Cursed Key"}],"items_purged_floors":[28,39,53],"is_endless":false,"potions_floor_spawned":[2,3,11,13,14,21,23,27,31,33,40,45,46,48,54],"ascension_level":11}