{"gold_per_floor":[110,123,136,61,61,88,88,108,108,108,283,283,29,29,29,132,132,148,23,23,40,56,90,90],"floor_reached":24,"playtime":1626,"items_purged":["Strike_R","Doubt","Defend_R"],"score":317,"play_id":"37580776-9a46-49d8-89fe-6094fbd80cfb","local_time":"20190505122608","is_ascension_mode":true,"campfire_choices":[{"data":"Pommel Strike","floor":7,"key":"SMITH"},{"data":"Flame Barrier","floor":10,"key":"SMITH"},{"data":"Bloodletting","floor":12,"key":"SMITH"},{"floor":15,"key":"REST"}],"neow_cost":"NONE","seed_source_timestamp":934971600728500,"circlet_count":0,"master_deck":["Strike_R","Strike_R","Strike_R","Strike_R","Defend_R","Defend_R","Defend_R","Bash","Impervious","Bloodletting+1","Pommel Strike+1","Flame Barrier+1","Wild Strike","Impervious","Armaments","Flame Barrier+1","Spot Weakness+1","Metallicize+1","Metallicize"],"relics":["Burning Blood","Gambling Chip","Incense Burner","Nunchaku","Anchor","Velvet Choker","Pen Nib"],"potions_floor_usage":[16,16,22],"damage_taken":[{"damage":0,"enemies":"2 Louse","floor":1,"turns":3},{"damage":10,"enemies":"Jaw Worm","floor":2,"turns":5},{"damage":3,"enemies":"Cultist","floor":3,"turns":2},{"damage":41,"enemies":"3 Sentries","floor":6,"turns":13},{"damage":4,"enemies":"Looter","floor":8,"turns":3},{"damage":6,"enemies":"Slime Boss","floor":16,"turns":7},{"damage":3,"enemies":"3 Byrds","floor":18,"turns":3},{"damage":13,"enemies":"Shell Parasite","floor":21,"turns":7},{"damage":10,"enemies":"Chosen and Byrds","floor":22,"turns":4},{"damage":16,"enemies":"Book of Stabbing","floor":23,"turns":6},{"damage":12,"enemies":"Colosseum Slavers","floor":24,"turns":6},{"damage":53,"enemies":"Colosseum Nobs","floor":24,"turns":7}],"seed_played":"949503770965910698","potions_obtained":[{"floor":1,"key":"FearPotion"},{"floor":6,"key":"Strength Potion"},{"floor":8,"key":"PowerPotion"},{"floor":21,"key":"GamblersBrew"},{"floor":23,"key":"SteroidPotion"}],"is_trial":false,"path_per_floor":["M","M","M","$","?","E","R","M","T","R","?","R","$","$","R","B",null,"M","$","?","M","M","E","?"],"character_chosen":"IRONCLAD","items_purchased":["Anchor"],"campfire_rested":1,"item_purchase_floors":[13],"current_hp_per_floor":[80,76,79,79,67,32,32,34,34,34,34,34,34,34,58,58,80,80,80,80,73,69,59,0],"gold":90,"neow_bonus":"ONE_RANDOM_RARE_CARD","is_prod":false,"is_daily":false,"chose_seed":false,"campfire_upgraded":3,"win_rate":0,"timestamp":1557048368,"path_taken":["M","M","M","$","?","E","R","M","T","R","?","R","?","$","R","BOSS","M","$","?","M","?","E","?"],"build_version":"2019-01-23","purchased_purges":3,"victory":false,"max_hp_per_floor":[80,80,80,80,80,80,80,80,80,80,80,80,80,80,80,80,80,80,80,80,80,80,80,80],"card_choices":[{"not_picked":["Fire Breathing","Havoc"],"picked":"Bloodletting","floor":1},{"not_picked":["Anger","Headbutt"],"picked":"Pommel Strike","floor":2},{"not_picked":["Wild Strike","Power Through"],"picked":"Flame Barrier","floor":3},{"not_picked":["Clash","Thunderclap"],"picked":"Wild Strike","floor":6},{"not_picked":["Corruption","Thunderclap","Combust"],"picked":"SKIP","floor":8},{"not_picked":["Offering","Immolate"],"picked":"Impervious","floor":16},{"not_picked":["Thunderclap","Flex"],"picked":"Armaments","floor":18},{"not_picked":["True Grit","Bloodletting"],"picked":"Spot Weakness+1","floor":21},{"not_picked":["Power Through","Second Wind"],"picked":"Metallicize+1","floor":22},{"not_picked":["Anger","Inflame"],"picked":"Metallicize","floor":23}],"player_experience":349851,"relics_obtained":[{"floor":6,"key":"Incense Burner"},{"floor":9,"key":"Nunchaku"},{"floor":23,"key":"Pen Nib"}],"event_choices":[{"damage_healed":0,"gold_gain":0,"player_choice":"Success","damage_taken":12,"relics_obtained":["Gambling Chip"],"max_hp_gain":0,"max_hp_loss":0,"event_name":"Scrap Ooze","floor":5,"gold_loss":0},{"damage_healed":0,"gold_gain":175,"player_choice":"AGREE","damage_taken":0,"max_hp_gain":0,"max_hp_loss":0,"event_name":"Liars Game","floor":11,"gold_loss":0,"cards_obtained":["Doubt"]},{"damage_healed":0,"gold_gain":0,"player_choice":"Copied","damage_taken":0,"max_hp_gain":0,"max_hp_loss":0,"event_name":"Duplicator","floor":20,"gold_loss":0,"cards_obtained":["Flame Barrier"]},{"damage_healed":0,"gold_gain":0,"player_choice":"Fight","damage_taken":0,"max_hp_gain":0,"max_hp_loss":0,"event_name":"Colosseum","floor":24,"gold_loss":0},{"damage_healed":0,"gold_gain":0,"player_choice":"Fought Nobs","damage_taken":0,"max_hp_gain":0,"max_hp_loss":0,"event_name":"Colosseum","floor":24,"gold_loss":0}],"is_beta":false,"boss_relics":[{"not_picked":["Snecko Eye","Fusion Hammer"],"picked":"Velvet Choker"}],"items_purged_floors":[4,13,19],"is_endless":false,"potions_floor_spawned":[1,6,8,21,23,24],"killed_by":"Colosseum Nobs","ascension_level":4}