{"gold_per_floor":[20,38,38,3,3,31,31,51,51,66,66,80,95,120,120,220,220,235,246,246,246,246,246,279,279,303,8,8,38,38,53,53,53],"floor_reached":33,"playtime":2147,"items_purged":[],"score":293,"play_id":"0439e936-ebd9-4a9f-bbc4-905946f7df2a","local_time":"20190912230950","is_ascension_mode":false,"campfire_choices":[{"floor":7,"key":"REST"},{"data":"Searing Blow","floor":11,"key":"SMITH"},{"floor":15,"key":"REST"},{"floor":23,"key":"REST"},{"floor":25,"key":"REST"},{"floor":28,"key":"REST"},{"data":"Searing Blow+1","floor":30,"key":"SMITH"},{"floor":32,"key":"REST"}],"neow_cost":"NO_GOLD","seed_source_timestamp":51014351127000,"circlet_count":0,"master_deck":["Strike_R+1","Strike_R+1","Strike_R+1","Strike_R+1","Strike_R+1","Defend_R+1","Defend_R+1","Defend_R+1","Defend_R+1","Bash","Flex","Reckless Charge+1","Anger","Searing Blow+2","Rampage","Twin Strike","Shrug It Off+1","Pommel Strike","Intimidate","Anger","Fiend Fire","Armaments","Shrug It Off+1","RitualDagger","Ghostly Armor+1","Clothesline","Feel No Pain+1","Pummel+1","Cleave","Anger+1","Metallicize"],"relics":["Burning Blood","WingedGreaves","Gambling Chip","Dream Catcher","Question Card","Mercury Hourglass","Busted Crown","Self Forming Clay","Boot","Pantograph","War Paint"],"potions_floor_usage":[16,16,16,33,33],"damage_taken":[{"damage":3,"enemies":"Jaw Worm","floor":1,"turns":4},{"damage":6,"enemies":"Small Slimes","floor":2,"turns":3},{"damage":57,"enemies":"3 Sentries","floor":6,"turns":11},{"damage":0,"enemies":"2 Louse","floor":8,"turns":2},{"damage":0,"enemies":"2 Fungi Beasts","floor":10,"turns":2},{"damage":9,"enemies":"Blue Slaver","floor":12,"turns":3},{"damage":20,"enemies":"Exordium Thugs","floor":13,"turns":4},{"damage":18,"enemies":"Lagavulin","floor":14,"turns":5},{"damage":25,"enemies":"Slime Boss","floor":16,"turns":8},{"damage":30,"enemies":"Shell Parasite","floor":18,"turns":4},{"damage":11,"enemies":"Spheric Guardian","floor":19,"turns":4},{"damage":28,"enemies":"Slavers","floor":24,"turns":5},{"damage":26,"enemies":"Book of Stabbing","floor":29,"turns":7},{"damage":13,"enemies":"Shelled Parasite and Fungi","floor":31,"turns":4},{"damage":98,"enemies":"Collector","floor":33,"turns":6}],"seed_played":"-4736232984904047714","potions_obtained":[{"floor":1,"key":"SpeedPotion"},{"floor":10,"key":"AttackPotion"},{"floor":12,"key":"FearPotion"},{"floor":29,"key":"Weak Potion"}],"is_trial":false,"path_per_floor":["M","M","?","?","?","E","R","M","T","M","R","M","M","E","R","B",null,"M","M","?","?","?","R","E","R","T","$","R","E","R","M","R","B"],"character_chosen":"IRONCLAD","items_purchased":["Pantograph","FearPotion"],"campfire_rested":6,"item_purchase_floors":[27,27],"current_hp_per_floor":[80,80,62,80,80,29,53,59,59,65,65,62,48,36,60,41,80,56,51,45,30,30,55,33,58,58,58,83,63,63,56,81,0],"gold":53,"neow_bonus":"ONE_RARE_RELIC","is_prod":false,"is_daily":false,"chose_seed":false,"campfire_upgraded":2,"win_rate":0.0,"timestamp":1568354990,"path_taken":["M","M","?","?","?","E","R","M","T","M","R","M","M","E","R","BOSS","M","M","?","?","?","R","E","R","T","$","R","E","R","M","R","BOSS"],"build_version":"2019-07-17","purchased_purges":0,"victory":false,"max_hp_per_floor":[80,80,80,80,80,80,80,80,80,80,80,80,80,80,80,80,80,80,80,80,85,85,85,85,85,85,85,85,85,85,85,85,85],"card_choices":[{"not_picked":["Battle Trance","Intimidate"],"picked":"Flex","floor":1},{"not_picked":["Armaments","Corruption"],"picked":"Reckless Charge","floor":2},{"not_picked":["Flex","Flame Barrier"],"picked":"Anger","floor":6},{"not_picked":["Iron Wave","Whirlwind"],"picked":"Searing Blow","floor":7},{"not_picked":["Twin Strike","True Grit"],"picked":"Rampage","floor":8},{"not_picked":["Shockwave","Carnage","Thunderclap"],"picked":"Twin Strike","floor":10},{"not_picked":["Body Slam","Clash","Sword Boomerang"],"picked":"Shrug It Off","floor":12},{"not_picked":["Wild Strike","Heavy Blade","Whirlwind"],"picked":"Pommel Strike","floor":13},{"not_picked":["Juggernaut","Sword Boomerang","Bludgeon"],"picked":"Intimidate","floor":14},{"not_picked":["Sever Soul","Perfected Strike","Cleave"],"picked":"Anger","floor":15},{"not_picked":["Bludgeon","Brutality","Double Tap"],"picked":"Fiend Fire","floor":16},{"not_picked":["Wild Strike"],"picked":"Armaments","floor":18},{"not_picked":["Pommel Strike"],"picked":"Shrug It Off","floor":19},{"not_picked":["Warcry"],"picked":"Ghostly Armor+1","floor":23},{"not_picked":["Whirlwind"],"picked":"Clothesline","floor":24},{"not_picked":["Berserk"],"picked":"Feel No Pain+1","floor":25},{"not_picked":["Headbutt"],"picked":"Pummel+1","floor":28},{"not_picked":["Pommel Strike"],"picked":"Cleave","floor":29},{"not_picked":["Power Through"],"picked":"Anger+1","floor":31},{"not_picked":["Heavy Blade+1"],"picked":"Metallicize","floor":32}],"player_experience":30999,"relics_obtained":[{"floor":6,"key":"Dream Catcher"},{"floor":9,"key":"Question Card"},{"floor":14,"key":"Mercury Hourglass"},{"floor":24,"key":"Self Forming Clay"},{"floor":26,"key":"Boot"},{"floor":29,"key":"War Paint"}],"event_choices":[{"damage_healed":0,"gold_gain":0,"player_choice":"Success","damage_taken":18,"relics_obtained":["Gambling Chip"],"max_hp_gain":0,"max_hp_loss":0,"event_name":"Scrap Ooze","floor":3,"gold_loss":0},{"damage_healed":20,"gold_gain":0,"player_choice":"Healed","damage_taken":0,"max_hp_gain":0,"max_hp_loss":0,"event_name":"The Cleric","floor":4,"gold_loss":35},{"damage_healed":0,"gold_gain":0,"player_choice":"Grow","damage_taken":0,"max_hp_gain":0,"max_hp_loss":0,"event_name":"Living Wall","floor":5,"gold_loss":0,"cards_upgraded":["Reckless Charge"]},{"damage_healed":0,"gold_gain":0,"player_choice":"Joined the Cult","damage_taken":6,"max_hp_gain":0,"max_hp_loss":0,"event_name":"Nest","floor":20,"gold_loss":0,"cards_obtained":["RitualDagger"]},{"damage_healed":0,"gold_gain":0,"player_choice":"Shed Blood","damage_taken":20,"max_hp_gain":5,"max_hp_loss":0,"event_name":"Forgotten Altar","floor":21,"gold_loss":0},{"damage_healed":0,"gold_gain":0,"player_choice":"Simplicity","damage_taken":0,"max_hp_gain":0,"max_hp_loss":0,"event_name":"Back to Basics","floor":22,"gold_loss":0,"cards_upgraded":["Strike_R","Strike_R","Strike_R","Strike_R","Strike_R","Defend_R","Defend_R","Defend_R","Defend_R"]}],"is_beta":false,"boss_relics":[{"not_picked":["Runic Cube","Ectoplasm"],"picked":"Busted Crown"}],"items_purged_floors":[],"is_endless":false,"potions_floor_spawned":[1,10,12,14,29],"killed_by":"Collector","ascension_level":0}