{"gold_per_floor":[219,219,232,12,12,40,40,53,53,81,27,43,58,73,73,73],"floor_reached":16,"playtime":528,"items_purged":["Strike_R"],"score":134,"play_id":"7788bebd-918c-4753-8111-ad504dab0db4","local_time":"20190504203940","is_ascension_mode":true,"campfire_choices":[{"data":"Body Slam","floor":7,"key":"SMITH"},{"data":"Armaments","floor":15,"key":"SMITH"}],"neow_cost":"NONE","seed_source_timestamp":879279791141200,"circlet_count":0,"master_deck":["Strike_R+1","Strike_R","Strike_R+1","Strike_R","Defend_R","Defend_R","Defend_R","Defend_R","Bash","Body Slam+1","Cleave","Shrug It Off","Armaments+1","Body Slam"],"relics":["Burning Blood","Vajra","Bottled Lightning","Matryoshka","Red Skull"],"potions_floor_usage":[10,10,16],"damage_taken":[{"damage":12,"enemies":"Small Slimes","floor":1,"turns":4},{"damage":1,"enemies":"Cultist","floor":3,"turns":3},{"damage":40,"enemies":"Lagavulin","floor":6,"turns":6},{"damage":4,"enemies":"2 Louse","floor":8,"turns":2},{"damage":6,"enemies":"3 Sentries","floor":10,"turns":7},{"damage":11,"enemies":"Exordium Wildlife","floor":12,"turns":4},{"damage":3,"enemies":"Lots of Slimes","floor":13,"turns":3},{"damage":0,"enemies":"Large Slime","floor":14,"turns":3},{"damage":36,"enemies":"The Guardian","floor":16,"turns":6}],"seed_played":"-1601657323981928972","potions_obtained":[{"floor":6,"key":"SkillPotion"},{"floor":8,"key":"Dexterity Potion"},{"floor":12,"key":"PowerPotion"},{"floor":14,"key":"SpeedPotion"}],"is_trial":false,"path_per_floor":["M","?","M","$","?","E","R","M","T","E","$","M","M","M","R","B"],"character_chosen":"IRONCLAD","items_purchased":["Vajra","Body Slam"],"campfire_rested":0,"item_purchase_floors":[4,11],"current_hp_per_floor":[74,80,80,80,64,30,30,32,32,32,32,27,30,36,36,0],"gold":73,"neow_bonus":"HUNDRED_GOLD","is_prod":false,"is_daily":false,"chose_seed":false,"campfire_upgraded":2,"win_rate":0,"timestamp":1556991580,"path_taken":["M","?","?","$","?","E","R","M","T","E","?","M","?","?","R","BOSS"],"build_version":"2019-01-23","purchased_purges":1,"victory":false,"max_hp_per_floor":[80,80,80,80,80,80,80,80,80,80,80,80,80,80,80,80],"card_choices":[{"not_picked":["Sword Boomerang","Perfected Strike"],"picked":"Body Slam","floor":1},{"not_picked":["Flame Barrier","Twin Strike"],"picked":"Cleave","floor":3},{"not_picked":["Evolve","Pummel","Warcry"],"picked":"SKIP","floor":6},{"not_picked":["Sword Boomerang","Blood for Blood"],"picked":"Shrug It Off","floor":8},{"not_picked":["Body Slam","Pommel Strike"],"picked":"Armaments","floor":10},{"not_picked":["Anger","True Grit","Hemokinesis"],"picked":"SKIP","floor":12},{"not_picked":["Feed","Burning Pact","Evolve"],"picked":"SKIP","floor":13},{"not_picked":["Flex","Sword Boomerang","Carnage"],"picked":"SKIP","floor":14}],"player_experience":344995,"relics_obtained":[{"floor":6,"key":"Bottled Lightning"},{"floor":9,"key":"Matryoshka"},{"floor":10,"key":"Red Skull"}],"event_choices":[{"damage_healed":6,"gold_gain":0,"player_choice":"Full Heal","damage_taken":0,"max_hp_gain":0,"max_hp_loss":0,"event_name":"Wheel of Change","floor":2,"gold_loss":0},{"damage_healed":0,"gold_gain":0,"player_choice":"Entered Light","damage_taken":16,"max_hp_gain":0,"max_hp_loss":0,"event_name":"Shining Light","floor":5,"gold_loss":0,"cards_upgraded":["Strike_R","Strike_R"]}],"is_beta":false,"boss_relics":[],"items_purged_floors":[4],"is_endless":false,"potions_floor_spawned":[6,8,12,14],"killed_by":"The Guardian","ascension_level":4}