{"gold_per_floor":[110,110,110,60,75,106,106,437,437,167,186,60,78,88,88,191,191,204,204,2,14,14,30,30],"floor_reached":24,"playtime":877,"items_purged":["Strike_R","Strike_R","Pommel Strike"],"score":278,"play_id":"15f4ec21-e63a-4bf5-825e-9e010016983e","local_time":"20191012183827","is_ascension_mode":true,"campfire_choices":[{"data":"Cleave","floor":7,"key":"SMITH"},{"data":"Armaments","floor":15,"key":"SMITH"}],"neow_cost":"NONE","seed_source_timestamp":538978523624200,"circlet_count":0,"master_deck":["Defend_R","Defend_R","Bash","Impatience","Cleave+1","Iron Wave","Ghostly Armor","Inflame","Fire Breathing","Armaments+1","Pommel Strike","Dark Embrace","Cleave+1","Burning Pact+1","Headbutt+1","Inflame","Iron Wave+1"],"relics":["Burning Blood","InkBottle","Gremlin Horn","Old Coin","Pear","Astrolabe","NlothsMask"],"potions_floor_usage":[6,13,16,21,23,24,24],"damage_taken":[{"damage":1,"enemies":"Cultist","floor":1,"turns":3},{"damage":5,"enemies":"Small Slimes","floor":5,"turns":3},{"damage":15,"enemies":"Lagavulin","floor":6,"turns":5},{"damage":27,"enemies":"Gremlin Nob","floor":8,"turns":4},{"damage":1,"enemies":"2 Louse","floor":11,"turns":2},{"damage":3,"enemies":"Looter","floor":13,"turns":5},{"damage":4,"enemies":"Exordium Thugs","floor":14,"turns":4},{"damage":29,"enemies":"Hexaghost","floor":16,"turns":11},{"damage":20,"enemies":"Shell Parasite","floor":18,"turns":10},{"damage":35,"enemies":"3 Byrds","floor":21,"turns":4},{"damage":26,"enemies":"Centurion and Healer","floor":23,"turns":8},{"damage":19,"enemies":"Shelled Parasite and Fungi","floor":24,"turns":2}],"seed_played":"-7017823932190220065","potions_obtained":[{"floor":5,"key":"PowerPotion"},{"floor":11,"key":"SkillPotion"},{"floor":14,"key":"SteroidPotion"},{"floor":16,"key":"Energy Potion"},{"floor":21,"key":"PowerPotion"}],"is_trial":false,"path_per_floor":["M","?","?","?","M","E","R","E","T","$","M","$","M","M","R","B",null,"M","?","$","M","$","M","M"],"character_chosen":"IRONCLAD","items_purchased":["Strength Potion","DuplicationPotion","Fire Breathing","Armaments","Inflame"],"campfire_rested":0,"item_purchase_floors":[10,10,10,12,20],"current_hp_per_floor":[77,77,59,59,60,51,51,30,40,40,45,45,48,50,50,27,74,60,60,60,31,31,11,0],"gold":30,"neow_bonus":"RANDOM_COLORLESS","is_prod":false,"is_daily":false,"chose_seed":false,"campfire_upgraded":2,"win_rate":0,"timestamp":1570894707,"path_taken":["M","?","?","?","M","E","R","E","T","$","M","$","M","M","R","BOSS","M","?","$","M","$","M","M"],"build_version":"2019-10-11","purchased_purges":3,"victory":false,"max_hp_per_floor":[80,80,80,80,80,80,80,80,90,90,90,90,90,90,90,90,90,90,90,90,90,90,90,90],"card_choices":[{"not_picked":["Panacea","PanicButton"],"picked":"Impatience","floor":0},{"not_picked":["Dual Wield","Havoc"],"picked":"Cleave","floor":1},{"not_picked":["Heavy Blade","Blood for Blood"],"picked":"Iron Wave","floor":5},{"not_picked":["Burning Pact","Iron Wave"],"picked":"Ghostly Armor","floor":6},{"not_picked":["Heavy Blade","Flex"],"picked":"Inflame","floor":8},{"not_picked":["Thunderclap","Clothesline","Searing Blow"],"picked":"SKIP","floor":11},{"not_picked":["Clothesline","Dark Embrace"],"picked":"Pommel Strike","floor":13},{"not_picked":["Clothesline","Fire Breathing"],"picked":"Pommel Strike","floor":14},{"not_picked":["Double Tap","Feed"],"picked":"Dark Embrace","floor":16},{"not_picked":["Body Slam","Seeing Red","Thunderclap"],"picked":"SKIP","floor":18},{"not_picked":["Clothesline","Infernal Blade"],"picked":"Iron Wave+1","floor":21},{"not_picked":["Perfected Strike","Havoc","Pommel Strike"],"picked":"SKIP","floor":23}],"player_experience":386247,"relics_obtained":[{"floor":6,"key":"Gremlin Horn"},{"floor":8,"key":"Old Coin"},{"floor":9,"key":"Pear"}],"event_choices":[{"cards_removed":["Strike_R"],"damage_healed":0,"gold_gain":0,"player_choice":"Forget","damage_taken":0,"max_hp_gain":0,"max_hp_loss":0,"event_name":"Living Wall","floor":2,"gold_loss":0},{"damage_healed":0,"gold_gain":0,"player_choice":"Success","damage_taken":18,"relics_obtained":["InkBottle"],"max_hp_gain":0,"max_hp_loss":0,"event_name":"Scrap Ooze","floor":3,"gold_loss":0},{"cards_removed":["Strike_R"],"damage_healed":0,"gold_gain":0,"player_choice":"Card Removal","damage_taken":0,"max_hp_gain":0,"max_hp_loss":0,"event_name":"The Cleric","floor":4,"gold_loss":50},{"damage_healed":0,"gold_gain":0,"player_choice":"Trade","damage_taken":0,"relics_obtained":["NlothsMask"],"max_hp_gain":0,"max_hp_loss":0,"event_name":"FaceTrader","floor":19,"gold_loss":0}],"is_beta":true,"boss_relics":[{"not_picked":["Sozu","SlaversCollar"],"picked":"Astrolabe"}],"items_purged_floors":[10,12,20],"is_endless":false,"potions_floor_spawned":[5,11,14,16,21],"killed_by":"Shelled Parasite and Fungi","ascension_level":7}