{"gold_per_floor":[109,109,121,71,37,71,71,71,71,89,89,116,135,169,169,270,270,288,341,341,240,240,270,270,296,296,314,314,340,360,380,380,485,485,503,518,10,22,42,70,17,17,17,50,50,63,95,0,0,0],"floor_reached":50,"playtime":3850,"items_purged":["Writhe"],"score":783,"play_id":"20f03c46-31f7-47f3-9465-e93c18524ff1","local_time":"20191006082728","is_ascension_mode":true,"campfire_choices":[{"data":"Combust","floor":7.0,"key":"SMITH"},{"data":"Corruption","floor":15.0,"key":"SMITH"},{"floor":24.0,"key":"REST"},{"data":"Evolve","floor":28.0,"key":"SMITH"},{"data":"Metallicize","floor":32.0,"key":"SMITH"},{"data":"Double Tap","floor":42.0,"key":"SMITH"},{"data":"Metallicize","floor":45.0,"key":"SMITH"},{"floor":49,"key":"REST"}],"neow_cost":"PERCENT_DAMAGE","seed_source_timestamp":0,"circlet_count":0,"master_deck":["Strike_R","Strike_R","Strike_R","Strike_R+1","Defend_R","Defend_R","Defend_R","Defend_R","Bash+1","Carnage","Combust+1","Pommel Strike","Corruption+1","Reaper+1","Wild Strike+1","Dark Embrace+1","Immolate+1","Body Slam+1","Shrug It Off","Ghostly Armor+1","Clothesline+1","Evolve+1","Pommel Strike+1","Metallicize+1","Ghostly Armor","Double Tap+1","Pommel Strike+1","Metallicize+1","Reckless Charge+1","Pommel Strike+1","Armaments+1","Metallicize+1"],"special_seed":0,"relics":["Burning Blood","Du-Vu Doll","Pantograph","Mercury Hourglass","Molten Egg 2","Gambling Chip","Philosopher\u0027s Stone","Anchor","Kunai","Whetstone","Paper Frog","Boot","Vajra","Black Star","FossilizedHelix","Red Skull","Toxic Egg 2","Juzu Bracelet","Frozen Egg 2","Meat on the Bone","Omamori","Darkstone Periapt","Orichalcum","Red Mask"],"potions_floor_usage":[46,47,50,50,50,50,50],"damage_taken":[{"damage":7.0,"enemies":"Small Slimes","floor":1.0,"turns":3.0},{"damage":7.0,"enemies":"Jaw Worm","floor":3.0,"turns":3.0},{"damage":41.0,"enemies":"3 Sentries","floor":6.0,"turns":7.0},{"damage":3.0,"enemies":"Cultist","floor":10.0,"turns":3.0},{"damage":34.0,"enemies":"Gremlin Nob","floor":12.0,"turns":4.0},{"damage":5.0,"enemies":"2 Fungi Beasts","floor":13.0,"turns":4.0},{"damage":18.0,"enemies":"3 Sentries","floor":14.0,"turns":3.0},{"damage":56.0,"enemies":"The Guardian","floor":16.0,"turns":13.0},{"damage":28.0,"enemies":"2 Thieves","floor":18.0,"turns":3.0},{"damage":35.0,"enemies":"Slavers","floor":23.0,"turns":4.0},{"damage":38.0,"enemies":"Gremlin Leader","floor":25.0,"turns":6.0},{"damage":1.0,"enemies":"3 Byrds","floor":27.0,"turns":3.0},{"damage":19.0,"enemies":"Book of Stabbing","floor":29.0,"turns":4.0},{"damage":2.0,"enemies":"Centurion and Healer","floor":30.0,"turns":2.0},{"damage":13.0,"enemies":"Snecko","floor":31.0,"turns":4.0},{"damage":72.0,"enemies":"Collector","floor":33.0,"turns":11.0},{"damage":11.0,"enemies":"Orb Walker","floor":35.0,"turns":3.0},{"damage":1.0,"enemies":"3 Shapes","floor":36.0,"turns":1.0},{"damage":21.0,"enemies":"Transient","floor":38.0,"turns":5.0},{"damage":0.0,"enemies":"Jaw Worm Horde","floor":39.0,"turns":1.0},{"damage":35.0,"enemies":"Nemesis","floor":40.0,"turns":7.0},{"damage":25.0,"enemies":"Giant Head","floor":44.0,"turns":7.0},{"damage":21,"enemies":"Maw","floor":46,"turns":8},{"damage":33,"enemies":"Reptomancer","floor":47,"turns":4},{"damage":92,"enemies":"Time Eater","floor":50,"turns":13}],"seed_played":"-2666990404077288881","potions_obtained":[{"floor":1.0,"key":"Dexterity Potion"},{"floor":10.0,"key":"Poison Potion"},{"floor":12.0,"key":"SkillPotion"},{"floor":18.0,"key":"Poison Potion"},{"floor":25.0,"key":"EntropicBrew"},{"floor":27.0,"key":"Energy Potion"},{"floor":40.0,"key":"Dexterity Potion"},{"floor":46,"key":"Fire Potion"}],"is_trial":false,"path_per_floor":["M","?","M","?","$","E","R","$","T","M","?","E","M","E","R","B",null,"M","T","?","$","?","E","R","E","T","M","R","E","M","M","R","B",null,"M","M","$","M","M","E","$","R","T","E","R","M","E","?","R","B"],"character_chosen":"IRONCLAD","items_purchased":["Combust","Shrug It Off","FossilizedHelix","Red Skull","Metallicize","Armaments+1"],"campfire_rested":2,"item_purchase_floors":[5,21,37,37,37,41],"current_hp_per_floor":[55,60,59,59,59,24,24,24,24,27,85,57,58,56,56,35,73,51,51,51,51,51,37,62,47,47,67,67,59,63,62,62,34,72,67,72,72,57,63,49,49,49,49,42,42,45,30,30,55,0],"gold":0,"neow_bonus":"ONE_RARE_RELIC","is_prod":false,"is_daily":false,"chose_seed":false,"campfire_upgraded":6,"win_rate":0,"timestamp":1570343248,"path_taken":["M","?","M","?","$","E","R","?","T","M","?","E","M","E","R","BOSS","M","?","?","$","?","E","R","E","T","M","R","E","M","M","R","BOSS","M","?","?","M","M","E","$","R","T","E","R","M","E","?","R","BOSS"],"build_version":"2019-07-17","purchased_purges":1,"victory":false,"max_hp_per_floor":[80,85,85,85,85,85,85,85,85,85,85,85,85,85,85,85,85,85,85,85,85,85,85,85,85,85,85,85,85,85,85,85,85,85,85,85,85,85,85,85,85,85,85,85,85,85,85,85,85,85],"card_choices":[{"not_picked":["Feel No Pain","Shrug It Off"],"picked":"Carnage","floor":1.0},{"not_picked":["Cleave","Sever Soul"],"picked":"Power Through","floor":3.0},{"not_picked":["Clash","Sever Soul"],"picked":"Pommel Strike","floor":6.0},{"not_picked":["Perfected Strike","Sword Boomerang"],"picked":"Corruption","floor":10.0},{"not_picked":["Perfected Strike","Hemokinesis"],"picked":"Reaper","floor":12.0},{"not_picked":["Anger+1","Iron Wave+1"],"picked":"Wild Strike+1","floor":13.0},{"not_picked":["Intimidate","Heavy Blade+1"],"picked":"Dark Embrace","floor":14.0},{"not_picked":["Juggernaut","Double Tap"],"picked":"Immolate+1","floor":16.0},{"not_picked":["Clash+1","Sever Soul+1"],"picked":"Body Slam+1","floor":18.0},{"not_picked":["Sever Soul+1","Blood for Blood+1"],"picked":"Ghostly Armor+1","floor":23.0},{"not_picked":["Hemokinesis+1","Bludgeon+1"],"picked":"Clothesline+1","floor":25.0},{"not_picked":["Warcry+1","Entrench"],"picked":"Evolve","floor":27.0},{"not_picked":["Anger+1","Armaments"],"picked":"Pommel Strike+1","floor":29.0},{"not_picked":["Infernal Blade+1","Thunderclap+1"],"picked":"Metallicize","floor":30.0},{"not_picked":["Thunderclap+1","Anger+1"],"picked":"Ghostly Armor","floor":31.0},{"not_picked":["Exhume","Dark Embrace"],"picked":"Double Tap","floor":33.0},{"not_picked":["Clothesline+1","Bloodletting"],"picked":"Pommel Strike+1","floor":35.0},{"not_picked":["Thunderclap+1","Iron Wave+1","Second Wind"],"picked":"SKIP","floor":36.0},{"not_picked":["Wild Strike+1","Flex"],"picked":"Reckless Charge+1","floor":38.0},{"not_picked":["Armaments","Clothesline+1","Warcry"],"picked":"SKIP","floor":39.0},{"not_picked":["Second Wind","Heavy Blade+1"],"picked":"Pommel Strike+1","floor":40.0},{"not_picked":["Fiend Fire+1","Headbutt+1"],"picked":"Metallicize+1","floor":44.0},{"not_picked":["Battle Trance+1","Cleave+1","Dual Wield+1"],"picked":"SKIP","floor":46},{"not_picked":["Sever Soul+1","Headbutt+1","Clothesline+1"],"picked":"SKIP","floor":47}],"player_experience":199324,"relics_obtained":[{"floor":6.0,"key":"Pantograph"},{"floor":9.0,"key":"Mercury Hourglass"},{"floor":12.0,"key":"Molten Egg 2"},{"floor":14.0,"key":"Gambling Chip"},{"floor":19.0,"key":"Anchor"},{"floor":23.0,"key":"Whetstone"},{"floor":25.0,"key":"Paper Frog"},{"floor":26.0,"key":"Boot"},{"floor":29.0,"key":"Vajra"},{"floor":40.0,"key":"Toxic Egg 2"},{"floor":40.0,"key":"Juzu Bracelet"},{"floor":43.0,"key":"Frozen Egg 2"},{"floor":44.0,"key":"Meat on the Bone"},{"floor":44.0,"key":"Omamori"},{"floor":47,"key":"Darkstone Periapt"},{"floor":47,"key":"Orichalcum"}],"event_choices":[{"damage_healed":0.0,"max_hp_gain":5.0,"max_hp_loss":0.0,"gold_gain":0.0,"event_name":"Big Fish","player_choice":"Donut","floor":2.0,"gold_loss":0.0,"damage_taken":0.0},{"cards_removed":["Strike_R"],"damage_healed":0.0,"max_hp_gain":0.0,"max_hp_loss":0.0,"gold_gain":0.0,"event_name":"The Cleric","player_choice":"Card Removal","floor":4.0,"gold_loss":50.0,"damage_taken":0.0},{"cards_removed":["Power Through"],"damage_healed":58.0,"max_hp_gain":0.0,"max_hp_loss":0.0,"gold_gain":0.0,"event_name":"Bonfire Elementals","player_choice":"Offered Uncommon","floor":11.0,"gold_loss":0.0,"damage_taken":0.0},{"damage_healed":0.0,"max_hp_gain":0.0,"max_hp_loss":0.0,"gold_gain":0.0,"event_name":"The Mausoleum","player_choice":"Opened","floor":20.0,"gold_loss":0.0,"damage_taken":0.0,"relics_obtained":["Kunai"],"cards_obtained":["Writhe"]},{"damage_healed":0.0,"max_hp_gain":0.0,"max_hp_loss":0.0,"gold_gain":0.0,"event_name":"Upgrade Shrine","player_choice":"Upgraded","floor":22.0,"gold_loss":0.0,"damage_taken":0.0,"cards_upgraded":["Dark Embrace"]},{"damage_healed":0,"gold_gain":0,"player_choice":"Paid","damage_taken":0,"relics_obtained":["Red Mask"],"max_hp_gain":0,"max_hp_loss":0,"event_name":"Tomb of Lord Red Mask","floor":48,"gold_loss":95}],"is_beta":false,"boss_relics":[{"not_picked":["Ectoplasm","Orrery"],"picked":"Philosopher\u0027s Stone"},{"not_picked":["Busted Crown","Runic Dome"],"picked":"Black Star"}],"items_purged_floors":[21],"is_endless":false,"potions_floor_spawned":[1,10,12,13,18,25,27,31,36,40,44,46],"killed_by":"Time Eater","ascension_level":5}