{"gold_per_floor":[109,109,128,140,156,185,185,245,245,0,0,19,19,35,35,134,134,151,162,162,174,187,187,202,127,127,127,140,159,159,59,59,156,156,172,185,39,54,73,73,73,73,127,141,154,154,173,48,48,48,48,48,48,79,79],"floor_reached":55,"playtime":6981,"items_purged":["Strike_R","Strike_R","Parasite"],"score":625,"play_id":"2ede854b-5d44-4049-9aad-5f5b75d64726","local_time":"20190910203700","is_ascension_mode":false,"campfire_choices":[{"floor":7.0,"key":"RECALL"},{"floor":13.0,"key":"REST"},{"data":"Shockwave","floor":15.0,"key":"SMITH"},{"data":"Corruption","floor":23,"key":"SMITH"},{"floor":27,"key":"REST"},{"data":"Inflame","floor":30,"key":"SMITH"},{"floor":32,"key":"REST"},{"floor":40,"key":"REST"},{"floor":42,"key":"REST"},{"data":"Pommel Strike","floor":46,"key":"SMITH"},{"data":"Double Tap","floor":49,"key":"SMITH"},{"data":"Heavy Blade","floor":52,"key":"SMITH"}],"neow_cost":"NONE","seed_source_timestamp":0,"circlet_count":0,"master_deck":["Strike_R","Strike_R","Strike_R+1","Defend_R","Defend_R","Defend_R+1","Defend_R+1","Uppercut+1","Thunderclap+1","Heavy Blade+1","Blood for Blood","Dropkick","Shockwave+1","Berserk","Feel No Pain","Spot Weakness","Corruption+1","Inflame+1","Flame Barrier","Shockwave+1","Shrug It Off","Flame Barrier+1","Disarm+1","Double Tap+1","Pommel Strike+1","Armaments+1","Parasite","Shrug It Off+1","Intimidate+1","Disarm+1","Clash+1"],"special_seed":0,"relics":["Burning Blood","Orichalcum","Whetstone","Kunai","Gremlin Horn","Orrery","Matryoshka","Lizard Tail","Lantern","Strawberry","Ancient Tea Set","Thread and Needle"],"potions_floor_usage":[24,33,33,54,55,55],"damage_taken":[{"damage":5.0,"enemies":"Small Slimes","floor":1.0,"turns":5.0},{"damage":0.0,"enemies":"2 Louse","floor":3.0,"turns":3.0},{"damage":0.0,"enemies":"Jaw Worm","floor":4.0,"turns":3.0},{"damage":1.0,"enemies":"Red Slaver","floor":5.0,"turns":5.0},{"damage":36.0,"enemies":"3 Sentries","floor":6.0,"turns":9.0},{"damage":12.0,"enemies":"Gremlin Nob","floor":8.0,"turns":4.0},{"damage":0.0,"enemies":"Lots of Slimes","floor":12.0,"turns":3.0},{"damage":0.0,"enemies":"Gremlin Gang","floor":14.0,"turns":2.0},{"damage":55.0,"enemies":"The Guardian","floor":16.0,"turns":11.0},{"damage":23,"enemies":"Spheric Guardian","floor":18,"turns":5},{"damage":7,"enemies":"3 Byrds","floor":19,"turns":4},{"damage":23,"enemies":"3 Cultists","floor":21,"turns":6},{"damage":7,"enemies":"Shelled Parasite and Fungi","floor":22,"turns":6},{"damage":18,"enemies":"Snake Plant","floor":24,"turns":5},{"damage":23,"enemies":"Cultist and Chosen","floor":28,"turns":7},{"damage":3,"enemies":"Centurion and Healer","floor":29,"turns":5},{"damage":54,"enemies":"Collector","floor":33,"turns":9},{"damage":20,"enemies":"Orb Walker","floor":35,"turns":4},{"damage":39,"enemies":"3 Darklings","floor":36,"turns":8},{"damage":9,"enemies":"Writhing Mass","floor":38,"turns":7},{"damage":12,"enemies":"Maw","floor":39,"turns":7},{"damage":0,"enemies":"3 Darklings","floor":44,"turns":6},{"damage":17,"enemies":"Jaw Worm Horde","floor":45,"turns":5},{"damage":0,"enemies":"Writhing Mass","floor":47,"turns":8},{"damage":51,"enemies":"Time Eater","floor":50,"turns":13},{"damage":31,"enemies":"Shield and Spear","floor":54,"turns":10},{"damage":123,"enemies":"The Heart","floor":55,"turns":9}],"seed_played":"4106630652606786754","potions_obtained":[{"floor":4.0,"key":"SteroidPotion"},{"floor":5.0,"key":"Weak Potion"},{"floor":8.0,"key":"GamblersBrew"},{"floor":16.0,"key":"Dexterity Potion"},{"floor":24,"key":"Weak Potion"},{"floor":33,"key":"SteroidPotion"},{"floor":35,"key":"Block Potion"},{"floor":36,"key":"Energy Potion"},{"floor":45,"key":"FearPotion"}],"is_trial":false,"path_per_floor":["M","?","M","M","M","E","R","?","T","$","?","M","R","M","R","B",null,"M","M","?","M","M","R","M","$","T","R","M","M","R","$","R","B",null,"M","M","$","M","M","R","?","R","T","M","M","R","M","$","R","B",null,"R","$","E","B"],"character_chosen":"IRONCLAD","items_purchased":["Gremlin Horn","Lantern"],"campfire_rested":5,"item_purchase_floors":[10,37],"current_hp_per_floor":[80,64,70,76,80,50,50,44,44,44,44,50,74,80,80,31,80,63,62,62,45,44,44,32,32,32,56,39,42,42,42,66,18,80,66,33,33,30,24,48,48,72,79,85,74,74,80,80,80,35,84,84,84,59,0],"gold":79,"neow_bonus":"RANDOM_COMMON_RELIC","is_prod":false,"is_daily":false,"chose_seed":false,"campfire_upgraded":6,"win_rate":0,"timestamp":1568140620,"path_taken":["M","?","M","M","M","E","R","?","T","$","?","M","R","M","R","BOSS","M","M","?","M","M","R","?","$","T","R","?","M","R","?","R","BOSS","M","?","$","M","M","R","?","R","T","M","M","R","M","$","R","BOSS","R","$","E","BOSS"],"build_version":"2019-07-17","purchased_purges":3,"victory":false,"max_hp_per_floor":[80,80,80,80,80,80,80,80,80,80,80,80,80,80,80,80,80,80,80,80,80,80,80,80,80,80,80,80,80,80,80,80,80,80,80,80,80,80,80,80,80,80,87,87,87,87,87,84,84,84,84,84,84,84,84],"card_choices":[{"not_picked":["Wild Strike","Rage"],"picked":"Uppercut","floor":1.0},{"not_picked":["True Grit","Bloodletting","Cleave"],"picked":"SKIP","floor":3.0},{"not_picked":["Perfected Strike","Body Slam"],"picked":"Thunderclap","floor":4.0},{"not_picked":["Pommel Strike","Flex"],"picked":"Heavy Blade","floor":5.0},{"not_picked":["Armaments","Twin Strike"],"picked":"Blood for Blood","floor":6.0},{"not_picked":["Body Slam","Pommel Strike"],"picked":"Dropkick","floor":8.0},{"not_picked":["Dark Embrace","Heavy Blade","Wild Strike"],"picked":"SKIP","floor":12.0},{"not_picked":["Evolve","Thunderclap"],"picked":"Shockwave","floor":14.0},{"not_picked":["Impervious","Bludgeon"],"picked":"Berserk","floor":16.0},{"not_picked":["Iron Wave","Shrug It Off"],"picked":"Feel No Pain","floor":17},{"not_picked":["Demon Form","Thunderclap"],"picked":"Spot Weakness","floor":17},{"not_picked":["Wild Strike","Shrug It Off"],"picked":"Corruption","floor":17},{"not_picked":["Sever Soul","Anger"],"picked":"Inflame","floor":17},{"not_picked":["Uppercut","Inflame"],"picked":"Flame Barrier","floor":17},{"not_picked":["Anger","Perfected Strike+1","Uppercut"],"picked":"SKIP","floor":18},{"not_picked":["Perfected Strike+1","Rage+1","Anger+1"],"picked":"SKIP","floor":19},{"not_picked":["Wild Strike","Anger"],"picked":"Shrug It Off","floor":21},{"not_picked":["True Grit","Shockwave","Perfected Strike+1"],"picked":"SKIP","floor":22},{"not_picked":["Cleave","Iron Wave","Flex+1"],"picked":"SKIP","floor":24},{"not_picked":["Perfected Strike+1","Wild Strike"],"picked":"Flame Barrier+1","floor":28},{"not_picked":["Anger","Heavy Blade+1"],"picked":"Disarm+1","floor":29},{"not_picked":["Berserk","Feed"],"picked":"Double Tap","floor":33},{"not_picked":["Corruption","Fire Breathing"],"picked":"Pommel Strike","floor":35},{"not_picked":["Heavy Blade","Second Wind+1"],"picked":"Armaments+1","floor":36},{"not_picked":["Twin Strike+1","Heavy Blade","Warcry"],"picked":"SKIP","floor":38},{"not_picked":["Metallicize+1","Rage"],"picked":"Shrug It Off+1","floor":39},{"not_picked":["Inflame+1","Flex"],"picked":"Intimidate+1","floor":44},{"not_picked":["Spot Weakness+1","Inflame+1"],"picked":"Disarm+1","floor":45},{"not_picked":["Heavy Blade","Anger+1","Iron Wave"],"picked":"SKIP","floor":47},{"not_picked":["Berserk","Carnage+1"],"picked":"Clash+1","floor":54}],"player_experience":61025,"relics_obtained":[{"floor":6.0,"key":"Whetstone"},{"floor":26,"key":"Matryoshka"},{"floor":43,"key":"Strawberry"},{"floor":43,"key":"Ancient Tea Set"},{"floor":54,"key":"Thread and Needle"}],"event_choices":[{"damage_healed":0.0,"max_hp_gain":0.0,"max_hp_loss":0.0,"gold_gain":0.0,"event_name":"Shining Light","player_choice":"Entered Light","floor":2.0,"gold_loss":0.0,"damage_taken":16.0,"cards_upgraded":["Defend_R","Defend_R"]},{"damage_healed":0.0,"max_hp_gain":0.0,"max_hp_loss":0.0,"gold_gain":0.0,"event_name":"Dead Adventurer","player_choice":"Searched \u00272\u0027 times","floor":8.0,"gold_loss":0.0,"damage_taken":0.0,"relics_obtained":["Kunai"]},{"damage_healed":0.0,"max_hp_gain":0.0,"max_hp_loss":0.0,"gold_gain":0.0,"event_name":"Accursed Blacksmith","player_choice":"Forge","floor":11.0,"gold_loss":0.0,"damage_taken":0.0,"cards_upgraded":["Uppercut"]},{"damage_healed":0,"gold_gain":0,"player_choice":"Copied","damage_taken":0,"max_hp_gain":0,"max_hp_loss":0,"event_name":"Duplicator","floor":20,"gold_loss":0,"cards_obtained":["Shockwave"]},{"cards_removed":["Bash"],"damage_healed":0,"gold_gain":0,"player_choice":"Removed Attack","damage_taken":0,"max_hp_gain":0,"max_hp_loss":0,"event_name":"Falling","floor":41,"gold_loss":0}],"is_beta":false,"boss_relics":[{"not_picked":["Runic Dome","Coffee Dripper"],"picked":"Orrery"},{"not_picked":["Philosopher\u0027s Stone","Black Blood"],"picked":"Lizard Tail"}],"items_purged_floors":[25,31,48],"is_endless":false,"potions_floor_spawned":[4,5,8,14,16,18,24,28,33,35,36,39,45],"killed_by":"The Heart","ascension_level":0}