{"gold_per_floor":[110,1,1,76,92,92,92,92,115,115,15,26,61,73,73,171,171,190,370,386,91,106,106,124,143,143,143,153,153,78,89,89,186,186,197,51,67,67,67,67,67],"floor_reached":41,"playtime":2592,"items_purged":["Defend_R","Strike_R","Rupture"],"score":411,"play_id":"49dea34a-0625-4ca5-a9cc-49a94ae7b77e","local_time":"20190921212129","is_ascension_mode":true,"campfire_choices":[{"data":"Evolve","floor":6.0,"key":"SMITH"},{"data":"Cleave","floor":8.0,"key":"SMITH"},{"data":"Bash","floor":10.0,"key":"SMITH"},{"data":"Rampage","floor":15.0,"key":"SMITH"},{"floor":23.0,"key":"REST"},{"floor":27.0,"key":"REST"},{"data":"Seeing Red","floor":29.0,"key":"SMITH"},{"data":"Shrug It Off","floor":32,"key":"SMITH"},{"floor":40,"key":"REST"}],"neow_cost":"NONE","seed_source_timestamp":0,"circlet_count":0,"master_deck":["Bash+1","Evolve+1","Feel No Pain","Cleave+1","Dropkick","True Grit","Rampage+1","Double Tap","Anger","Impervious","Bloodletting","Demon Form","Armaments","Shrug It Off","Bandage Up","Shrug It Off","Havoc","Shrug It Off+1","Seeing Red+1","True Grit+1","Seeing Red","Whirlwind","Limit Break","Pummel+1","Dramatic Entrance"],"special_seed":0,"relics":["Burning Blood","Paper Frog","Pandora\u0027s Box","Letter Opener","Eternal Feather","Bag of Marbles"],"potions_floor_usage":[31,33,37],"damage_taken":[{"damage":3.0,"enemies":"2 Louse","floor":1.0,"turns":3.0},{"damage":12.0,"enemies":"Small Slimes","floor":5.0,"turns":5.0},{"damage":6.0,"enemies":"Cultist","floor":12.0,"turns":3.0},{"damage":28.0,"enemies":"Gremlin Nob","floor":13.0,"turns":4.0},{"damage":6.0,"enemies":"Lots of Slimes","floor":14.0,"turns":3.0},{"damage":37.0,"enemies":"The Guardian","floor":16.0,"turns":8.0},{"damage":30.0,"enemies":"Spheric Guardian","floor":18.0,"turns":4.0},{"damage":28.0,"enemies":"Shell Parasite","floor":20.0,"turns":5.0},{"damage":11.0,"enemies":"Centurion and Healer","floor":22.0,"turns":8.0},{"damage":18.0,"enemies":"Snecko","floor":24.0,"turns":6.0},{"damage":25.0,"enemies":"3 Cultists","floor":25.0,"turns":6.0},{"damage":19.0,"enemies":"Sentry and Sphere","floor":28.0,"turns":6.0},{"damage":4,"enemies":"Centurion and Healer","floor":31,"turns":2},{"damage":5,"enemies":"Champ","floor":33,"turns":8},{"damage":73,"enemies":"Orb Walker","floor":35,"turns":7},{"damage":12,"enemies":"3 Shapes","floor":37,"turns":2},{"damage":68,"enemies":"Reptomancer","floor":41,"turns":7}],"seed_played":"7451746509721203893","potions_obtained":[{"floor":1.0,"key":"SpeedPotion"},{"floor":13.0,"key":"Block Potion"},{"floor":14.0,"key":"Regen Potion"},{"floor":20.0,"key":"Energy Potion"},{"floor":22.0,"key":"Strength Potion"},{"floor":24.0,"key":"Explosive Potion"},{"floor":28.0,"key":"SteroidPotion"},{"floor":31,"key":"PowerPotion"}],"is_trial":false,"path_per_floor":["M","$","?","?","M","R","?","R","T","R","$","M","E","M","R","B",null,"M","?","M","$","M","R","M","M","T","R","M","R","$","M","R","B",null,"M","$","M","?","$","R","E"],"character_chosen":"IRONCLAD","items_purchased":["Feel No Pain","Bandage Up","Shrug It Off","Havoc","Whirlwind","Bag of Marbles"],"campfire_rested":3,"item_purchase_floors":[2,21,21,21,30,36],"current_hp_per_floor":[80,80,85,74,68,68,61,61,61,61,61,61,39,39,39,23,85,61,37,15,15,14,39,31,16,16,41,32,32,32,34,34,39,85,22,22,16,16,16,56,0],"gold":67,"neow_bonus":"REMOVE_CARD","is_prod":false,"is_daily":false,"chose_seed":false,"campfire_upgraded":6,"win_rate":0,"timestamp":1569126089,"path_taken":["M","$","?","?","M","R","?","R","T","R","$","M","E","M","R","BOSS","M","?","M","$","?","R","M","M","T","R","M","R","?","M","R","BOSS","M","$","M","?","?","R","E"],"build_version":"2019-07-17","purchased_purges":3,"victory":false,"max_hp_per_floor":[80,80,85,85,85,85,85,85,85,85,85,85,85,85,85,85,85,85,85,85,85,85,85,85,85,85,85,85,85,85,85,85,85,85,85,85,85,85,85,85,85],"card_choices":[{"not_picked":["Sentinel","Headbutt"],"picked":"Evolve","floor":1.0},{"not_picked":["Bloodletting","Feel No Pain"],"picked":"Cleave","floor":5.0},{"not_picked":["Clothesline","Warcry"],"picked":"Dropkick","floor":12.0},{"not_picked":["Intimidate","Fire Breathing"],"picked":"True Grit","floor":13.0},{"not_picked":["Anger","Battle Trance"],"picked":"Rampage","floor":14.0},{"not_picked":["Brutality","Immolate"],"picked":"Double Tap","floor":16.0},{"not_picked":["Disarm","Intimidate"],"picked":"Armaments","floor":18.0},{"not_picked":["Pommel Strike","Dropkick"],"picked":"Shrug It Off","floor":20.0},{"not_picked":["Flex+1","Heavy Blade"],"picked":"Shrug It Off","floor":22.0},{"not_picked":["Metallicize","Clash"],"picked":"Seeing Red","floor":24.0},{"not_picked":["Feel No Pain+1","Cleave+1"],"picked":"True Grit+1","floor":25.0},{"not_picked":["Blood for Blood","Dropkick"],"picked":"Seeing Red","floor":28.0},{"not_picked":["Thunderclap","Wild Strike","Feed"],"picked":"SKIP","floor":31},{"not_picked":["Berserk","Offering"],"picked":"Limit Break","floor":33},{"not_picked":["Corruption+1","Cleave+1"],"picked":"Pummel+1","floor":35},{"not_picked":["Thunderclap+1","Perfected Strike+1","Pommel Strike"],"picked":"SKIP","floor":37},{"not_picked":["Discovery","Metamorphosis"],"picked":"Dramatic Entrance","floor":38}],"player_experience":167631,"relics_obtained":[{"floor":13.0,"key":"Paper Frog"},{"floor":26.0,"key":"Letter Opener"}],"event_choices":[{"damage_healed":0.0,"max_hp_gain":5.0,"max_hp_loss":0.0,"gold_gain":0.0,"event_name":"Big Fish","player_choice":"Donut","floor":3.0,"gold_loss":0.0,"damage_taken":0.0},{"damage_healed":0.0,"max_hp_gain":0.0,"max_hp_loss":0.0,"gold_gain":75.0,"event_name":"World of Goop","player_choice":"Gather Gold","floor":4.0,"gold_loss":0.0,"damage_taken":11.0},{"cards_removed":["Strike_R"],"damage_healed":0.0,"max_hp_gain":0.0,"max_hp_loss":0.0,"gold_gain":0.0,"event_name":"Golden Wing","player_choice":"Card Removal","floor":7.0,"gold_loss":0.0,"damage_taken":7.0},{"damage_healed":0.0,"max_hp_gain":0.0,"max_hp_loss":0.0,"gold_gain":180.0,"event_name":"Knowing Skull","player_choice":"GOLD GOLD ","floor":19.0,"potions_obtained":[],"gold_loss":0.0,"damage_taken":24.0,"cards_obtained":[]},{"damage_healed":0,"gold_gain":0,"player_choice":"Memory 1","damage_taken":0,"max_hp_gain":0,"max_hp_loss":0,"event_name":"SensoryStone","floor":38,"gold_loss":0}],"is_beta":false,"boss_relics":[{"not_picked":["White Beast Statue","Orrery"],"picked":"Pandora\u0027s Box"},{"not_picked":["Black Blood","Calling Bell"],"picked":"Eternal Feather"}],"items_purged_floors":[2,11,21],"is_endless":false,"potions_floor_spawned":[1,13,14,20,22,24,28,31],"killed_by":"Reptomancer","ascension_level":1}