{"gold_per_floor":[114,114,65,80,5,5,20,35,85,85,85,85,100,115,115,215,215,230,245,260,275,200,200,215,215],"floor_reached":25,"playtime":2464,"items_purged":["Defend_G"],"score":272,"play_id":"8ea5f564-a42f-4800-9500-8e05778448cc","local_time":"20191026004942","daily_mods":["Specialized","Red Cards","Terminal"],"is_ascension_mode":false,"campfire_choices":[{"data":"True Grit","floor":6.0,"key":"SMITH"},{"data":"Flame Barrier","floor":10.0,"key":"SMITH"},{"data":"Blur","floor":15.0,"key":"SMITH"},{"data":"Survivor","floor":23,"key":"SMITH"},{"data":"Bullet Time","floor":25,"key":"SMITH"}],"neow_cost":"","seed_source_timestamp":0,"circlet_count":0,"master_deck":["Strike_G","Strike_G","Strike_G","Strike_G","Strike_G","Defend_G","Defend_G","Defend_G","Survivor+1","Neutralize","Perfected Strike+1","Perfected Strike","Perfected Strike","Perfected Strike","Perfected Strike","True Grit+1","Twin Strike","Flame Barrier+1","Corpse Explosion","Blur+1","Bullet Time+1","Acrobatics","Perfected Strike+1","Rage+1"],"special_seed":18195,"relics":["Ring of the Snake","Anchor","Ancient Tea Set","Busted Crown"],"potions_floor_usage":[20],"damage_taken":[{"damage":0.0,"enemies":"Jaw Worm","floor":1.0,"turns":2.0},{"damage":0.0,"enemies":"Cultist","floor":4.0,"turns":2.0},{"damage":0.0,"enemies":"Small Slimes","floor":7.0,"turns":2.0},{"damage":0.0,"enemies":"3 Louse","floor":8.0,"turns":3.0},{"damage":0.0,"enemies":"Large Slime","floor":13.0,"turns":4.0},{"damage":0.0,"enemies":"Blue Slaver","floor":14.0,"turns":3.0},{"damage":0.0,"enemies":"Slime Boss","floor":16.0,"turns":6.0},{"damage":0,"enemies":"Chosen","floor":18,"turns":3},{"damage":0,"enemies":"Spheric Guardian","floor":19,"turns":1},{"damage":1,"enemies":"Centurion and Healer","floor":20,"turns":4},{"damage":0,"enemies":"Snecko","floor":21,"turns":4},{"damage":0,"enemies":"Chosen and Byrds","floor":24,"turns":3}],"seed_played":"-1258302694329496519","potions_obtained":[{"floor":7.0,"key":"Explosive Potion"},{"floor":8.0,"key":"AttackPotion"},{"floor":14.0,"key":"PowerPotion"},{"floor":16.0,"key":"Block Potion"}],"is_trial":false,"path_per_floor":["M","?","$","M","$","R","M","M","T","R","?","?","M","M","R","B",null,"M","M","M","M","?","R","M","R"],"character_chosen":"THE_SILENT","items_purchased":["Twin Strike"],"campfire_rested":0,"item_purchase_floors":[3],"current_hp_per_floor":[68,67,66,65,64,63,62,61,60,59,58,55,55,55,54,53,52,51,50,49,48,47,46,45,45],"gold":215,"neow_bonus":"","is_prod":false,"is_daily":true,"chose_seed":false,"campfire_upgraded":5,"win_rate":0,"timestamp":1572072582,"path_taken":["M","?","$","?","$","R","M","M","T","R","?","?","M","M","R","BOSS","M","M","M","M","?","R","M","R"],"build_version":"2019-07-17","purchased_purges":1,"victory":false,"max_hp_per_floor":[68,67,66,65,64,63,62,61,60,59,58,57,56,55,54,53,52,51,50,49,48,47,46,45,45],"card_choices":[{"not_picked":["Sword Boomerang","Blade Dance"],"picked":"True Grit","floor":1.0},{"not_picked":["Cleave","Concentrate","Dash"],"picked":"SKIP","floor":4.0},{"not_picked":["Flex","Cleave","Wild Strike"],"picked":"SKIP","floor":7.0},{"not_picked":["True Grit","Sword Boomerang"],"picked":"Flame Barrier","floor":8.0},{"not_picked":["Power Through","Dagger Throw"],"picked":"Corpse Explosion","floor":13.0},{"not_picked":["Deflect","Flying Knee"],"picked":"Blur","floor":14.0},{"not_picked":["Brutality","Double Tap"],"picked":"Bullet Time","floor":16.0},{"not_picked":["Dash"],"picked":"SKIP","floor":18},{"not_picked":[],"picked":"Acrobatics","floor":19},{"not_picked":[],"picked":"Perfected Strike+1","floor":20},{"not_picked":["Catalyst+1"],"picked":"SKIP","floor":21},{"not_picked":[],"picked":"Rage+1","floor":24}],"player_experience":487756,"relics_obtained":[{"floor":9.0,"key":"Anchor"}],"event_choices":[{"damage_healed":0.0,"max_hp_gain":0.0,"max_hp_loss":0.0,"gold_gain":0.0,"event_name":"WeMeetAgain","player_choice":"Ignored","floor":2.0,"gold_loss":0.0,"damage_taken":0.0},{"damage_healed":0.0,"max_hp_gain":0.0,"max_hp_loss":0.0,"gold_gain":0.0,"event_name":"Living Wall","player_choice":"Grow","floor":11.0,"gold_loss":0.0,"damage_taken":0.0,"cards_upgraded":["Perfected Strike"]},{"damage_healed":0.0,"max_hp_gain":0.0,"max_hp_loss":0.0,"gold_gain":0.0,"event_name":"Scrap Ooze","player_choice":"Success","floor":12.0,"gold_loss":0.0,"damage_taken":3.0,"relics_obtained":["Ancient Tea Set"]},{"cards_removed":["Defend_G"],"damage_healed":0,"gold_gain":0,"player_choice":"Gave Gold","damage_taken":0,"max_hp_gain":0,"max_hp_loss":0,"event_name":"Beggar","floor":22,"gold_loss":75}],"is_beta":false,"boss_relics":[{"not_picked":["HoveringKite","Philosopher\u0027s Stone"],"picked":"Busted Crown"}],"items_purged_floors":[5],"is_endless":false,"potions_floor_spawned":[7,8,14,16,19],"ascension_level":0}