{"gold_per_floor":[109,122,297,312,328,346,357,422,422,422,522,537,554,569,569,569],"floor_reached":16,"playtime":961,"items_purged":[],"score":98,"play_id":"2a88ed3d-291c-4204-a1fd-30349c904e25","local_time":"20190909232959","is_ascension_mode":false,"campfire_choices":[{"floor":10,"key":"REST"},{"floor":15,"key":"REST"}],"neow_cost":"NONE","seed_source_timestamp":347922247765500,"circlet_count":0,"master_deck":["Strike_R","Strike_R","Strike_R","Strike_R","Strike_R","Defend_R","Defend_R","Defend_R","Defend_R","Bash","Thunderclap","Twin Strike","Doubt","Pommel Strike","Pommel Strike","Flex","Cleave","Armaments"],"relics":["Burning Blood","Bag of Marbles","Paper Frog"],"potions_floor_usage":[8,16,16,16],"damage_taken":[{"damage":1,"enemies":"Cultist","floor":1,"turns":3},{"damage":11,"enemies":"Jaw Worm","floor":2,"turns":4},{"damage":2,"enemies":"2 Louse","floor":4,"turns":3},{"damage":37,"enemies":"Exordium Thugs","floor":5,"turns":8},{"damage":1,"enemies":"Exordium Wildlife","floor":6,"turns":3},{"damage":7,"enemies":"3 Louse","floor":7,"turns":3},{"damage":42,"enemies":"Lagavulin Event","floor":8,"turns":6},{"damage":2,"enemies":"Blue Slaver","floor":12,"turns":3},{"damage":7,"enemies":"Large Slime","floor":13,"turns":6},{"damage":4,"enemies":"2 Fungi Beasts","floor":14,"turns":3},{"damage":74,"enemies":"Hexaghost","floor":16,"turns":9}],"seed_played":"4534077582341724306","potions_obtained":[{"floor":1,"key":"Fire Potion"},{"floor":6,"key":"PowerPotion"},{"floor":12,"key":"Swift Potion"},{"floor":13,"key":"Strength Potion"},{"floor":14,"key":"Regen Potion"}],"is_trial":false,"path_per_floor":["M","M","?","M","M","M","M","?","T","R","?","M","M","M","R","B"],"character_chosen":"IRONCLAD","items_purchased":[],"campfire_rested":2,"item_purchase_floors":[],"current_hp_per_floor":[80,75,75,79,48,53,52,16,16,40,40,44,43,45,69,0],"gold":569,"neow_bonus":"THREE_CARDS","is_prod":false,"is_daily":false,"chose_seed":false,"campfire_upgraded":0,"win_rate":0,"timestamp":1568064599,"path_taken":["M","?","?","M","M","M","M","?","T","R","?","M","M","?","R","BOSS"],"build_version":"2019-07-17","purchased_purges":0,"victory":false,"max_hp_per_floor":[80,80,80,80,80,80,80,80,80,80,80,80,80,80,80,80],"card_choices":[{"not_picked":["Infernal Blade","Warcry"],"picked":"Thunderclap","floor":0},{"not_picked":["Sever Soul","Heavy Blade","Iron Wave"],"picked":"SKIP","floor":1},{"not_picked":["Thunderclap","Infernal Blade"],"picked":"Twin Strike","floor":2},{"not_picked":["Heavy Blade","Second Wind","Brutality"],"picked":"SKIP","floor":4},{"not_picked":["Twin Strike","Sword Boomerang"],"picked":"Pommel Strike","floor":5},{"not_picked":["Anger","Cleave"],"picked":"Pommel Strike","floor":6},{"not_picked":["Limit Break","Second Wind"],"picked":"Flex","floor":7},{"not_picked":["Inflame","Sever Soul"],"picked":"Cleave","floor":8},{"not_picked":["Clothesline","Headbutt","Power Through"],"picked":"SKIP","floor":12},{"not_picked":["Sword Boomerang","Thunderclap"],"picked":"Armaments","floor":13},{"not_picked":["Blood for Blood","Sword Boomerang","Flex"],"picked":"SKIP","floor":14}],"player_experience":53472,"relics_obtained":[{"floor":8,"key":"Bag of Marbles"},{"floor":9,"key":"Paper Frog"}],"event_choices":[{"damage_healed":0,"gold_gain":175,"player_choice":"AGREE","damage_taken":0,"max_hp_gain":0,"max_hp_loss":0,"event_name":"Liars Game","floor":3,"gold_loss":0,"cards_obtained":["Doubt"]},{"damage_healed":0,"gold_gain":0,"player_choice":"Searched \u00271\u0027 times","damage_taken":0,"max_hp_gain":0,"max_hp_loss":0,"event_name":"Dead Adventurer","floor":8,"gold_loss":0},{"damage_healed":0,"gold_gain":100,"player_choice":"Pray","damage_taken":0,"max_hp_gain":0,"max_hp_loss":0,"event_name":"Golden Shrine","floor":11,"gold_loss":0}],"is_beta":false,"boss_relics":[],"items_purged_floors":[],"is_endless":false,"potions_floor_spawned":[1,6,12,13,14],"killed_by":"Hexaghost","ascension_level":0}