{"gold_per_floor":[362,37,37,50,0,28,48,23,23,52,70,87,112,124,136,250,262,294,77,77,77,92,125,125,155,155,182,196,111,137,152,152,248,248,264,264,283,13,28,28,55,89,166,166,180,230,330,364,364,364,364,364,91,124,124],"floor_reached":56,"playtime":1930,"items_purged":["Strike_R","Defend_R","Defend_R"],"score":1582,"play_id":"fb1b2686-d298-4dff-91bb-c536509ed36a","local_time":"20190917174329","is_ascension_mode":true,"campfire_choices":[{"data":"Bash","floor":15,"key":"SMITH"},{"floor":32,"key":"RECALL"},{"floor":40,"key":"REST"},{"floor":44,"key":"REST"},{"data":"1","floor":49,"key":"LIFT"},{"data":"2","floor":52,"key":"LIFT"}],"neow_cost":"PERCENT_DAMAGE","seed_source_timestamp":227827762773100,"circlet_count":0,"master_deck":["Defend_R","Defend_R+1","Bash+1","Infernal Blade+1","Cleave+1","Carnage+1","Headbutt+1","Headbutt+1","Shrug It Off","Bludgeon+1","Battle Trance","Shrug It Off","Bludgeon+1","Iron Wave+1","Offering","Impervious","Spot Weakness","RitualDagger+1","Brutality","Pommel Strike+1","Immolate+1","CurseOfTheBell","Flame Barrier+1","Madness","Madness","Shockwave+1","Uppercut+1","True Grit+1","Intimidate+1","Whirlwind+1"],"special_seed":0,"relics":["Burning Blood","Molten Egg 2","Thread and Needle","Calipers","Dodecahedron","Boot","MawBank","Fusion Hammer","HandDrill","Singing Bowl","Bottled Flame","Kunai","Nunchaku","Darkstone Periapt","War Paint","Calling Bell","Smiling Mask","Paper Frog","Magic Flower","Bag of Marbles","Bronze Scales","Mercury Hourglass","Girya","Unceasing Top","Pocketwatch","Strange Spoon","Toy Ornithopter"],"potions_floor_usage":[25,27,37,55,55,55],"damage_taken":[{"damage":1.0,"enemies":"2 Louse","floor":1.0,"turns":4.0},{"damage":0,"enemies":"Jaw Worm","floor":4,"turns":3},{"damage":18,"enemies":"Lagavulin","floor":6,"turns":4},{"damage":0,"enemies":"Cultist","floor":7,"turns":2},{"damage":5,"enemies":"3 Sentries","floor":10,"turns":4},{"damage":0,"enemies":"3 Louse","floor":11,"turns":2},{"damage":0,"enemies":"Looter","floor":12,"turns":2},{"damage":0,"enemies":"Gremlin Nob","floor":13,"turns":3},{"damage":21,"enemies":"The Guardian","floor":16,"turns":10},{"damage":0,"enemies":"Shell Parasite","floor":18,"turns":2},{"damage":6,"enemies":"Chosen","floor":22,"turns":2},{"damage":6,"enemies":"Gremlin Leader","floor":23,"turns":4},{"damage":8,"enemies":"Book of Stabbing","floor":25,"turns":5},{"damage":7,"enemies":"Slavers","floor":27,"turns":4},{"damage":0,"enemies":"Centurion and Healer","floor":28,"turns":3},{"damage":7,"enemies":"Book of Stabbing","floor":30,"turns":3},{"damage":6,"enemies":"Snake Plant","floor":31,"turns":1},{"damage":49,"enemies":"Champ","floor":33,"turns":9},{"damage":0,"enemies":"Orb Walker","floor":35,"turns":1},{"damage":7,"enemies":"3 Darklings","floor":37,"turns":2},{"damage":5,"enemies":"4 Shapes","floor":39,"turns":7},{"damage":33,"enemies":"Nemesis","floor":42,"turns":3},{"damage":10,"enemies":"Maw","floor":45,"turns":4},{"damage":6,"enemies":"2 Orb Walkers","floor":46,"turns":1},{"damage":3,"enemies":"Mind Bloom Boss Battle","floor":47,"turns":4},{"damage":7,"enemies":"Reptomancer","floor":48,"turns":3},{"damage":56,"enemies":"Awakened One","floor":50,"turns":12},{"damage":14,"enemies":"Shield and Spear","floor":54,"turns":4},{"damage":92,"enemies":"The Heart","floor":55,"turns":6}],"seed_played":"94289095361706198","potions_obtained":[{"floor":1.0,"key":"SpeedPotion"},{"floor":7,"key":"Poison Potion"},{"floor":10,"key":"Block Potion"},{"floor":16,"key":"Energy Potion"},{"floor":25,"key":"Dexterity Potion"},{"floor":27,"key":"Ancient Potion"},{"floor":31,"key":"Fire Potion"},{"floor":37,"key":"GamblersBrew"},{"floor":39,"key":"Regen Potion"},{"floor":46,"key":"Energy Potion"}],"is_trial":false,"path_per_floor":["M","$","?","M","?","E","M","$","T","E","M","M","E","?","R","B",null,"M","$","?","?","M","E","?","E","T","E","M","?","E","M","R","B",null,"M","?","M","$","M","R","T","E","T","R","M","?","?","E","R","B",null,"R","$","E","B",null],"character_chosen":"IRONCLAD","items_purchased":["Molten Egg 2","Cleave+1","Explosive Potion","Shrug It Off","HandDrill","Bag of Marbles","Uppercut+1","Strange Spoon","LiquidBronze"],"campfire_rested":2,"item_purchase_floors":[2,2,2,8,19,38,38,53,53],"current_hp_per_floor":[61,61,58,64,64,52,58,58,58,59,65,71,77,70,70,55,80,80,80,80,80,80,82,76,74,74,75,83,83,82,84,84,41,94,94,82,84,84,90,96,96,72,72,96,97,100,100,100,100,53,100,100,100,97,27],"gold":124,"neow_bonus":"TWO_FIFTY_GOLD","is_prod":false,"is_daily":false,"chose_seed":false,"campfire_upgraded":1,"win_rate":0,"timestamp":1568738609,"path_taken":["M","$","?","M","?","E","M","$","T","E","M","M","E","?","R","BOSS","M","$","?","?","?","E","?","E","T","E","M","?","E","M","R","BOSS","M","?","M","$","M","R","?","E","T","R","?","?","?","E","R","BOSS","R","$","E","BOSS"],"build_version":"2019-09-16v2","purchased_purges":3,"victory":true,"max_hp_per_floor":[80,80,80,80,80,80,80,80,80,80,80,80,80,80,80,80,80,80,80,80,80,80,82,82,82,82,84,86,86,86,88,88,88,94,94,94,94,94,96,96,96,96,96,96,98,100,100,100,100,100,100,100,100,102,102],"card_choices":[{"not_picked":["Ghostly Armor","Body Slam"],"picked":"Infernal Blade","floor":1.0},{"not_picked":["Anger+1","True Grit"],"picked":"Carnage+1","floor":4},{"not_picked":["Sever Soul+1","Perfected Strike+1"],"picked":"Headbutt+1","floor":6},{"not_picked":["Wild Strike+1","Sword Boomerang+1"],"picked":"Headbutt+1","floor":7},{"not_picked":["Flex","Sentinel"],"picked":"Bludgeon+1","floor":10},{"not_picked":["Rage","Thunderclap+1"],"picked":"Battle Trance","floor":11},{"not_picked":["Heavy Blade+1","Anger+1"],"picked":"Shrug It Off","floor":12},{"not_picked":["Wild Strike+1","Entrench","Intimidate"],"picked":"SKIP","floor":13},{"not_picked":["Dark Embrace","Exhume"],"picked":"Bludgeon+1","floor":16},{"not_picked":["True Grit","Searing Blow+1","Infernal Blade"],"picked":"SKIP","floor":18},{"not_picked":["Wild Strike+1","Spot Weakness","Cleave+1"],"picked":"SKIP","floor":22},{"not_picked":["Wild Strike+1","Cleave+1"],"picked":"Spot Weakness","floor":22},{"not_picked":["Headbutt+1","Clothesline+1","Carnage+1"],"picked":"Singing Bowl","floor":23},{"not_picked":["Rage","Cleave+1"],"picked":"Brutality","floor":25},{"not_picked":["Sever Soul+1","Impervious","Shrug It Off"],"picked":"Singing Bowl","floor":27},{"not_picked":["Sever Soul+1","Anger+1","Sentinel"],"picked":"Singing Bowl","floor":28},{"not_picked":["Body Slam+1","Havoc"],"picked":"Pommel Strike+1","floor":30},{"not_picked":["Thunderclap+1","Evolve","Clash+1"],"picked":"Singing Bowl","floor":31},{"not_picked":["Bludgeon+1","Dark Embrace"],"picked":"Immolate+1","floor":33},{"not_picked":["Body Slam+1","Anger+1"],"picked":"Flame Barrier+1","floor":35},{"not_picked":["Limit Break","Armaments"],"picked":"Shockwave+1","floor":37},{"not_picked":["Sword Boomerang+1","Shrug It Off","Armaments+1"],"picked":"Singing Bowl","floor":39},{"not_picked":["Body Slam+1","Pummel+1"],"picked":"True Grit+1","floor":42},{"not_picked":["Sword Boomerang+1","Wild Strike+1","Flex+1"],"picked":"Singing Bowl","floor":45},{"not_picked":["Pommel Strike+1","Sword Boomerang+1","Heavy Blade+1"],"picked":"Singing Bowl","floor":46},{"not_picked":["Twin Strike+1","Blood for Blood+1"],"picked":"Intimidate+1","floor":47},{"not_picked":["Sentinel","Reckless Charge+1"],"picked":"Whirlwind+1","floor":48},{"not_picked":["Spot Weakness+1","Thunderclap+1","Headbutt+1"],"picked":"Singing Bowl","floor":54}],"player_experience":1521328,"relics_obtained":[{"floor":6,"key":"Calipers"},{"floor":9,"key":"Dodecahedron"},{"floor":10,"key":"Boot"},{"floor":13,"key":"MawBank"},{"floor":23,"key":"Singing Bowl"},{"floor":25,"key":"Bottled Flame"},{"floor":26,"key":"Kunai"},{"floor":27,"key":"Nunchaku"},{"floor":30,"key":"War Paint"},{"floor":34,"key":"Smiling Mask"},{"floor":34,"key":"Paper Frog"},{"floor":34,"key":"Magic Flower"},{"floor":42,"key":"Bronze Scales"},{"floor":43,"key":"Mercury Hourglass"},{"floor":46,"key":"Girya"},{"floor":47,"key":"Unceasing Top"},{"floor":48,"key":"Pocketwatch"},{"floor":54,"key":"Toy Ornithopter"}],"event_choices":[{"damage_healed":0,"gold_gain":0,"player_choice":"Success","damage_taken":3,"relics_obtained":["Thread and Needle"],"max_hp_gain":0,"max_hp_loss":0,"event_name":"Scrap Ooze","floor":3,"gold_loss":0},{"cards_removed":["Strike_R"],"damage_healed":0,"gold_gain":0,"player_choice":"Card Removal","damage_taken":0,"max_hp_gain":0,"max_hp_loss":0,"event_name":"The Cleric","floor":5,"gold_loss":50},{"cards_removed":["Strike_R"],"damage_healed":0,"gold_gain":0,"player_choice":"Card Removal","damage_taken":7,"max_hp_gain":0,"max_hp_loss":0,"event_name":"Golden Wing","floor":14,"gold_loss":0},{"damage_healed":0,"gold_gain":0,"cards_transformed":["Strike_R","Strike_R"],"player_choice":"Became Test Subject","damage_taken":0,"max_hp_gain":0,"max_hp_loss":0,"event_name":"Drug Dealer","floor":20,"gold_loss":0,"cards_obtained":["Iron Wave","Offering"]},{"damage_healed":0,"gold_gain":0,"player_choice":"1 cards matched","damage_taken":0,"max_hp_gain":0,"max_hp_loss":0,"event_name":"Match and Keep!","floor":21,"gold_loss":0,"cards_obtained":["Impervious"]},{"damage_healed":0,"gold_gain":0,"player_choice":"Joined the Cult","damage_taken":6,"max_hp_gain":0,"max_hp_loss":0,"event_name":"Nest","floor":24,"gold_loss":0,"cards_obtained":["RitualDagger"]},{"damage_healed":0,"gold_gain":0,"player_choice":"Obtained Relic","damage_taken":0,"relics_obtained":["Darkstone Periapt"],"max_hp_gain":0,"max_hp_loss":0,"event_name":"Addict","floor":29,"gold_loss":85},{"damage_healed":0,"gold_gain":0,"player_choice":"Embrace Madness","damage_taken":12,"max_hp_gain":0,"max_hp_loss":0,"event_name":"Winding Halls","floor":36,"gold_loss":0,"cards_obtained":["Madness","Madness"]},{"damage_healed":0,"gold_gain":0,"player_choice":"Fight","damage_taken":0,"max_hp_gain":0,"max_hp_loss":0,"event_name":"Mysterious Sphere","floor":46,"gold_loss":0},{"damage_healed":0,"gold_gain":0,"player_choice":"Fight","damage_taken":0,"max_hp_gain":0,"max_hp_loss":0,"event_name":"MindBloom","floor":47,"gold_loss":0}],"is_beta":true,"boss_relics":[{"not_picked":["Runic Pyramid","Black Star"],"picked":"Fusion Hammer"},{"not_picked":["Black Blood","Empty Cage"],"picked":"Calling Bell"}],"items_purged_floors":[19,38,53],"is_endless":false,"potions_floor_spawned":[1,7,10,16,25,27,31,33,37,39,46,54],"ascension_level":1}