{"gold_per_floor":[110,110,122,47,47,47,80,99,99,99,115,115,142,157,157,255,255,266,278,278,278,53,53,71,99,99,18,18,45,45,58,58,158,158,178,191,206,206,0,0,35,48,48,76,76,94,119,119,119,119,119,119,12,42,42],"floor_reached":56,"playtime":3019,"items_purged":["Strike_G","Decay","Strike_G"],"score":1519,"play_id":"fb835faf-292c-49ae-a3db-8f701c0dd29a","local_time":"20190725203808","is_ascension_mode":true,"campfire_choices":[{"data":"Poisoned Stab","floor":6,"key":"SMITH"},{"data":"Blade Dance","floor":15,"key":"SMITH"},{"data":"Noxious Fumes","floor":23,"key":"SMITH"},{"data":"Bouncing Flask","floor":30,"key":"SMITH"},{"floor":32,"key":"REST"},{"data":"Envenom","floor":40,"key":"SMITH"},{"floor":45,"key":"RECALL"},{"data":"Infinite Blades","floor":49,"key":"SMITH"},{"data":"Poisoned Stab","floor":52,"key":"SMITH"}],"neow_cost":"NONE","seed_source_timestamp":600158744522160,"circlet_count":0,"master_deck":["Strike_G","Defend_G","Defend_G","Defend_G","Survivor","Neutralize+1","Poisoned Stab+1","Poisoned Stab+1","After Image+1","Poisoned Stab+1","Bouncing Flask+1","Infinite Blades+1","Blade Dance+1","Malaise+1","Endless Agony","Noxious Fumes+1","PiercingWail","Tactician+1","Terror+1","Blade Dance+1","Calculated Gamble+1","Envenom+1","Escape Plan+1","Escape Plan+1","Acrobatics+1","Blur+1","Acrobatics+1","Deflect+1","Acrobatics+1","Flash of Steel","Dark Shackles+1","Finesse+1","Madness+1","Backflip+1"],"relics":["Ring of the Snake","Ornamental Fan","Meat on the Bone","Potion Belt","Runic Pyramid","Snake Skull","Toxic Egg 2","Incense Burner","Empty Cage","Anchor","Centennial Puzzle","Ninja Scroll","Bottled Flame"],"potions_floor_usage":[7,21,25,55,55,55,55,55],"damage_taken":[{"damage":0,"enemies":"Small Slimes","floor":1,"turns":3},{"damage":0,"enemies":"Cultist","floor":3,"turns":3},{"damage":6,"enemies":"Gremlin Nob","floor":7,"turns":4},{"damage":0,"enemies":"Jaw Worm","floor":8,"turns":3},{"damage":0,"enemies":"Looter","floor":11,"turns":3},{"damage":12,"enemies":"3 Sentries","floor":13,"turns":7},{"damage":0,"enemies":"Gremlin Gang","floor":14,"turns":4},{"damage":18,"enemies":"The Guardian","floor":16,"turns":9},{"damage":3,"enemies":"3 Byrds","floor":18,"turns":5},{"damage":0,"enemies":"Chosen","floor":19,"turns":5},{"damage":0,"enemies":"Snecko","floor":21,"turns":2},{"damage":0,"enemies":"Shelled Parasite and Fungi","floor":24,"turns":5},{"damage":38,"enemies":"Slavers","floor":25,"turns":6},{"damage":3,"enemies":"Book of Stabbing","floor":29,"turns":5},{"damage":0,"enemies":"Centurion and Healer","floor":31,"turns":5},{"damage":8,"enemies":"Collector","floor":33,"turns":7},{"damage":0,"enemies":"3 Shapes","floor":35,"turns":4},{"damage":1,"enemies":"Orb Walker","floor":36,"turns":3},{"damage":8,"enemies":"Spire Growth","floor":37,"turns":4},{"damage":0,"enemies":"Giant Head","floor":41,"turns":6},{"damage":0,"enemies":"Jaw Worm Horde","floor":42,"turns":5},{"damage":2,"enemies":"Reptomancer","floor":44,"turns":6},{"damage":0,"enemies":"Sphere and 2 Shapes","floor":46,"turns":4},{"damage":0,"enemies":"Giant Head","floor":47,"turns":7},{"damage":0,"enemies":"Awakened One","floor":50,"turns":11},{"damage":0,"enemies":"Shield and Spear","floor":54,"turns":7},{"damage":0,"enemies":"The Heart","floor":55,"turns":9}],"seed_played":"-6722074383352854429","potions_obtained":[{"floor":1,"key":"Poison Potion"},{"floor":8,"key":"Dexterity Potion"},{"floor":14,"key":"FearPotion"},{"floor":19,"key":"SmokeBomb"},{"floor":31,"key":"Ancient Potion"},{"floor":33,"key":"PowerPotion"},{"floor":37,"key":"PowerPotion"},{"floor":47,"key":"PowerPotion"},{"floor":54,"key":"Dexterity Potion"}],"is_trial":false,"path_per_floor":["M","?","M","$","?","R","E","M","T","?","M","?","E","M","R","B",null,"M","M","?","M","$","R","M","E","T","$","?","E","R","M","R","B",null,"M","M","M","?","$","R","E","M","T","E","R","M","E","?","R","B",null,"R","$","E","B",null],"character_chosen":"THE_SILENT","items_purchased":["Noxious Fumes","PiercingWail","Terror+1","Blur+1","Madness+1","Backflip+1"],"campfire_rested":1,"item_purchase_floors":[22,22,27,39,53,53],"current_hp_per_floor":[77,77,77,77,77,77,71,71,71,71,71,56,44,44,44,38,77,74,74,74,74,74,74,74,48,48,48,48,45,45,45,68,60,77,77,76,68,68,68,68,68,68,68,66,66,66,66,56,56,56,77,77,77,77,77],"gold":42,"neow_bonus":"TEN_PERCENT_HP_BONUS","is_prod":false,"is_daily":false,"chose_seed":false,"campfire_upgraded":7,"win_rate":0,"timestamp":1564083488,"path_taken":["M","?","?","$","?","R","E","M","T","?","?","?","E","M","R","BOSS","M","M","?","?","$","R","M","E","T","$","?","E","R","M","R","BOSS","M","?","M","?","$","R","E","M","T","E","R","M","E","?","R","BOSS","R","$","E","BOSS"],"build_version":"2019-07-17","purchased_purges":3,"victory":true,"max_hp_per_floor":[77,77,77,77,77,77,77,77,77,77,77,77,77,77,77,77,77,77,77,77,77,77,77,77,77,77,77,77,77,77,77,77,77,77,77,77,77,77,77,77,77,77,77,77,77,77,77,77,77,77,77,77,77,77,77],"card_choices":[{"not_picked":["Bouncing Flask","All Out Attack"],"picked":"Poisoned Stab","floor":1},{"not_picked":["Catalyst","Acrobatics"],"picked":"Poisoned Stab","floor":3},{"not_picked":["Prepared","Backstab"],"picked":"After Image","floor":7},{"not_picked":["Deadly Poison","Outmaneuver"],"picked":"Poisoned Stab","floor":8},{"not_picked":["Outmaneuver","Dagger Throw"],"picked":"Infinite Blades","floor":11},{"not_picked":["Wraith Form v2","Backflip"],"picked":"Blade Dance","floor":13},{"not_picked":["Dagger Spray","Dodge and Roll"],"picked":"Finisher","floor":14},{"not_picked":["Grand Finale","Bullet Time"],"picked":"Malaise","floor":16},{"not_picked":["Finisher","Underhanded Strike+1","Cloak And Dagger"],"picked":"SKIP","floor":18},{"not_picked":["Poisoned Stab+1","Deflect"],"picked":"Endless Agony","floor":19},{"not_picked":["Flechettes","Prepared","Blade Dance"],"picked":"SKIP","floor":24},{"not_picked":["Dodge and Roll","Dagger Throw"],"picked":"Tactician+1","floor":25},{"not_picked":["Slice","Expertise+1"],"picked":"Blade Dance+1","floor":29},{"not_picked":["Outmaneuver+1","Dagger Throw"],"picked":"Calculated Gamble+1","floor":31},{"not_picked":["Storm of Steel+1","After Image"],"picked":"Envenom","floor":33},{"not_picked":["Sucker Punch+1","Caltrops+1"],"picked":"Escape Plan+1","floor":35},{"not_picked":["Underhanded Strike+1","Backflip+1"],"picked":"Escape Plan+1","floor":36},{"not_picked":["Outmaneuver+1","Sucker Punch+1"],"picked":"Acrobatics+1","floor":37},{"not_picked":["Corpse Explosion+1","Slice+1","Flying Knee"],"picked":"SKIP","floor":41},{"not_picked":["Masterful Stab+1","Dash"],"picked":"Acrobatics+1","floor":42},{"not_picked":["Endless Agony+1","Heel Hook+1","Quick Slash"],"picked":"SKIP","floor":44},{"not_picked":["Acrobatics+1","Skewer"],"picked":"Deflect+1","floor":46},{"not_picked":["Terror+1","PiercingWail+1"],"picked":"Acrobatics+1","floor":47},{"not_picked":["Forethought+1","Secret Weapon+1"],"picked":"Flash of Steel","floor":48},{"not_picked":["HandOfGreed","Trip+1"],"picked":"Dark Shackles+1","floor":48},{"not_picked":["Panacea+1","Master of Strategy+1"],"picked":"Finesse+1","floor":48},{"not_picked":["Quick Slash+1","All Out Attack+1","Dagger Spray"],"picked":"SKIP","floor":54}],"player_experience":1741732,"relics_obtained":[{"floor":7,"key":"Ornamental Fan"},{"floor":9,"key":"Meat on the Bone"},{"floor":13,"key":"Potion Belt"},{"floor":25,"key":"Snake Skull"},{"floor":26,"key":"Toxic Egg 2"},{"floor":29,"key":"Incense Burner"},{"floor":41,"key":"Anchor"},{"floor":44,"key":"Centennial Puzzle"},{"floor":47,"key":"Ninja Scroll"},{"floor":54,"key":"Bottled Flame"}],"event_choices":[{"cards_removed":["Strike_G"],"damage_healed":0,"gold_gain":0,"player_choice":"Offered Basic","damage_taken":0,"max_hp_gain":0,"max_hp_loss":0,"event_name":"Bonfire Elementals","floor":2,"gold_loss":0},{"damage_healed":0,"gold_gain":0,"player_choice":"Grow","damage_taken":0,"max_hp_gain":0,"max_hp_loss":0,"event_name":"Living Wall","floor":5,"gold_loss":0,"cards_upgraded":["Neutralize"]},{"damage_healed":0,"gold_gain":0,"cards_transformed":["Defend_G"],"player_choice":"Transformed","damage_taken":0,"max_hp_gain":0,"max_hp_loss":0,"event_name":"Transmorgrifier","floor":10,"gold_loss":0,"cards_obtained":["Bouncing Flask"]},{"damage_healed":0,"gold_gain":0,"player_choice":"Entered Light","damage_taken":15,"max_hp_gain":0,"max_hp_loss":0,"event_name":"Shining Light","floor":12,"gold_loss":0,"cards_upgraded":["After Image","Poisoned Stab"]},{"damage_healed":0,"gold_gain":0,"player_choice":"Cursed","damage_taken":0,"max_hp_gain":0,"max_hp_loss":0,"event_name":"Wheel of Change","floor":20,"gold_loss":0,"cards_obtained":["Decay"]},{"damage_healed":0,"gold_gain":0,"player_choice":"Upgraded","damage_taken":0,"max_hp_gain":0,"max_hp_loss":0,"event_name":"Upgrade Shrine","floor":28,"gold_loss":0,"cards_upgraded":["Malaise"]},{"cards_removed":["Finisher"],"damage_healed":0,"gold_gain":0,"player_choice":"Removed Attack","damage_taken":0,"max_hp_gain":0,"max_hp_loss":0,"event_name":"Falling","floor":38,"gold_loss":0},{"damage_healed":0,"gold_gain":0,"player_choice":"Memory 3","damage_taken":10,"max_hp_gain":0,"max_hp_loss":0,"event_name":"SensoryStone","floor":48,"gold_loss":0}],"is_beta":false,"boss_relics":[{"not_picked":["Lizard Tail","Runic Dome"],"picked":"Runic Pyramid"},{"not_picked":["WristBlade","Busted Crown"],"picked":"Empty Cage"}],"items_purged_floors":[4,22,39],"is_endless":false,"potions_floor_spawned":[1,8,14,19,21,31,33,37,47,54],"ascension_level":1}