{"gold_per_floor":[114,289,304,322,16,16,50,67,67,67,83,158,158,2,2,102,102,121,134,146,166,177,177,205,205,205,224,258,258,46,0,0,95,95,106,106,116,136,154,154,154,154,177,189,189,201,236,236],"floor_reached":48,"playtime":4707,"items_purged":["Doubt"],"score":686,"play_id":"0cddbd0e-b267-4fd2-8927-5960a19893fd","local_time":"20191008200109","is_ascension_mode":true,"campfire_choices":[{"data":"Neutralize","floor":6,"key":"SMITH"},{"floor":10,"key":"REST"},{"floor":13,"key":"REST"},{"data":"Infinite Blades","floor":15,"key":"SMITH"},{"floor":23,"key":"REST"},{"data":"PiercingWail","floor":25,"key":"SMITH"},{"floor":29,"key":"REST"},{"floor":32,"key":"REST"},{"floor":40,"key":"REST"},{"data":"Noxious Fumes","floor":42,"key":"SMITH"},{"data":"Well Laid Plans","floor":45,"key":"SMITH"}],"neow_cost":"NONE","seed_source_timestamp":319768666322400,"circlet_count":0,"master_deck":["Strike_G","Strike_G","Strike_G","Strike_G","Defend_G","Defend_G","Defend_G","Survivor","Neutralize+1","PiercingWail+1","Dodge and Roll","Backstab","Backstab","Poisoned Stab","Infinite Blades+1","Malaise","Acrobatics+1","Blade Dance+1","Leg Sweep+1","Quick Slash","Leg Sweep","Infinite Blades","PiercingWail+1","Acrobatics+1","Well Laid Plans+1","PiercingWail+1","Adrenaline+1","Heel Hook+1","After Image+1","Finisher+1","Blade Dance+1","Noxious Fumes+1","Acrobatics+1","Deflect+1","Backflip+1","Burst+1"],"relics":["Ring of the Snake","Shuriken","Ornamental Fan","Bottled Lightning","Philosopher\u0027s Stone","Toxic Egg 2","Torii","Astrolabe","Frozen Egg 2","War Paint","Pantograph"],"potions_floor_usage":[7,7,20,20,22,24,28,33,38,39,47,48],"damage_taken":[{"damage":6,"enemies":"Jaw Worm","floor":1,"turns":9},{"damage":1,"enemies":"Cultist","floor":3,"turns":5},{"damage":1,"enemies":"Small Slimes","floor":4,"turns":5},{"damage":42,"enemies":"Lagavulin","floor":7,"turns":8},{"damage":2,"enemies":"2 Fungi Beasts","floor":8,"turns":4},{"damage":0,"enemies":"Lots of Slimes","floor":11,"turns":4},{"damage":33,"enemies":"The Guardian","floor":16,"turns":11},{"damage":0,"enemies":"Spheric Guardian","floor":18,"turns":4},{"damage":3,"enemies":"3 Byrds","floor":19,"turns":6},{"damage":13,"enemies":"3 Cultists","floor":20,"turns":6},{"damage":18,"enemies":"Shelled Parasite and Fungi","floor":21,"turns":7},{"damage":3,"enemies":"Chosen and Byrds","floor":22,"turns":6},{"damage":4,"enemies":"Book of Stabbing","floor":24,"turns":8},{"damage":0,"enemies":"Snecko","floor":27,"turns":5},{"damage":37,"enemies":"Slavers","floor":28,"turns":7},{"damage":44,"enemies":"Collector","floor":33,"turns":11},{"damage":0,"enemies":"3 Darklings","floor":35,"turns":6},{"damage":21,"enemies":"3 Shapes","floor":37,"turns":4},{"damage":16,"enemies":"Writhing Mass","floor":38,"turns":5},{"damage":3,"enemies":"Sphere and 2 Shapes","floor":39,"turns":8},{"damage":2,"enemies":"Spire Growth","floor":44,"turns":7},{"damage":22,"enemies":"Jaw Worm Horde","floor":46,"turns":5},{"damage":0,"enemies":"Nemesis","floor":47,"turns":7},{"damage":19,"enemies":"Writhing Mass","floor":48,"turns":4}],"seed_played":"196393119845383130","potions_obtained":[{"floor":4,"key":"Fire Potion"},{"floor":8,"key":"SpeedPotion"},{"floor":11,"key":"Energy Potion"},{"floor":19,"key":"FearPotion"},{"floor":21,"key":"SteroidPotion"},{"floor":22,"key":"PowerPotion"},{"floor":27,"key":"Poison Potion"},{"floor":33,"key":"Strength Potion"},{"floor":37,"key":"PowerPotion"},{"floor":38,"key":"Swift Potion"},{"floor":46,"key":"SneckoOil"}],"is_trial":false,"path_per_floor":["M","?","M","M","$","R","E","M","T","R","M","?","R","$","R","B",null,"M","M","M","M","M","R","E","R","T","M","E","R","$","?","R","B",null,"M","?","M","M","M","R","?","R","T","M","R","M","E","M"],"character_chosen":"THE_SILENT","items_purchased":["Shuriken","PowerPotion","Infinite Blades","Acrobatics+1","Well Laid Plans","PiercingWail+1","GhostInAJar"],"campfire_rested":6,"item_purchase_floors":[5,5,14,30,30,30,30],"current_hp_per_floor":[71,71,70,69,69,69,27,25,25,48,48,37,60,60,60,27,65,65,62,49,31,28,51,47,47,47,47,10,33,33,33,56,12,61,61,61,40,24,21,42,42,42,42,40,40,18,18,0],"gold":236,"neow_bonus":"TEN_PERCENT_HP_BONUS","is_prod":false,"is_daily":false,"chose_seed":false,"campfire_upgraded":5,"win_rate":0,"timestamp":1570590069,"path_taken":["M","?","M","M","$","R","E","M","T","R","M","?","R","?","R","BOSS","M","M","M","M","M","R","E","R","T","M","E","R","$","?","R","BOSS","M","?","M","M","M","R","?","R","T","M","R","M","E","M"],"build_version":"2019-07-17","purchased_purges":1,"victory":false,"max_hp_per_floor":[77,77,77,77,77,77,77,77,77,77,77,77,77,77,77,77,77,77,77,77,77,77,77,77,77,77,77,77,77,77,77,77,77,77,77,73,73,73,73,73,73,73,73,73,73,73,73,73],"card_choices":[{"not_picked":["Endless Agony","Backflip"],"picked":"PiercingWail","floor":1},{"not_picked":["Slice","Blade Dance"],"picked":"Dodge and Roll","floor":3},{"not_picked":["PiercingWail","Distraction","Flechettes"],"picked":"SKIP","floor":4},{"not_picked":["Escape Plan","Cloak And Dagger"],"picked":"Backstab","floor":7},{"not_picked":["Blur","Reflex"],"picked":"Backstab","floor":8},{"not_picked":["Deflect","Caltrops"],"picked":"Poisoned Stab","floor":11},{"not_picked":["Envenom","Tools of the Trade"],"picked":"Malaise","floor":16},{"not_picked":["Prepared+1","Poisoned Stab+1"],"picked":"Acrobatics+1","floor":18},{"not_picked":["Sucker Punch","Outmaneuver"],"picked":"Blade Dance","floor":19},{"not_picked":["Skewer","Dodge and Roll+1"],"picked":"Leg Sweep","floor":20},{"not_picked":["Poisoned Stab","Sucker Punch"],"picked":"Quick Slash","floor":21},{"not_picked":["Sucker Punch+1","Poisoned Stab"],"picked":"Leg Sweep","floor":22},{"not_picked":["Eviscerate","Prepared","Calculated Gamble+1"],"picked":"SKIP","floor":24},{"not_picked":["Blur+1","Calculated Gamble+1"],"picked":"Infinite Blades","floor":27},{"not_picked":["Reflex+1","Dagger Throw"],"picked":"PiercingWail+1","floor":28},{"not_picked":["Night Terror+1","Malaise+1"],"picked":"Adrenaline+1","floor":33},{"not_picked":["Quick Slash+1","Acrobatics+1","Poisoned Stab"],"picked":"SKIP","floor":35},{"not_picked":["Concentrate+1","Eviscerate"],"picked":"Blade Dance+1","floor":37},{"not_picked":["PiercingWail+1","Unload"],"picked":"Noxious Fumes","floor":38},{"not_picked":["Setup+1","Choke"],"picked":"Acrobatics+1","floor":39},{"not_picked":["PiercingWail+1","Well Laid Plans+1"],"picked":"Deflect+1","floor":44},{"not_picked":["PiercingWail+1","Dagger Throw"],"picked":"Backflip+1","floor":46},{"not_picked":["Reflex+1","Flechettes+1"],"picked":"Burst+1","floor":47}],"player_experience":261314,"relics_obtained":[{"floor":7,"key":"Ornamental Fan"},{"floor":9,"key":"Bottled Lightning"},{"floor":24,"key":"Toxic Egg 2"},{"floor":28,"key":"Torii"},{"floor":41,"key":"Frozen Egg 2"},{"floor":43,"key":"War Paint"},{"floor":47,"key":"Pantograph"}],"event_choices":[{"damage_healed":0,"gold_gain":175,"player_choice":"AGREE","damage_taken":0,"max_hp_gain":0,"max_hp_loss":0,"event_name":"Liars Game","floor":2,"gold_loss":0,"cards_obtained":["Doubt"]},{"damage_healed":0,"gold_gain":75,"player_choice":"Gather Gold","damage_taken":11,"max_hp_gain":0,"max_hp_loss":0,"event_name":"World of Goop","floor":12,"gold_loss":0},{"damage_healed":0,"gold_gain":0,"player_choice":"Paid Fearfully","damage_taken":0,"max_hp_gain":0,"max_hp_loss":0,"event_name":"Masked Bandits","floor":31,"gold_loss":46},{"damage_healed":0,"gold_gain":0,"player_choice":"Max HP","damage_taken":0,"max_hp_gain":0,"max_hp_loss":4,"event_name":"Winding Halls","floor":36,"gold_loss":0},{"damage_healed":0,"gold_gain":0,"player_choice":"Relic","damage_taken":0,"max_hp_gain":0,"max_hp_loss":0,"event_name":"Wheel of Change","floor":41,"gold_loss":0}],"is_beta":false,"boss_relics":[{"not_picked":["Lizard Tail","Ring of the Serpent"],"picked":"Philosopher\u0027s Stone"},{"not_picked":["HoveringKite","White Beast Statue"],"picked":"Astrolabe"}],"items_purged_floors":[14],"is_endless":false,"potions_floor_spawned":[4,8,11,19,21,22,27,33,37,38,46],"killed_by":"Writhing Mass","ascension_level":5}