{"gold_per_floor":[17,17,34,46,57,87,87,116,167,178,50,65,65,90,90,190,190,190],"floor_reached":18,"playtime":1229,"items_purged":["Strike_B"],"score":282,"play_id":"b885a6f8-5fa1-4d48-929d-b7eb6081a877","local_time":"20191025161416","is_ascension_mode":true,"campfire_choices":[{"data":"Hyperbeam","floor":7,"key":"SMITH"},{"floor":13,"key":"REST"},{"floor":15,"key":"REST"}],"neow_cost":"NO_GOLD","seed_source_timestamp":685369331936500,"circlet_count":0,"master_deck":["AscendersBane","Defend_B","Defend_B","Defend_B","Defend_B","Zap","Dualcast","Purity","Finesse","BootSequence","Conserve Battery","Sweeping Beam","Hyperbeam+1","Steam","Ball Lightning","Defragment","Go for the Eyes","Biased Cognition","Coolheaded","Fission"],"relics":["Cracked Core","Mummified Hand","Darkstone Periapt","Juzu Bracelet","Potion Belt","Empty Cage"],"potions_floor_usage":[14,16],"damage_taken":[{"damage":7,"enemies":"Jaw Worm","floor":1,"turns":3},{"damage":2,"enemies":"Small Slimes","floor":3,"turns":3},{"damage":1,"enemies":"Cultist","floor":4,"turns":4},{"damage":1,"enemies":"Blue Slaver","floor":5,"turns":4},{"damage":26,"enemies":"Lagavulin","floor":6,"turns":9},{"damage":25,"enemies":"Gremlin Nob","floor":8,"turns":4},{"damage":0,"enemies":"Red Slaver","floor":10,"turns":2},{"damage":0,"enemies":"Looter","floor":12,"turns":1},{"damage":23,"enemies":"Lagavulin","floor":14,"turns":5},{"damage":23,"enemies":"The Guardian","floor":16,"turns":17},{"damage":57,"enemies":"Chosen","floor":18,"turns":7}],"seed_played":"2590669892375480519","potions_obtained":[{"floor":1,"key":"Ancient Potion"},{"floor":3,"key":"Ancient Potion"},{"floor":14,"key":"LiquidBronze"}],"is_trial":false,"path_per_floor":["M","?","M","M","M","E","R","E","T","M","$","M","R","E","R","B",null,"M"],"character_chosen":"DEFECT","items_purchased":["Go for the Eyes"],"campfire_rested":2,"item_purchase_floors":[11],"current_hp_per_floor":[61,61,59,58,57,31,31,6,6,6,6,6,28,5,27,4,57,0],"gold":190,"neow_bonus":"RANDOM_COLORLESS_2","is_prod":false,"is_daily":false,"chose_seed":false,"campfire_upgraded":1,"win_rate":0,"timestamp":1572045256,"path_taken":["M","?","M","M","M","E","R","E","T","M","$","M","R","E","R","BOSS","M"],"build_version":"2019-07-17","purchased_purges":1,"victory":false,"max_hp_per_floor":[75,75,75,75,75,75,75,75,75,75,75,75,75,75,75,75,75,75],"card_choices":[{"not_picked":["Stack","Redo"],"picked":"BootSequence","floor":1},{"not_picked":["Coolheaded","Consume"],"picked":"Sweeping Beam","floor":3},{"not_picked":["Barrage","Sweeping Beam"],"picked":"Hyperbeam","floor":4},{"not_picked":["Redo","Rebound"],"picked":"Steam","floor":5},{"not_picked":["Beam Cell","Cold Snap"],"picked":"Ball Lightning","floor":6},{"not_picked":["Gash","Static Discharge"],"picked":"Defragment","floor":8},{"not_picked":["Cold Snap","Gash","Stack"],"picked":"SKIP","floor":10},{"not_picked":["Ball Lightning","Redo"],"picked":"Biased Cognition","floor":12},{"not_picked":["Defragment","Gash"],"picked":"Coolheaded","floor":14},{"not_picked":["Buffer","Amplify"],"picked":"Fission","floor":16}],"player_experience":458921,"relics_obtained":[{"floor":6,"key":"Mummified Hand"},{"floor":8,"key":"Darkstone Periapt"},{"floor":9,"key":"Juzu Bracelet"},{"floor":14,"key":"Potion Belt"}],"event_choices":[{"damage_healed":0,"gold_gain":0,"cards_transformed":["Strike_B"],"player_choice":"Change","damage_taken":0,"max_hp_gain":0,"max_hp_loss":0,"event_name":"Living Wall","floor":2,"gold_loss":0,"cards_obtained":["Conserve Battery"]}],"is_beta":false,"boss_relics":[{"not_picked":["Calling Bell","Velvet Choker"],"picked":"Empty Cage"}],"items_purged_floors":[11],"is_endless":false,"potions_floor_spawned":[1,3,6,10,12,14],"killed_by":"Chosen","ascension_level":11}