{"gold_per_floor":[115,134,59,70,86,86,96,96,120,148,323,323,223,223,223,326,326,345,220,237,251,267,296,146,146,146,146,146,146,162,172,172,172],"floor_reached":33,"playtime":972,"items_purged":["Strike_R","Doubt","Defend_R","Strike_R"],"score":280,"play_id":"96011b77-95f1-4ce4-a51c-27a31b2c6bac","local_time":"20191025211950","is_ascension_mode":true,"campfire_choices":[{"data":"Bludgeon","floor":6.0,"key":"SMITH"},{"data":"Bash","floor":8.0,"key":"SMITH"},{"data":"Defend_R","floor":15.0,"key":"SMITH"},{"floor":27.0,"key":"REST"},{"floor":32.0,"key":"REST"}],"neow_cost":"TEN_PERCENT_HP_LOSS","seed_source_timestamp":1085621596056300,"circlet_count":0,"master_deck":["Strike_R","Strike_R","Defend_R","Defend_R","Defend_R+1","Bash+1","Bludgeon+1"],"special_seed":0,"relics":["Burning Blood","Centennial Puzzle","Strawberry","Runic Pyramid","Potion Belt","Mercury Hourglass","Enchiridion"],"potions_floor_usage":[33,33],"damage_taken":[{"damage":0.0,"enemies":"Cultist","floor":1.0,"turns":2.0},{"damage":6.0,"enemies":"Jaw Worm","floor":2.0,"turns":2.0},{"damage":5.0,"enemies":"Small Slimes","floor":4.0,"turns":3.0},{"damage":5.0,"enemies":"Looter","floor":5.0,"turns":2.0},{"damage":11.0,"enemies":"2 Fungi Beasts","floor":7.0,"turns":4.0},{"damage":18.0,"enemies":"Lagavulin","floor":10.0,"turns":3.0},{"damage":47.0,"enemies":"Hexaghost","floor":16.0,"turns":9.0},{"damage":29.0,"enemies":"2 Thieves","floor":18.0,"turns":4.0},{"damage":0.0,"enemies":"Spheric Guardian","floor":20.0,"turns":2.0},{"damage":15.0,"enemies":"Snake Plant","floor":21.0,"turns":4.0},{"damage":10.0,"enemies":"Cultist and Chosen","floor":22.0,"turns":5.0},{"damage":49.0,"enemies":"Slavers","floor":23.0,"turns":8.0},{"damage":9.0,"enemies":"Chosen and Byrds","floor":30.0,"turns":5.0},{"damage":8.0,"enemies":"3 Cultists","floor":31.0,"turns":4.0},{"damage":40,"enemies":"Collector","floor":33,"turns":6}],"seed_played":"4386906907661220606","potions_obtained":[{"floor":2.0,"key":"AttackPotion"},{"floor":5.0,"key":"Ancient Potion"},{"floor":10.0,"key":"EssenceOfSteel"},{"floor":20.0,"key":"SteroidPotion"},{"floor":31.0,"key":"PowerPotion"}],"is_trial":false,"path_per_floor":["M","M","$","M","M","R","M","R","T","E","?","?","$","?","R","B",null,"M","$","M","M","M","E","$","?","T","R","?","?","M","M","R","B"],"character_chosen":"IRONCLAD","items_purchased":[],"campfire_rested":2,"item_purchase_floors":[],"current_hp_per_floor":[72,72,72,72,72,72,67,67,67,62,62,67,67,67,67,26,84,61,61,67,58,54,11,11,11,11,36,36,20,17,15,40,0],"gold":172,"neow_bonus":"THREE_RARE_CARDS","is_prod":false,"is_daily":false,"chose_seed":false,"campfire_upgraded":3,"win_rate":0,"timestamp":1572031190,"path_taken":["M","M","$","?","M","R","M","R","T","E","?","?","$","?","R","BOSS","M","$","M","M","M","E","$","?","T","R","?","?","M","M","R","BOSS"],"build_version":"2019-07-17","purchased_purges":4,"victory":false,"max_hp_per_floor":[72,72,72,72,72,72,72,72,72,79,79,84,84,84,84,84,84,84,84,84,84,84,84,84,84,84,84,84,84,84,84,84,84],"card_choices":[{"not_picked":["Feed","Juggernaut"],"picked":"Bludgeon","floor":0.0},{"not_picked":["Clash","Anger","Entrench"],"picked":"SKIP","floor":1.0},{"not_picked":["Cleave","Anger","Ghostly Armor"],"picked":"SKIP","floor":2.0},{"not_picked":["Entrench","Cleave","Warcry"],"picked":"SKIP","floor":4.0},{"not_picked":["Infernal Blade","Twin Strike","Armaments"],"picked":"SKIP","floor":5.0},{"not_picked":["True Grit","Havoc","Shockwave"],"picked":"SKIP","floor":7.0},{"not_picked":["Rage","Pommel Strike","Bloodletting"],"picked":"SKIP","floor":10.0},{"not_picked":["Iron Wave","Clothesline","Headbutt"],"picked":"SKIP","floor":18.0},{"not_picked":["Shockwave+1","Clash+1","Perfected Strike"],"picked":"SKIP","floor":20.0},{"not_picked":["Flex","Carnage","Pommel Strike"],"picked":"SKIP","floor":21.0},{"not_picked":["Uppercut","Heavy Blade","Pommel Strike"],"picked":"SKIP","floor":22.0},{"not_picked":["Inflame","Metallicize","Pommel Strike+1"],"picked":"SKIP","floor":23.0},{"not_picked":["Clothesline","Carnage","Havoc+1"],"picked":"SKIP","floor":30.0},{"not_picked":["Cleave","Thunderclap","Whirlwind+1"],"picked":"SKIP","floor":31.0}],"player_experience":344850,"relics_obtained":[{"floor":9.0,"key":"Centennial Puzzle"},{"floor":10.0,"key":"Strawberry"},{"floor":23.0,"key":"Potion Belt"},{"floor":26.0,"key":"Mercury Hourglass"},{"floor":29.0,"key":"Enchiridion"}],"event_choices":[{"damage_healed":0.0,"max_hp_gain":0.0,"max_hp_loss":0.0,"gold_gain":175.0,"event_name":"Liars Game","player_choice":"AGREE","floor":11.0,"gold_loss":0.0,"damage_taken":0.0,"cards_obtained":["Doubt"]},{"damage_healed":0.0,"max_hp_gain":5.0,"max_hp_loss":0.0,"gold_gain":0.0,"event_name":"Big Fish","player_choice":"Donut","floor":12.0,"gold_loss":0.0,"damage_taken":0.0},{"cards_removed":["Strike_R"],"damage_healed":0.0,"max_hp_gain":0.0,"max_hp_loss":0.0,"gold_gain":0.0,"event_name":"Living Wall","player_choice":"Forget","floor":14.0,"gold_loss":0.0,"damage_taken":0.0},{"damage_healed":0.0,"max_hp_gain":0.0,"max_hp_loss":0.0,"gold_gain":0.0,"event_name":"Forgotten Altar","player_choice":"Smashed Altar","floor":25.0,"gold_loss":0.0,"damage_taken":0.0,"cards_obtained":["Decay"]},{"cards_removed":["Decay"],"damage_healed":0.0,"max_hp_gain":0.0,"max_hp_loss":0.0,"gold_gain":0.0,"event_name":"Back to Basics","player_choice":"Elegance","floor":28.0,"gold_loss":0.0,"damage_taken":0.0},{"damage_healed":0.0,"max_hp_gain":0.0,"max_hp_loss":0.0,"gold_gain":0.0,"event_name":"Cursed Tome","player_choice":"Obtained Book","floor":29.0,"gold_loss":0.0,"damage_taken":16.0}],"is_beta":false,"boss_relics":[{"not_picked":["Runic Dome","Velvet Choker"],"picked":"Runic Pyramid"}],"items_purged_floors":[3,13,19,24],"is_endless":false,"potions_floor_spawned":[2,5,10,20,31],"killed_by":"Collector","ascension_level":1}