{"gold_per_floor":[112,112,112,287,237,263,263,294,321,321,335,103,130,140,140,241,241,256,276,287,287,141,141,166,166,192,192,192,225,1,19,19,19],"floor_reached":33,"playtime":1178,"items_purged":["Strike_R","Strike_R","Strike_R"],"score":309,"play_id":"112fef0b-1241-4184-a5b4-4be2afaec5da","local_time":"20190419131819","is_ascension_mode":true,"campfire_choices":[{"data":"Shrug It Off","floor":7,"key":"SMITH"},{"floor":10,"key":"REST"},{"data":"Flame Barrier","floor":15,"key":"SMITH"},{"floor":23,"key":"REST"},{"floor":25,"key":"REST"},{"floor":28,"key":"REST"},{"floor":32,"key":"REST"}],"neow_cost":"NONE","seed_source_timestamp":2314381084805500,"circlet_count":0,"master_deck":["Strike_R","Defend_R","Defend_R","Defend_R","Bash","Thunderclap","Shrug It Off+1","Shockwave","Thunderclap+1","Flame Barrier+1","Reaper+1","Shrug It Off","Disarm","Intimidate","Flame Barrier+1","Pommel Strike","Sword Boomerang","Sword Boomerang"],"relics":["Burning Blood","Frozen Egg 2","Bottled Lightning","Lantern","Oddly Smooth Stone","Juzu Bracelet","Vajra","Empty Cage","Red Mask","Whetstone","Blood Vial"],"potions_floor_usage":[8,16,19,20,29,33,33],"damage_taken":[{"damage":0,"enemies":"2 Louse","floor":1,"turns":2},{"damage":40,"enemies":"Gremlin Nob","floor":6,"turns":5},{"damage":35,"enemies":"3 Sentries","floor":8,"turns":8},{"damage":0,"enemies":"Jaw Worm","floor":11,"turns":4},{"damage":1,"enemies":"Small Slimes","floor":14,"turns":3},{"damage":54,"enemies":"Hexaghost","floor":16,"turns":12},{"damage":6,"enemies":"3 Byrds","floor":18,"turns":6},{"damage":21,"enemies":"Shell Parasite","floor":19,"turns":12},{"damage":48,"enemies":"Centurion and Healer","floor":20,"turns":19},{"damage":74,"enemies":"Masked Bandits","floor":24,"turns":6},{"damage":54,"enemies":"Slavers","floor":29,"turns":6},{"damage":45,"enemies":"Shelled Parasite and Fungi","floor":31,"turns":8},{"damage":43,"enemies":"Champ","floor":33,"turns":12}],"seed_played":"-2491823789936626686","potions_obtained":[{"floor":6,"key":"Strength Potion"},{"floor":14,"key":"Strength Potion"},{"floor":16,"key":"SkillPotion"},{"floor":18,"key":"SteroidPotion"},{"floor":24,"key":"BloodPotion"}],"is_trial":false,"path_per_floor":["M","?","?","?","?","E","R","E","T","R","M","$","T","M","R","B",null,"M","M","M","?","$","R","?","R","T","?","R","E","$","M","R","B"],"character_chosen":"IRONCLAD","items_purchased":["Juzu Bracelet","Pommel Strike","Strength Potion","Fire Potion"],"campfire_rested":5,"item_purchase_floors":[12,22,30,30],"current_hp_per_floor":[88,88,88,88,88,54,54,25,25,51,57,57,57,62,62,14,88,88,73,38,38,38,64,11,37,37,37,63,49,49,12,38,0],"gold":19,"neow_bonus":"TEN_PERCENT_HP_BONUS","is_prod":false,"is_daily":false,"chose_seed":false,"campfire_upgraded":2,"win_rate":0,"timestamp":1555669099,"path_taken":["M","?","?","?","?","E","R","E","T","R","M","$","?","M","R","BOSS","M","M","M","?","$","R","?","R","T","?","R","E","$","M","R","BOSS"],"build_version":"2019-01-23","purchased_purges":3,"victory":false,"max_hp_per_floor":[88,88,88,88,88,88,88,88,88,88,88,88,88,88,88,88,88,88,88,88,88,88,88,88,88,88,88,88,88,88,88,88,88],"card_choices":[{"not_picked":["Anger","Havoc"],"picked":"Thunderclap","floor":1},{"not_picked":["Battle Trance","Brutality+1"],"picked":"Shrug It Off","floor":6},{"not_picked":["Corruption+1","Clothesline"],"picked":"Shockwave","floor":8},{"not_picked":["Anger","Dual Wield"],"picked":"Thunderclap","floor":11},{"not_picked":["Battle Trance","Hemokinesis"],"picked":"Flame Barrier","floor":14},{"not_picked":["Impervious","Limit Break"],"picked":"Reaper","floor":16},{"not_picked":["Combust+1","Intimidate"],"picked":"Shrug It Off","floor":18},{"not_picked":["Carnage+1","Body Slam"],"picked":"Disarm","floor":19},{"not_picked":["Headbutt","Hemokinesis"],"picked":"Intimidate","floor":20},{"not_picked":["Twin Strike","Sentinel"],"picked":"Sword Boomerang","floor":24},{"not_picked":["Wild Strike+1","Havoc"],"picked":"Sword Boomerang","floor":29},{"not_picked":["Feel No Pain+1","Anger","Searing Blow+1"],"picked":"SKIP","floor":31}],"player_experience":321902,"relics_obtained":[{"floor":6,"key":"Bottled Lightning"},{"floor":8,"key":"Lantern"},{"floor":9,"key":"Oddly Smooth Stone"},{"floor":13,"key":"Vajra"},{"floor":24,"key":"Red Mask"},{"floor":26,"key":"Whetstone"},{"floor":29,"key":"Blood Vial"}],"event_choices":[{"damage_healed":0,"gold_gain":0,"player_choice":"Box","damage_taken":0,"relics_obtained":["Frozen Egg 2"],"max_hp_gain":0,"max_hp_loss":0,"event_name":"Big Fish","floor":2,"gold_loss":0,"cards_obtained":["Regret"]},{"cards_removed":["Regret"],"damage_healed":0,"gold_gain":0,"player_choice":"Forget","damage_taken":0,"max_hp_gain":0,"max_hp_loss":0,"event_name":"Living Wall","floor":3,"gold_loss":0},{"damage_healed":0,"gold_gain":175,"player_choice":"AGREE","damage_taken":0,"max_hp_gain":0,"max_hp_loss":0,"event_name":"Liars Game","floor":4,"gold_loss":0,"cards_obtained":["Doubt"]},{"cards_removed":["Doubt"],"damage_healed":0,"gold_gain":0,"player_choice":"Card Removal","damage_taken":0,"max_hp_gain":0,"max_hp_loss":0,"event_name":"The Cleric","floor":5,"gold_loss":50},{"damage_healed":0,"gold_gain":0,"player_choice":"Copied","damage_taken":0,"max_hp_gain":0,"max_hp_loss":0,"event_name":"Duplicator","floor":21,"gold_loss":0,"cards_obtained":["Flame Barrier"]},{"damage_healed":0,"gold_gain":0,"player_choice":"Fought Bandits","damage_taken":0,"max_hp_gain":0,"max_hp_loss":0,"event_name":"Masked Bandits","floor":24,"gold_loss":0},{"damage_healed":0,"gold_gain":0,"player_choice":"Ignored","damage_taken":0,"max_hp_gain":0,"max_hp_loss":0,"event_name":"Vampires","floor":27,"gold_loss":0}],"is_beta":false,"boss_relics":[{"not_picked":["Orrery","Black Star"],"picked":"Empty Cage"}],"items_purged_floors":[12,22,30],"is_endless":false,"potions_floor_spawned":[6,14,16,18,24],"killed_by":"Champ","ascension_level":3}