{"gold_per_floor":[212,46,83,94,165,190,190,242,317,368,368,318,318,373,373,521,521,556,577,630,268,304,304,347,382,382,382,382,20,73,108,108,259,322,338,338,213,256,270,335,335,255,255,255,319,357,357,388,388,413,413,413,43,78,103],"floor_reached":56,"playtime":2704,"items_purged":["Strike_R","Strike_R","Strike_R","Normality"],"score":1688,"play_id":"b26e3ca3-9d32-4db8-ab3d-0c4b4667ccf4","local_time":"20190816194644","is_ascension_mode":true,"campfire_choices":[{"data":"Combust","floor":7,"key":"SMITH"},{"floor":11,"key":"REST"},{"floor":15,"key":"REST"},{"floor":23,"key":"REST"},{"data":"Disarm","floor":27,"key":"SMITH"},{"floor":32,"key":"REST"},{"floor":41,"key":"REST"},{"data":"Pommel Strike","floor":44,"key":"SMITH"},{"floor":47,"key":"RECALL"},{"data":"Offering","floor":49,"key":"SMITH"},{"data":"Apotheosis","floor":52,"key":"SMITH"}],"neow_cost":"NONE","seed_source_timestamp":123202494358300,"circlet_count":0,"master_deck":["Strike_R+1","Defend_R","Defend_R","Defend_R","Defend_R","Bash","Iron Wave","HandOfGreed","Anger","Pommel Strike+1","Combust+1","Shockwave","Disarm+1","Offering+1","Shockwave+1","Shrug It Off","Shrug It Off","Entrench","Clothesline+1","Feel No Pain+1","Juggernaut+1","Headbutt","Master of Strategy","Apotheosis+1","Corruption+1","Shrug It Off","Burning Pact","Shrug It Off","Metallicize+1","Impervious","Metallicize+1"],"relics":["Burning Blood","Pear","Calipers","Paper Frog","Omamori","Golden Idol","Cursed Key","Frozen Egg 2","Nunchaku","Shuriken","Regal Pillow","Tiny House","Blood Vial","Vajra","Blue Candle","Orichalcum","Bag of Marbles","Oddly Smooth Stone"],"potions_floor_usage":[6,25,30,33,33,38,55,55,55],"damage_taken":[{"damage":1,"enemies":"2 Louse","floor":1,"turns":2},{"damage":7,"enemies":"Jaw Worm","floor":3,"turns":2},{"damage":1,"enemies":"Cultist","floor":4,"turns":4},{"damage":13,"enemies":"Lots of Slimes","floor":5,"turns":6},{"damage":33,"enemies":"Lagavulin","floor":6,"turns":6},{"damage":34,"enemies":"Gremlin Nob","floor":8,"turns":4},{"damage":17,"enemies":"3 Sentries","floor":10,"turns":5},{"damage":30,"enemies":"Exordium Thugs","floor":14,"turns":7},{"damage":43,"enemies":"Hexaghost","floor":16,"turns":9},{"damage":14,"enemies":"2 Thieves","floor":18,"turns":3},{"damage":8,"enemies":"Spheric Guardian","floor":19,"turns":3},{"damage":24,"enemies":"Chosen and Byrds","floor":20,"turns":5},{"damage":15,"enemies":"Centurion and Healer","floor":22,"turns":4},{"damage":9,"enemies":"Gremlin Leader","floor":24,"turns":5},{"damage":24,"enemies":"Sentry and Sphere","floor":25,"turns":4},{"damage":38,"enemies":"Slavers","floor":30,"turns":4},{"damage":7,"enemies":"3 Cultists","floor":31,"turns":6},{"damage":53,"enemies":"Collector","floor":33,"turns":10},{"damage":8,"enemies":"Orb Walker","floor":35,"turns":4},{"damage":8,"enemies":"3 Shapes","floor":38,"turns":4},{"damage":24,"enemies":"Spire Growth","floor":39,"turns":6},{"damage":6,"enemies":"Giant Head","floor":40,"turns":6},{"damage":7,"enemies":"Nemesis","floor":45,"turns":6},{"damage":15,"enemies":"4 Shapes","floor":46,"turns":6},{"damage":7,"enemies":"Giant Head","floor":48,"turns":6},{"damage":41,"enemies":"Awakened One","floor":50,"turns":8},{"damage":40,"enemies":"Shield and Spear","floor":54,"turns":9},{"damage":37,"enemies":"The Heart","floor":55,"turns":9}],"seed_played":"-2723050082462074067","potions_obtained":[{"floor":3,"key":"FairyPotion"},{"floor":4,"key":"Strength Potion"},{"floor":5,"key":"Ancient Potion"},{"floor":16,"key":"LiquidBronze"},{"floor":18,"key":"SteroidPotion"},{"floor":19,"key":"Regen Potion"},{"floor":25,"key":"SneckoOil"},{"floor":31,"key":"Strength Potion"},{"floor":34,"key":"SpeedPotion"},{"floor":35,"key":"FairyPotion"},{"floor":38,"key":"LiquidBronze"},{"floor":45,"key":"EssenceOfSteel"}],"is_trial":false,"path_per_floor":["M","$","M","M","M","E","R","E","T","E","R","?","?","M","R","B",null,"M","M","M","$","M","R","E","M","T","R","?","$","E","M","R","B",null,"M","?","$","M","M","E","R","?","T","R","E","M","R","E","R","B",null,"R","$","E","B",null],"character_chosen":"IRONCLAD","items_purchased":["HandOfGreed","Frozen Egg 2","Shrug It Off","Shuriken","Impervious","Metallicize+1","EssenceOfSteel"],"campfire_rested":5,"item_purchase_floors":[2,21,21,29,53,53,53],"current_hp_per_floor":[80,80,79,80,73,56,56,28,28,17,44,44,44,20,47,10,70,62,60,42,42,33,60,57,51,51,51,51,51,19,18,60,13,76,74,64,64,62,44,44,87,87,87,87,88,81,81,82,82,49,84,84,84,52,23],"gold":103,"neow_bonus":"HUNDRED_GOLD","is_prod":false,"is_daily":false,"chose_seed":false,"campfire_upgraded":5,"win_rate":0,"timestamp":1565981204,"path_taken":["M","$","M","M","M","E","R","E","T","E","R","?","?","M","R","BOSS","M","M","M","$","M","R","E","M","T","R","?","$","E","M","R","BOSS","M","?","$","M","M","E","R","?","T","R","E","?","R","E","R","BOSS","R","$","E","BOSS"],"build_version":"2019-07-17","purchased_purges":4,"victory":true,"max_hp_per_floor":[80,80,80,80,80,90,90,90,90,90,90,90,90,90,90,90,90,90,90,90,90,90,90,90,90,90,90,90,90,90,90,90,90,95,95,95,95,95,95,95,95,95,95,95,95,95,95,95,95,95,95,95,95,95,95],"card_choices":[{"not_picked":["Warcry","Shockwave"],"picked":"Iron Wave","floor":1},{"not_picked":["Wild Strike","Body Slam"],"picked":"Anger","floor":3},{"not_picked":["Warcry","Fire Breathing","Clash"],"picked":"SKIP","floor":4},{"not_picked":["Clash","Wild Strike"],"picked":"Pommel Strike","floor":5},{"not_picked":["Second Wind","Armaments"],"picked":"Combust","floor":6},{"not_picked":["Sever Soul","Headbutt"],"picked":"Shockwave","floor":8},{"not_picked":["Bloodletting","Cleave"],"picked":"Disarm","floor":10},{"not_picked":["Pommel Strike","Bludgeon","Havoc"],"picked":"SKIP","floor":14},{"not_picked":["Double Tap","Impervious"],"picked":"Offering","floor":16},{"not_picked":["Havoc","Dual Wield"],"picked":"Shockwave+1","floor":18},{"not_picked":["Pommel Strike","Evolve","Combust"],"picked":"SKIP","floor":19},{"not_picked":["Evolve+1","Intimidate+1","Cleave"],"picked":"SKIP","floor":20},{"not_picked":["Reckless Charge+1","Thunderclap+1","Armaments"],"picked":"SKIP","floor":22},{"not_picked":["Clash","Sword Boomerang"],"picked":"Shrug It Off","floor":24},{"not_picked":["Flex+1","Fire Breathing+1"],"picked":"Entrench","floor":25},{"not_picked":["Sever Soul","Perfected Strike+1"],"picked":"Clothesline+1","floor":30},{"not_picked":["Warcry+1","True Grit+1"],"picked":"Feel No Pain+1","floor":31},{"not_picked":["Exhume","Demon Form+1"],"picked":"Juggernaut+1","floor":33},{"not_picked":["Heavy Blade+1","Anger+1"],"picked":"Headbutt","floor":35},{"not_picked":["Deep Breath","Mind Blast"],"picked":"Master of Strategy","floor":36},{"not_picked":["Purity","Mind Blast"],"picked":"Apotheosis","floor":36},{"not_picked":["Battle Trance+1","Sword Boomerang+1"],"picked":"Corruption+1","floor":38},{"not_picked":["Power Through","Ghostly Armor"],"picked":"Shrug It Off","floor":39},{"not_picked":["Brutality+1","Flex"],"picked":"Burning Pact","floor":40},{"not_picked":["Ghostly Armor","Pommel Strike"],"picked":"Shrug It Off","floor":45},{"not_picked":["Cleave","Twin Strike+1","Evolve+1"],"picked":"SKIP","floor":46},{"not_picked":["Shrug It Off","Evolve+1"],"picked":"Metallicize+1","floor":48},{"not_picked":["Headbutt+1","Whirlwind","Sword Boomerang+1"],"picked":"SKIP","floor":54}],"player_experience":1797017,"relics_obtained":[{"floor":6,"key":"Pear"},{"floor":8,"key":"Calipers"},{"floor":9,"key":"Paper Frog"},{"floor":10,"key":"Omamori"},{"floor":24,"key":"Nunchaku"},{"floor":30,"key":"Regal Pillow"},{"floor":40,"key":"Blood Vial"},{"floor":43,"key":"Blue Candle"},{"floor":45,"key":"Orichalcum"},{"floor":48,"key":"Bag of Marbles"},{"floor":54,"key":"Oddly Smooth Stone"}],"event_choices":[{"cards_removed":["Strike_R"],"damage_healed":0,"gold_gain":0,"player_choice":"Card Removal","damage_taken":0,"max_hp_gain":0,"max_hp_loss":0,"event_name":"The Cleric","floor":12,"gold_loss":50},{"damage_healed":0,"gold_gain":0,"player_choice":"Take Wound","damage_taken":0,"relics_obtained":["Golden Idol"],"max_hp_gain":0,"max_hp_loss":0,"event_name":"Golden Idol","floor":13,"gold_loss":0,"cards_obtained":["Injury"]},{"damage_healed":0,"gold_gain":0,"player_choice":"Ignored","damage_taken":0,"max_hp_gain":0,"max_hp_loss":0,"event_name":"Ghosts","floor":28,"gold_loss":0},{"damage_healed":0,"gold_gain":0,"player_choice":"Memory 3","damage_taken":10,"max_hp_gain":0,"max_hp_loss":0,"event_name":"SensoryStone","floor":36,"gold_loss":0},{"damage_healed":0,"gold_gain":0,"player_choice":"Paid Gold","damage_taken":0,"relics_obtained":["Vajra"],"max_hp_gain":0,"max_hp_loss":0,"event_name":"WeMeetAgain","floor":42,"gold_loss":80}],"is_beta":false,"boss_relics":[{"not_picked":["Velvet Choker","Mark of Pain"],"picked":"Cursed Key"},{"not_picked":["Sozu","Lizard Tail"],"picked":"Tiny House"}],"items_purged_floors":[21,29,37,53],"is_endless":false,"potions_floor_spawned":[3,4,5,16,18,19,25,31,35,38,45],"ascension_level":5}