{"gold_per_floor":[119,132,146,156,173,173,173,183,237,250,279,299,299,299,299,394,394,404,422,422,422,422,432,451,468,468,484,484,484,503,520,520,621,671,681,697,715,715,725,725,725,725,725,240,240,252,252,267,267,267],"floor_reached":50,"playtime":3528,"items_purged":[],"score":554,"play_id":"5827bbd7-95aa-4722-92fb-5da8bd2d101b","local_time":"20190909025800","is_ascension_mode":false,"campfire_choices":[{"data":"Perfected Strike","floor":6,"key":"SMITH"},{"data":"Perfected Strike","floor":13,"key":"SMITH"},{"data":"Pommel Strike","floor":15,"key":"SMITH"},{"floor":32,"key":"REST"},{"floor":40,"key":"REST"},{"data":"Perfected Strike","floor":45,"key":"SMITH"},{"floor":47,"key":"RECALL"},{"data":"Shrug It Off","floor":49,"key":"SMITH"}],"neow_cost":"NONE","seed_source_timestamp":271436762922300,"circlet_count":0,"master_deck":["Strike_R+1","Strike_R+1","Strike_R+1","Strike_R+1","Strike_R+1","Defend_R+1","Defend_R+1","Defend_R+1","Defend_R+1","Bash","Perfected Strike+1","Cleave","Shrug It Off+1","Clothesline","Thunderclap","Pommel Strike+1","Perfected Strike+1","Headbutt+1","Perfected Strike","Flex+1","RitualDagger","Perfected Strike+1","Warcry+1","Twin Strike","Cleave+1","Twin Strike","Shrug It Off+1","RitualDagger"],"relics":["Burning Blood","PreservedInsect","Blood Vial","Cursed Key","Tiny House","Red Skull","Oddly Smooth Stone","DollysMirror"],"potions_floor_usage":[11,16,16,33,39,39,50,50,50],"damage_taken":[{"damage":13,"enemies":"Jaw Worm","floor":1,"turns":5},{"damage":5,"enemies":"Cultist","floor":2,"turns":4},{"damage":2,"enemies":"2 Louse","floor":3,"turns":2},{"damage":1,"enemies":"2 Fungi Beasts","floor":4,"turns":3},{"damage":13,"enemies":"Large Slime","floor":5,"turns":5},{"damage":0,"enemies":"Looter","floor":8,"turns":2},{"damage":6,"enemies":"Exordium Thugs","floor":10,"turns":4},{"damage":0,"enemies":"Lagavulin","floor":11,"turns":2},{"damage":8,"enemies":"3 Louse","floor":12,"turns":3},{"damage":0,"enemies":"Slime Boss","floor":16,"turns":5},{"damage":12,"enemies":"2 Thieves","floor":18,"turns":3},{"damage":26,"enemies":"3 Byrds","floor":19,"turns":4},{"damage":15,"enemies":"Snake Plant","floor":23,"turns":4},{"damage":10,"enemies":"Snecko","floor":24,"turns":4},{"damage":2,"enemies":"Cultist and Chosen","floor":25,"turns":4},{"damage":15,"enemies":"Centurion and Healer","floor":27,"turns":5},{"damage":7,"enemies":"Snake Plant","floor":30,"turns":3},{"damage":2,"enemies":"Cultist and Chosen","floor":31,"turns":3},{"damage":37,"enemies":"Collector","floor":33,"turns":8},{"damage":0,"enemies":"3 Shapes","floor":35,"turns":6},{"damage":27,"enemies":"3 Darklings","floor":36,"turns":5},{"damage":16,"enemies":"Spire Growth","floor":37,"turns":4},{"damage":0,"enemies":"Transient","floor":39,"turns":5},{"damage":9,"enemies":"3 Darklings","floor":46,"turns":5},{"damage":8,"enemies":"Jaw Worm Horde","floor":48,"turns":3},{"damage":110,"enemies":"Donu and Deca","floor":50,"turns":8}],"seed_played":"-9205382033423371182","potions_obtained":[{"floor":5,"key":"Explosive Potion"},{"floor":7,"key":"Fire Potion"},{"floor":7,"key":"Fire Potion"},{"floor":12,"key":"SteroidPotion"},{"floor":16,"key":"FearPotion"},{"floor":18,"key":"SpeedPotion"},{"floor":25,"key":"Block Potion"},{"floor":34,"key":"Fire Potion"},{"floor":46,"key":"Block Potion"},{"floor":48,"key":"FearPotion"}],"is_trial":false,"path_per_floor":["M","M","M","M","M","R","?","M","T","M","E","M","R","?","R","B",null,"M","M","?","?","$","M","M","M","T","M","?","$","M","M","R","B",null,"M","M","M","?","M","R","?","T","T","$","R","M","R","M","R","B"],"character_chosen":"IRONCLAD","items_purchased":["Red Skull","Oddly Smooth Stone","DollysMirror"],"campfire_rested":2,"item_purchase_floors":[44,44,44],"current_hp_per_floor":[81,82,86,88,81,81,81,87,87,87,88,86,86,86,86,88,88,82,64,58,58,58,51,49,55,55,48,48,48,49,55,81,52,93,93,72,64,64,72,93,93,93,93,93,93,90,90,90,90,0],"gold":267,"neow_bonus":"TEN_PERCENT_HP_BONUS","is_prod":false,"is_daily":false,"chose_seed":false,"campfire_upgraded":5,"win_rate":0,"timestamp":1567990680,"path_taken":["M","M","M","M","M","R","?","M","T","?","E","M","R","?","R","BOSS","M","M","?","?","$","M","M","M","T","M","?","?","M","M","R","BOSS","M","M","M","?","M","R","?","?","T","$","R","M","R","M","R","BOSS"],"build_version":"2019-07-17","purchased_purges":0,"victory":false,"max_hp_per_floor":[88,88,88,88,88,88,88,88,88,88,88,88,88,88,88,88,88,88,88,88,88,88,88,88,88,88,88,88,88,88,88,88,88,93,93,93,93,93,93,93,93,93,93,93,93,93,93,93,93,93],"card_choices":[{"not_picked":["Thunderclap","Rampage"],"picked":"Perfected Strike","floor":1},{"not_picked":["Infernal Blade","Reckless Charge"],"picked":"Cleave","floor":2},{"not_picked":["Rampage","Power Through"],"picked":"Shrug It Off","floor":3},{"not_picked":["Disarm","Body Slam"],"picked":"Clothesline","floor":4},{"not_picked":["Flex","Anger"],"picked":"Thunderclap","floor":5},{"not_picked":["Infernal Blade","Bloodletting","Reckless Charge"],"picked":"SKIP","floor":8},{"not_picked":["Flame Barrier","Carnage"],"picked":"Pommel Strike","floor":10},{"not_picked":["Infernal Blade","Warcry"],"picked":"Perfected Strike","floor":11},{"not_picked":["Clash","Twin Strike"],"picked":"Headbutt","floor":12},{"not_picked":["Flame Barrier","Iron Wave"],"picked":"Perfected Strike","floor":18},{"not_picked":["Sword Boomerang","Burning Pact"],"picked":"Flex+1","floor":19},{"not_picked":["Pommel Strike","Flex+1"],"picked":"Perfected Strike","floor":23},{"not_picked":["Dual Wield","Anger","Cleave"],"picked":"SKIP","floor":24},{"not_picked":["Power Through","Second Wind","Dual Wield"],"picked":"SKIP","floor":25},{"not_picked":["True Grit","Sword Boomerang"],"picked":"Warcry+1","floor":27},{"not_picked":["Entrench","Whirlwind"],"picked":"Twin Strike","floor":30},{"not_picked":["Thunderclap","Sever Soul","Limit Break"],"picked":"SKIP","floor":31},{"not_picked":["Flex","Uppercut"],"picked":"Cleave+1","floor":34},{"not_picked":["Body Slam+1","Flame Barrier","Dual Wield"],"picked":"SKIP","floor":35},{"not_picked":["True Grit+1","Battle Trance+1","Warcry"],"picked":"SKIP","floor":36},{"not_picked":["Pummel","Cleave+1"],"picked":"Twin Strike","floor":37},{"not_picked":["Uppercut+1","Body Slam"],"picked":"Shrug It Off","floor":39},{"not_picked":["True Grit+1","Second Wind","Power Through+1"],"picked":"SKIP","floor":46},{"not_picked":["Dropkick+1","Headbutt","Clash+1"],"picked":"SKIP","floor":48}],"player_experience":40454,"relics_obtained":[{"floor":9,"key":"PreservedInsect"},{"floor":11,"key":"Blood Vial"}],"event_choices":[{"damage_healed":0,"gold_gain":0,"player_choice":"Got Potions","damage_taken":0,"max_hp_gain":0,"max_hp_loss":0,"event_name":"Lab","floor":7,"gold_loss":0},{"damage_healed":0,"gold_gain":0,"player_choice":"Grow","damage_taken":0,"max_hp_gain":0,"max_hp_loss":0,"event_name":"Living Wall","floor":14,"gold_loss":0,"cards_upgraded":["Headbutt"]},{"damage_healed":0,"gold_gain":0,"player_choice":"Joined the Cult","damage_taken":6,"max_hp_gain":0,"max_hp_loss":0,"event_name":"Nest","floor":20,"gold_loss":0,"cards_obtained":["RitualDagger"]},{"damage_healed":0,"gold_gain":0,"player_choice":"Ignored","damage_taken":0,"max_hp_gain":0,"max_hp_loss":0,"event_name":"Vampires","floor":21,"gold_loss":0},{"damage_healed":0,"gold_gain":0,"player_choice":"Simplicity","damage_taken":0,"max_hp_gain":0,"max_hp_loss":0,"event_name":"Back to Basics","floor":28,"gold_loss":0,"cards_upgraded":["Strike_R","Strike_R","Strike_R","Strike_R","Strike_R","Defend_R","Defend_R","Defend_R","Defend_R"]},{"damage_healed":0,"gold_gain":0,"player_choice":"Memory 1","damage_taken":0,"max_hp_gain":0,"max_hp_loss":0,"event_name":"SensoryStone","floor":38,"gold_loss":0},{"damage_healed":0,"gold_gain":0,"player_choice":"Ignored","damage_taken":0,"max_hp_gain":0,"max_hp_loss":0,"event_name":"Tomb of Lord Red Mask","floor":41,"gold_loss":0}],"is_beta":false,"boss_relics":[{"not_picked":["Black Blood","Fusion Hammer"],"picked":"Cursed Key"},{"not_picked":["White Beast Statue","Snecko Eye"],"picked":"Tiny House"}],"items_purged_floors":[],"is_endless":false,"potions_floor_spawned":[5,8,10,12,16,18,24,25,27,46,48],"killed_by":"Donu and Deca","ascension_level":0}