{"gold_per_floor":[117,117,19,30,30,57,57,57,138,169,169,197,197,209,209,314,314,333,333,349,0,0,29,29,29,29,43,55,71,96,116,116,214,214,225,240,258,6,24,55,55,89,137,137,148,164,215,42,42,42,42,42,2,33,33],"floor_reached":56,"playtime":4587,"items_purged":["Strike_R","Writhe","Parasite"],"score":1588,"play_id":"9bff1a43-d64c-4d40-80f8-8d6fe038c1f6","local_time":"20191012134927","is_ascension_mode":true,"campfire_choices":[{"data":"Cleave","floor":7.0,"key":"SMITH"},{"data":"Twin Strike","floor":11.0,"key":"SMITH"},{"data":"Body Slam","floor":15.0,"key":"SMITH"},{"floor":25.0,"key":"REST"},{"floor":32.0,"key":"DIG"},{"floor":41.0,"key":"DIG"},{"floor":44.0,"key":"DIG"},{"floor":49.0,"key":"RECALL"},{"floor":52.0,"key":"DIG"}],"neow_cost":"NONE","seed_source_timestamp":0,"circlet_count":0,"master_deck":["Defend_R+1","Defend_R+1","Defend_R+1","Defend_R+1","Bash+1","Iron Wave","Cleave+1","Twin Strike+1","Shrug It Off","Entrench+1","Body Slam+1","Pommel Strike","Offering+1","Thunderclap+1","Armaments+1","J.A.X.+1","Panacea+1","Beam Cell+1","Glass Knife","Heavy Blade+1","Reaper+1","Juggernaut+1","Hologram+1","Backflip+1","PiercingWail+1","Blur+1","Go for the Eyes+1","Steam Power+1","Flex+1","Spot Weakness+1","Reprogram+1"],"special_seed":0,"relics":["Burning Blood","Ice Cream","Toxic Egg 2","War Paint","Gremlin Horn","Fusion Hammer","Blue Candle","PrismaticShard","Pocketwatch","Mummified Hand","Shovel","Pear","Astrolabe","Kunai","Bottled Flame","Pantograph","Anchor","Ornamental Fan","Ancient Tea Set","Sundial","Art of War"],"potions_floor_usage":[55,55],"damage_taken":[{"damage":2.0,"enemies":"Jaw Worm","floor":1.0,"turns":3.0},{"damage":1.0,"enemies":"Cultist","floor":4.0,"turns":3.0},{"damage":14.0,"enemies":"Gremlin Nob","floor":6.0,"turns":4.0},{"damage":17.0,"enemies":"3 Sentries","floor":10.0,"turns":8.0},{"damage":4.0,"enemies":"Lagavulin","floor":12.0,"turns":6.0},{"damage":0.0,"enemies":"2 Louse","floor":14.0,"turns":2.0},{"damage":10.0,"enemies":"The Guardian","floor":16.0,"turns":14.0},{"damage":6.0,"enemies":"Spheric Guardian","floor":18.0,"turns":3.0},{"damage":6.0,"enemies":"Chosen","floor":20.0,"turns":3.0},{"damage":35.0,"enemies":"Slavers","floor":23.0,"turns":4.0},{"damage":9.0,"enemies":"Sentry and Sphere","floor":27.0,"turns":4.0},{"damage":9.0,"enemies":"Shelled Parasite and Fungi","floor":28.0,"turns":2.0},{"damage":6.0,"enemies":"Snake Plant","floor":29.0,"turns":4.0},{"damage":3.0,"enemies":"Gremlin Leader","floor":30.0,"turns":4.0},{"damage":9.0,"enemies":"Chosen and Byrds","floor":31.0,"turns":4.0},{"damage":54.0,"enemies":"Automaton","floor":33.0,"turns":7.0},{"damage":4.0,"enemies":"3 Shapes","floor":35.0,"turns":4.0},{"damage":9.0,"enemies":"3 Darklings","floor":36.0,"turns":3.0},{"damage":15.0,"enemies":"Writhing Mass","floor":37.0,"turns":3.0},{"damage":10.0,"enemies":"Jaw Worm Horde","floor":39.0,"turns":1.0},{"damage":18.0,"enemies":"Nemesis","floor":40.0,"turns":5.0},{"damage":66.0,"enemies":"Giant Head","floor":42.0,"turns":6.0},{"damage":8.0,"enemies":"Sphere and 2 Shapes","floor":45.0,"turns":5.0},{"damage":9.0,"enemies":"3 Darklings","floor":46.0,"turns":5.0},{"damage":20.0,"enemies":"Awakened One","floor":50.0,"turns":9.0},{"damage":47.0,"enemies":"Shield and Spear","floor":54.0,"turns":5.0},{"damage":117,"enemies":"The Heart","floor":55,"turns":10}],"seed_played":"-4367166474668992844","potions_obtained":[{"floor":1.0,"key":"BloodPotion"},{"floor":4.0,"key":"Dexterity Potion"},{"floor":6.0,"key":"BloodPotion"},{"floor":16.0,"key":"Ancient Potion"},{"floor":33.0,"key":"Block Potion"},{"floor":42.0,"key":"Poison Potion"},{"floor":45.0,"key":"Energy Potion"}],"is_trial":false,"path_per_floor":["M","?","$","M","$","E","R","?","T","E","R","E","?","M","R","B",null,"M","?","M","$","?","E","?","R","T","M","M","M","E","M","R","B",null,"M","M","M","$","M","E","R","E","T","R","M","M","T","$","R","B",null,"R","$","E","B",null],"character_chosen":"IRONCLAD","items_purchased":["Cleave","PrismaticShard","Armaments+1","Kunai","Flex+1","Spot Weakness+1"],"campfire_rested":1,"item_purchase_floors":[3,21,21,38,48,53],"current_hp_per_floor":[80,80,80,80,80,72,72,56,56,45,45,47,40,46,46,42,71,71,71,71,71,71,42,42,66,66,63,60,60,63,80,90,42,78,87,84,75,75,71,71,71,46,46,46,44,69,69,69,69,76,84,84,84,87,10],"gold":33,"neow_bonus":"UPGRADE_CARD","is_prod":false,"is_daily":false,"chose_seed":false,"campfire_upgraded":3,"win_rate":0,"timestamp":1570913367,"path_taken":["M","?","$","M","?","E","R","?","T","E","R","E","?","?","R","BOSS","M","?","M","$","?","E","?","R","T","M","M","M","E","M","R","BOSS","M","M","M","$","M","E","R","E","T","R","M","M","?","$","R","BOSS","R","$","E","BOSS"],"build_version":"2019-07-17","purchased_purges":3,"victory":true,"max_hp_per_floor":[80,80,80,80,80,80,80,80,80,80,80,80,80,80,80,80,80,80,80,80,80,80,80,80,80,80,80,80,80,80,80,90,90,90,90,90,90,90,90,90,90,90,90,90,90,90,90,87,87,87,87,87,87,87,87],"card_choices":[{"not_picked":["Evolve","Clothesline"],"picked":"Iron Wave","floor":1.0},{"not_picked":["Pummel","Sword Boomerang"],"picked":"Twin Strike","floor":4.0},{"not_picked":["Headbutt","Armaments"],"picked":"Shrug It Off","floor":6.0},{"not_picked":["Flex+1","Heavy Blade"],"picked":"Entrench+1","floor":10.0},{"not_picked":["Dual Wield+1","Bludgeon"],"picked":"Body Slam","floor":12.0},{"not_picked":["Shrug It Off+1","Warcry+1"],"picked":"Pommel Strike","floor":14.0},{"not_picked":["Brutality","Bludgeon"],"picked":"Offering+1","floor":16.0},{"not_picked":["Perfected Strike","Second Wind+1"],"picked":"Thunderclap+1","floor":18.0},{"not_picked":["Perfected Strike+1","Body Slam"],"picked":"Cleave","floor":20.0},{"not_picked":["Wild Strike+1","Poisoned Stab","Tempest+1"],"picked":"SKIP","floor":23.0},{"not_picked":["Recycle+1","Beam Cell"],"picked":"Panacea+1","floor":27.0},{"not_picked":["Streamline","Carnage","Havoc+1"],"picked":"SKIP","floor":28.0},{"not_picked":["Flying Knee+1","Streamline","Gash"],"picked":"SKIP","floor":29.0},{"not_picked":["Capacitor","Dodge and Roll+1"],"picked":"Corruption","floor":30.0},{"not_picked":["Armaments+1","Loop"],"picked":"Beam Cell+1","floor":31.0},{"not_picked":["Magnetism","Venomology+1"],"picked":"Glass Knife","floor":33.0},{"not_picked":["Lockon","Gash+1","Sword Boomerang"],"picked":"SKIP","floor":35.0},{"not_picked":["Hello World+1","Deadly Poison+1","Forethought+1"],"picked":"SKIP","floor":36.0},{"not_picked":["Quick Slash+1","Storm"],"picked":"Hologram+1","floor":37.0},{"not_picked":["Sweeping Beam","Steam+1"],"picked":"Backflip+1","floor":39.0},{"not_picked":["Hyperbeam","Beam Cell+1"],"picked":"PiercingWail+1","floor":40.0},{"not_picked":["Poisoned Stab","Burning Pact+1"],"picked":"Blur+1","floor":42.0},{"not_picked":["Stack+1","Genetic Algorithm+1"],"picked":"Go for the Eyes+1","floor":45.0},{"not_picked":["Distraction+1","Chaos+1"],"picked":"Steam Power+1","floor":46.0},{"not_picked":["Underhanded Strike","Warcry+1"],"picked":"Reprogram+1","floor":54.0}],"player_experience":292919,"relics_obtained":[{"floor":6.0,"key":"Ice Cream"},{"floor":9.0,"key":"Toxic Egg 2"},{"floor":10.0,"key":"War Paint"},{"floor":12.0,"key":"Gremlin Horn"},{"floor":23.0,"key":"Pocketwatch"},{"floor":26.0,"key":"Mummified Hand"},{"floor":30.0,"key":"Shovel"},{"floor":32.0,"key":"Pear"},{"floor":40.0,"key":"Bottled Flame"},{"floor":41.0,"key":"Pantograph"},{"floor":42.0,"key":"Anchor"},{"floor":44.0,"key":"Ornamental Fan"},{"floor":47.0,"key":"Ancient Tea Set"},{"floor":52.0,"key":"Sundial"},{"floor":54.0,"key":"Art of War"}],"event_choices":[{"cards_removed":["Strike_R"],"damage_healed":0.0,"max_hp_gain":0.0,"max_hp_loss":0.0,"gold_gain":0.0,"event_name":"Bonfire Elementals","player_choice":"Offered Basic","floor":2.0,"gold_loss":0.0,"damage_taken":0.0},{"damage_healed":0.0,"max_hp_gain":0.0,"max_hp_loss":0.0,"gold_gain":0.0,"event_name":"Shining Light","player_choice":"Entered Light","floor":8.0,"gold_loss":0.0,"damage_taken":16.0,"cards_upgraded":["Defend_R","Defend_R"]},{"cards_removed":["Strike_R"],"damage_healed":0.0,"max_hp_gain":0.0,"max_hp_loss":0.0,"gold_gain":0.0,"event_name":"Golden Wing","player_choice":"Card Removal","floor":13.0,"gold_loss":0.0,"damage_taken":7.0},{"damage_healed":0.0,"max_hp_gain":0.0,"max_hp_loss":0.0,"gold_gain":0.0,"event_name":"The Mausoleum","player_choice":"Opened","floor":19.0,"gold_loss":0.0,"damage_taken":0.0,"relics_obtained":["Blue Candle"],"cards_obtained":["Writhe"]},{"damage_healed":0.0,"max_hp_gain":0.0,"max_hp_loss":0.0,"gold_gain":0.0,"event_name":"Drug Dealer","player_choice":"Obtain J.A.X.","floor":22.0,"gold_loss":0.0,"damage_taken":0.0,"cards_obtained":["J.A.X."]},{"cards_removed":["Strike_R"],"damage_healed":0.0,"max_hp_gain":0.0,"max_hp_loss":0.0,"gold_gain":0.0,"event_name":"Purifier","player_choice":"Purged","floor":24.0,"gold_loss":0.0,"damage_taken":0.0}],"is_beta":false,"boss_relics":[{"not_picked":["Coffee Dripper","Eternal Feather"],"picked":"Fusion Hammer"},{"not_picked":["Black Blood","Empty Cage"],"picked":"Astrolabe"}],"items_purged_floors":[3,21,48],"is_endless":false,"potions_floor_spawned":[1,4,6,16,23,28,29,33,42,45,46],"ascension_level":5}