{"gold_per_floor":[111,38,52,52,65,90,90,101,124,124,124,134,134,159,159,258,308,322,3,18,18,18,52,252,30,30,55,55,74,74,92,92,192,192,204,8,0,0,18,32,63,80,80,80,106,106,106,132,132,132,132,132,4,36,36],"floor_reached":56,"playtime":3147,"items_purged":["Strike_G","Strike_G+1","Strike_G+1"],"score":1431,"play_id":"d8f1b1b7-1e9e-4900-a220-2744519c8b86","local_time":"20190912225459","is_ascension_mode":false,"campfire_choices":[{"data":"Noxious Fumes","floor":7,"key":"SMITH"},{"floor":10,"key":"REST"},{"data":"Neutralize","floor":13,"key":"SMITH"},{"data":"Noxious Fumes","floor":15,"key":"SMITH"},{"floor":28,"key":"REST"},{"data":"Cloak And Dagger","floor":30,"key":"SMITH"},{"data":"Blade Dance","floor":32,"key":"SMITH"},{"floor":44,"key":"RECALL"},{"data":"Footwork","floor":47,"key":"SMITH"},{"data":"Caltrops","floor":49,"key":"SMITH"},{"data":"Panacea","floor":52,"key":"SMITH"}],"neow_cost":"NONE","seed_source_timestamp":13472118100200,"circlet_count":0,"master_deck":["Strike_G+1","Defend_G+1","Defend_G+1","Defend_G+1","Defend_G+1","Defend_G+1","Survivor","Neutralize+1","Panacea+1","Quick Slash","After Image+1","Skewer","Blade Dance+1","Noxious Fumes+1","Escape Plan","Noxious Fumes+1","Adrenaline","Poisoned Stab+1","Terror+1","Footwork+1","Cloak And Dagger+1","Deflect+1","Accuracy+1","Calculated Gamble+1","Acrobatics+1","Corpse Explosion","Escape Plan","Caltrops+1","After Image+1","Tactician+1","Cloak And Dagger+1","PiercingWail"],"relics":["Ring of the Snake","Ancient Tea Set","Dream Catcher","Juzu Bracelet","Tiny House","Mercury Hourglass","Strawberry","Pear","Art of War","Runic Pyramid","Red Mask","MealTicket","Letter Opener","Potion Belt","Vajra"],"potions_floor_usage":[14,20,23,23,33,48,55,55,55,55],"damage_taken":[{"damage":2,"enemies":"Cultist","floor":1,"turns":6},{"damage":0,"enemies":"2 Louse","floor":3,"turns":3},{"damage":0,"enemies":"Jaw Worm","floor":5,"turns":6},{"damage":39,"enemies":"Gremlin Nob","floor":6,"turns":7},{"damage":0,"enemies":"Looter","floor":8,"turns":3},{"damage":0,"enemies":"Red Slaver","floor":12,"turns":3},{"damage":0,"enemies":"3 Sentries","floor":14,"turns":5},{"damage":11,"enemies":"The Guardian","floor":16,"turns":10},{"damage":3,"enemies":"Spheric Guardian","floor":18,"turns":6},{"damage":9,"enemies":"2 Thieves","floor":20,"turns":4},{"damage":27,"enemies":"Slavers","floor":23,"turns":3},{"damage":19,"enemies":"Gremlin Leader","floor":27,"turns":7},{"damage":5,"enemies":"Cultist and Chosen","floor":29,"turns":5},{"damage":0,"enemies":"Centurion and Healer","floor":31,"turns":5},{"damage":3,"enemies":"Champ","floor":33,"turns":8},{"damage":0,"enemies":"Orb Walker","floor":35,"turns":4},{"damage":2,"enemies":"3 Darklings","floor":39,"turns":4},{"damage":0,"enemies":"Sphere and 2 Shapes","floor":40,"turns":5},{"damage":0,"enemies":"Nemesis","floor":41,"turns":5},{"damage":0,"enemies":"Jaw Worm Horde","floor":42,"turns":4},{"damage":0,"enemies":"Giant Head","floor":45,"turns":7},{"damage":0,"enemies":"Reptomancer","floor":48,"turns":5},{"damage":0,"enemies":"Donu and Deca","floor":50,"turns":6},{"damage":12,"enemies":"Shield and Spear","floor":54,"turns":5},{"damage":14,"enemies":"The Heart","floor":55,"turns":9}],"seed_played":"1946292981832322887","potions_obtained":[{"floor":1,"key":"EssenceOfSteel"},{"floor":3,"key":"Explosive Potion"},{"floor":8,"key":"Explosive Potion"},{"floor":14,"key":"SkillPotion"},{"floor":23,"key":"SteroidPotion"},{"floor":35,"key":"GamblersBrew"},{"floor":39,"key":"SteroidPotion"},{"floor":41,"key":"Strength Potion"},{"floor":42,"key":"SpeedPotion"}],"is_trial":false,"path_per_floor":["M","$","M","?","M","E","R","M","T","R","?","M","R","E","R","B",null,"M","$","M","?","?","E","?","$","T","E","R","M","R","M","R","B",null,"M","$","?","?","M","M","E","M","T","R","E","?","R","E","R","B",null,"R","$","E","B",null],"character_chosen":"THE_SILENT","items_purchased":["After Image","Mercury Hourglass","Footwork","Cloak And Dagger","Caltrops","DuplicationPotion","Fire Potion"],"campfire_rested":2,"item_purchase_floors":[2,19,25,25,36,53,53],"current_hp_per_floor":[68,68,68,68,68,29,29,29,29,50,36,36,36,36,36,25,75,72,72,63,63,63,43,43,43,53,34,61,56,56,56,56,53,92,92,92,92,92,90,90,90,90,90,90,90,90,90,90,90,90,92,92,92,80,66],"gold":36,"neow_bonus":"RANDOM_COLORLESS","is_prod":false,"is_daily":false,"chose_seed":false,"campfire_upgraded":8,"win_rate":0,"timestamp":1568325299,"path_taken":["M","?","?","?","M","E","R","M","T","R","?","M","R","E","R","BOSS","M","$","M","?","?","E","?","$","T","E","R","M","R","M","R","BOSS","M","$","?","?","M","M","E","M","T","R","E","?","R","E","R","BOSS","R","$","E","BOSS"],"build_version":"2019-09-11v2","purchased_purges":3,"victory":true,"max_hp_per_floor":[70,70,70,70,70,70,70,70,70,70,70,70,70,70,70,70,75,75,75,75,75,75,82,82,82,92,92,92,92,92,92,92,92,92,92,92,92,92,92,92,92,92,92,92,92,92,92,92,92,92,92,92,92,92,92],"card_choices":[{"not_picked":["Underhanded Strike","Leg Sweep"],"picked":"Quick Slash","floor":1},{"not_picked":["Outmaneuver","Quick Slash"],"picked":"Skewer","floor":3},{"not_picked":["Dodge and Roll","Reflex"],"picked":"Blade Dance","floor":5},{"not_picked":["Backflip","Underhanded Strike"],"picked":"Noxious Fumes","floor":6},{"not_picked":["Backflip","Distraction"],"picked":"Escape Plan","floor":8},{"not_picked":["Setup","Poisoned Stab","Blade Dance"],"picked":"SKIP","floor":12},{"not_picked":["Deadly Poison","Phantasmal Killer"],"picked":"Noxious Fumes","floor":14},{"not_picked":["Unload","Malaise"],"picked":"Adrenaline","floor":16},{"not_picked":["Bane","PiercingWail"],"picked":"Poisoned Stab+1","floor":18},{"not_picked":["Dagger Spray","Flechettes"],"picked":"Terror+1","floor":20},{"not_picked":["Terror","Flechettes+1","Masterful Stab"],"picked":"SKIP","floor":23},{"not_picked":["Masterful Stab","Caltrops"],"picked":"Deflect+1","floor":27},{"not_picked":["Underhanded Strike","Endless Agony"],"picked":"Accuracy+1","floor":28},{"not_picked":["Dodge and Roll","All Out Attack"],"picked":"Calculated Gamble+1","floor":29},{"not_picked":["Reflex","Dash"],"picked":"Acrobatics+1","floor":31},{"not_picked":["Unload","Phantasmal Killer"],"picked":"Corpse Explosion","floor":33},{"not_picked":["Slice+1","Dagger Spray"],"picked":"Escape Plan","floor":35},{"not_picked":["Poisoned Stab","Sucker Punch","Underhanded Strike+1"],"picked":"SKIP","floor":39},{"not_picked":["Backflip","Dagger Throw"],"picked":"Tactician+1","floor":40},{"not_picked":["Acrobatics+1","Dagger Throw","PiercingWail+1"],"picked":"SKIP","floor":41},{"not_picked":["Dagger Throw","Slice","Poisoned Stab+1"],"picked":"SKIP","floor":42},{"not_picked":["Wraith Form v2","Dagger Spray"],"picked":"Cloak And Dagger+1","floor":45},{"not_picked":["Terror+1","All Out Attack+1","Reflex"],"picked":"SKIP","floor":48},{"not_picked":["Glass Knife","Riddle With Holes"],"picked":"PiercingWail","floor":54}],"player_experience":1458909,"relics_obtained":[{"floor":6,"key":"Ancient Tea Set"},{"floor":9,"key":"Dream Catcher"},{"floor":14,"key":"Juzu Bracelet"},{"floor":23,"key":"Strawberry"},{"floor":26,"key":"Pear"},{"floor":27,"key":"Art of War"},{"floor":41,"key":"MealTicket"},{"floor":45,"key":"Letter Opener"},{"floor":48,"key":"Potion Belt"},{"floor":54,"key":"Vajra"}],"event_choices":[{"cards_removed":["Strike_G"],"damage_healed":0,"gold_gain":0,"player_choice":"Forget","damage_taken":0,"max_hp_gain":0,"max_hp_loss":0,"event_name":"Living Wall","floor":4,"gold_loss":0},{"damage_healed":0,"gold_gain":0,"player_choice":"Entered Light","damage_taken":14,"max_hp_gain":0,"max_hp_loss":0,"event_name":"Shining Light","floor":11,"gold_loss":0,"cards_upgraded":["Strike_G","After Image"]},{"damage_healed":0,"gold_gain":0,"player_choice":"Simplicity","damage_taken":0,"max_hp_gain":0,"max_hp_loss":0,"event_name":"Back to Basics","floor":21,"gold_loss":0,"cards_upgraded":["Strike_G","Strike_G","Defend_G","Defend_G","Defend_G","Defend_G"]},{"damage_healed":0,"gold_gain":0,"player_choice":"Ignored","damage_taken":0,"max_hp_gain":0,"max_hp_loss":0,"event_name":"Ghosts","floor":22,"gold_loss":0},{"damage_healed":0,"gold_gain":250,"player_choice":"Bet on Owner","damage_taken":0,"max_hp_gain":0,"max_hp_loss":0,"event_name":"The Joust","floor":24,"gold_loss":50},{"damage_healed":0,"gold_gain":0,"player_choice":"Paid","damage_taken":0,"relics_obtained":["Red Mask"],"max_hp_gain":0,"max_hp_loss":0,"event_name":"Tomb of Lord Red Mask","floor":37,"gold_loss":8},{"damage_healed":0,"gold_gain":0,"player_choice":"Copied","damage_taken":0,"max_hp_gain":0,"max_hp_loss":0,"event_name":"Duplicator","floor":38,"gold_loss":0,"cards_obtained":["After Image"]},{"damage_healed":0,"gold_gain":0,"player_choice":"Memory 1","damage_taken":0,"max_hp_gain":0,"max_hp_loss":0,"event_name":"SensoryStone","floor":46,"gold_loss":0}],"is_beta":true,"boss_relics":[{"not_picked":["Snecko Eye","HoveringKite"],"picked":"Tiny House"},{"not_picked":["Velvet Choker","SlaversCollar"],"picked":"Runic Pyramid"}],"items_purged_floors":[19,25,36],"is_endless":false,"potions_floor_spawned":[1,3,8,14,23,35,39,41,42],"ascension_level":0}