{"gold_per_floor":[112,112,37,50,63,63,91,91,91,101,135,35,35,48,48,152,152,171,270,91,107,107,107],"floor_reached":23,"playtime":772,"items_purged":["Regret","Strike_R","Defend_R"],"score":199,"play_id":"7856d44d-c61a-49d8-9dfa-f8659c2f1f1a","local_time":"20180718185133","is_ascension_mode":false,"campfire_choices":[{"data":"Sword Boomerang","floor":6,"key":"SMITH"},{"data":"Shrug It Off","floor":8,"key":"SMITH"},{"data":"Perfected Strike","floor":15,"key":"SMITH"}],"neow_cost":"","seed_source_timestamp":360310337366528,"circlet_count":0,"master_deck":["Strike_R","Strike_R","Strike_R","Strike_R","Defend_R","Bash","Shrug It Off","Shrug It Off+1","Sword Boomerang+1","Hemokinesis","Pummel","Perfected Strike+1","Demon Form","Flex","Shrug It Off","Thunderclap","Necronomicurse"],"relics":["Burning Blood","Mercury Hourglass","Incense Burner","Bag of Marbles","Shovel","Empty Cage","Necronomicon"],"potions_floor_usage":[7,16,21,23],"damage_taken":[{"damage":6,"enemies":"2 Louse","floor":1,"turns":3},{"damage":5,"enemies":"Jaw Worm","floor":4,"turns":3},{"damage":0,"enemies":"Cultist","floor":5,"turns":3},{"damage":11,"enemies":"3 Sentries","floor":7,"turns":6},{"damage":0,"enemies":"Exordium Wildlife","floor":10,"turns":2},{"damage":17,"enemies":"Gremlin Nob","floor":11,"turns":3},{"damage":3,"enemies":"Looter","floor":14,"turns":2},{"damage":13,"enemies":"Slime Boss","floor":16,"turns":8},{"damage":33,"enemies":"Shell Parasite","floor":18,"turns":5},{"damage":5,"enemies":"3 Byrds","floor":21,"turns":3},{"damage":42,"enemies":"Slavers","floor":23,"turns":3}],"seed_played":"1731134564315388913","potions_obtained":[{"floor":4,"key":"PowerPotion"},{"floor":5,"key":"Block Potion"},{"floor":11,"key":"Block Potion"},{"floor":18,"key":"Explosive Potion"},{"floor":21,"key":"PowerPotion"}],"is_trial":false,"path_per_floor":["M","?","$","M","M","R","E","R","T","M","E","$","?","M","R","B",null,"M","?","$","M","?"],"character_chosen":"IRONCLAD","items_purchased":["Shrug It Off"],"campfire_rested":0,"item_purchase_floors":[20],"current_hp_per_floor":[80,80,80,80,80,80,75,75,75,80,69,69,69,72,72,65,80,53,53,53,54,38,0],"gold":107,"neow_bonus":"","is_prod":false,"is_daily":false,"chose_seed":true,"campfire_upgraded":3,"win_rate":0.0,"timestamp":1531929093,"path_taken":["M","?","$","M","M","R","E","R","T","M","E","$","?","?","R","BOSS","M","?","$","M","?","E"],"build_version":"2018-07-12","purchased_purges":3,"victory":false,"max_hp_per_floor":[80,80,80,80,80,80,80,80,80,80,80,80,80,80,80,80,80,80,80,80,80,80,80],"card_choices":[{"not_picked":["Fire Breathing","Perfected Strike"],"picked":"Shrug It Off","floor":1},{"not_picked":["Anger","Armaments"],"picked":"Shrug It Off","floor":4},{"not_picked":["Blood for Blood","Ghostly Armor"],"picked":"Sword Boomerang","floor":5},{"not_picked":["Dark Embrace","True Grit","Second Wind"],"picked":"SKIP","floor":7},{"not_picked":["Heavy Blade","Dropkick"],"picked":"Hemokinesis","floor":10},{"not_picked":["Body Slam","Second Wind"],"picked":"Pummel","floor":11},{"not_picked":["Searing Blow","Heavy Blade"],"picked":"Perfected Strike","floor":14},{"not_picked":["Feed","Double Tap"],"picked":"Demon Form","floor":16},{"not_picked":["Burning Pact","Combust"],"picked":"Flex","floor":18},{"not_picked":["Clothesline","Sever Soul"],"picked":"Thunderclap","floor":21}],"player_experience":100882,"relics_obtained":[{"floor":7,"key":"Incense Burner"},{"floor":9,"key":"Bag of Marbles"},{"floor":11,"key":"Shovel"},{"floor":22,"key":"Necronomicon"}],"event_choices":[{"event_name":"Big Fish","player_choice":"Box","floor":2,"damage_taken":0},{"event_name":"The Cleric","player_choice":"Leave","floor":13,"damage_taken":0},{"event_name":"Nest","player_choice":"Stole From Cult","floor":19,"damage_taken":0},{"event_name":"Cursed Tome","player_choice":"Obtained Book","floor":22,"damage_taken":0}],"boss_relics":[{"not_picked":["Philosopher\u0027s Stone","Snecko Eye"],"picked":"Empty Cage"}],"items_purged_floors":[3,12,20],"is_endless":false,"potions_floor_spawned":[4,5,11,18,21],"killed_by":"Slavers","ascension_level":0}