{"gold_per_floor":[117,117,136,136,151,177,177,191,216,242,207,207,219,219,219,320,320,330,341,341,357,357],"floor_reached":22,"playtime":2137,"items_purged":[],"score":245,"play_id":"f6db5e73-4a06-4d4d-8c26-4feb8e34c764","local_time":"20191009173906","is_ascension_mode":true,"campfire_choices":[{"floor":7,"key":"REST"},{"data":"Skewer","floor":12,"key":"SMITH"},{"data":"Dagger Spray","floor":15,"key":"SMITH"}],"neow_cost":"NONE","seed_source_timestamp":0,"circlet_count":0,"master_deck":["Strike_G","Strike_G","Defend_G","Defend_G","Defend_G","Defend_G","Survivor","Neutralize+1","Leg Sweep","Well Laid Plans+1","Crippling Poison","Skewer+1","Cloak And Dagger","Dagger Spray+1","Blur","Envenom","Riddle With Holes","PiercingWail","Heel Hook","Burst","Deflect"],"special_seed":0,"relics":["Ring of the Snake","Art of War","PreservedInsect","Bronze Scales","Potion Belt","Empty Cage"],"potions_floor_usage":[6,10,16,19,22],"damage_taken":[{"damage":6.0,"enemies":"Jaw Worm","floor":1.0,"turns":8.0},{"damage":0.0,"enemies":"2 Louse","floor":3.0,"turns":5.0},{"damage":0.0,"enemies":"Cultist","floor":5.0,"turns":4.0},{"damage":46,"enemies":"Gremlin Nob","floor":6,"turns":5},{"damage":0,"enemies":"3 Louse","floor":8,"turns":6},{"damage":10,"enemies":"Lagavulin","floor":10,"turns":7},{"damage":1,"enemies":"Looter","floor":13,"turns":3},{"damage":5,"enemies":"The Guardian","floor":16,"turns":15},{"damage":6,"enemies":"Chosen","floor":18,"turns":7},{"damage":19,"enemies":"Spheric Guardian","floor":19,"turns":9},{"damage":17,"enemies":"Centurion and Healer","floor":21,"turns":9},{"damage":22,"enemies":"Snecko","floor":22,"turns":6}],"seed_played":"-808746331099824330","potions_obtained":[{"floor":5.0,"key":"FearPotion"},{"floor":6,"key":"Strength Potion"},{"floor":10,"key":"Poison Potion"},{"floor":13,"key":"SteroidPotion"},{"floor":19,"key":"Swift Potion"}],"is_trial":false,"path_per_floor":["M","?","M","?","M","E","R","M","T","E","?","R","M","?","R","B",null,"M","M","?","M","M"],"character_chosen":"THE_SILENT","items_purchased":[],"campfire_rested":1,"item_purchase_floors":[],"current_hp_per_floor":[64,64,64,64,64,18,39,39,39,29,46,46,45,45,45,40,63,57,38,38,21,0],"gold":357,"neow_bonus":"RANDOM_COMMON_RELIC","is_prod":false,"is_daily":false,"chose_seed":false,"campfire_upgraded":2,"win_rate":0,"timestamp":1570667946,"path_taken":["M","?","M","?","M","E","R","M","T","E","?","R","M","?","R","BOSS","M","?","?","M","M"],"build_version":"2019-07-17","purchased_purges":0,"victory":false,"max_hp_per_floor":[70,70,70,70,70,70,70,70,70,70,70,70,70,70,70,70,70,70,70,70,70,70],"card_choices":[{"not_picked":["Dagger Throw","Cloak And Dagger"],"picked":"Leg Sweep","floor":1.0},{"not_picked":["Dagger Spray","Caltrops"],"picked":"Well Laid Plans","floor":3.0},{"not_picked":["Quick Slash","Choke"],"picked":"Crippling Poison","floor":5.0},{"not_picked":["Endless Agony","Quick Slash"],"picked":"Skewer","floor":6},{"not_picked":["Distraction","Flying Knee"],"picked":"Cloak And Dagger","floor":8},{"not_picked":["Flying Knee","Deflect"],"picked":"Dagger Spray","floor":10},{"not_picked":["Deadly Poison","Setup"],"picked":"Blur","floor":13},{"not_picked":["Wraith Form v2","Tools of the Trade"],"picked":"Envenom","floor":16},{"not_picked":["Skewer","Terror"],"picked":"Riddle With Holes","floor":18},{"not_picked":["Backflip","Setup+1"],"picked":"PiercingWail","floor":19},{"not_picked":["PiercingWail","Eviscerate"],"picked":"Deflect","floor":21}],"player_experience":271278,"relics_obtained":[{"floor":6,"key":"PreservedInsect"},{"floor":9,"key":"Bronze Scales"},{"floor":10,"key":"Potion Belt"}],"event_choices":[{"damage_healed":0.0,"max_hp_gain":0.0,"max_hp_loss":0.0,"gold_gain":0.0,"event_name":"Liars Game","player_choice":"Ignored","floor":2.0,"gold_loss":0.0,"damage_taken":0.0},{"damage_healed":0.0,"max_hp_gain":0.0,"max_hp_loss":0.0,"gold_gain":0.0,"event_name":"Living Wall","player_choice":"Grow","floor":4.0,"gold_loss":0.0,"damage_taken":0.0,"cards_upgraded":["Neutralize"]},{"damage_healed":17,"gold_gain":0,"player_choice":"Healed","damage_taken":0,"max_hp_gain":0,"max_hp_loss":0,"event_name":"The Cleric","floor":11,"gold_loss":35},{"damage_healed":0,"gold_gain":0,"player_choice":"Upgraded","damage_taken":0,"max_hp_gain":0,"max_hp_loss":0,"event_name":"Upgrade Shrine","floor":14,"gold_loss":0,"cards_upgraded":["Well Laid Plans"]},{"damage_healed":0,"gold_gain":0,"cards_transformed":["Strike_G","Strike_G"],"player_choice":"Became Test Subject","damage_taken":0,"max_hp_gain":0,"max_hp_loss":0,"event_name":"Drug Dealer","floor":20,"gold_loss":0,"cards_obtained":["Heel Hook","Burst"]}],"is_beta":false,"boss_relics":[{"not_picked":["Black Star","Velvet Choker"],"picked":"Empty Cage"}],"items_purged_floors":[],"is_endless":false,"potions_floor_spawned":[5,6,10,13,19],"killed_by":"Snecko","ascension_level":5}