{"gold_per_floor":[114,114,114,13,25,25,54,54,54,54,54],"floor_reached":11,"playtime":409,"items_purged":["Strike_R"],"score":93,"play_id":"8f944e06-1166-412c-b750-1397a3c0555e","local_time":"20191013061732","is_ascension_mode":true,"campfire_choices":[{"data":"Wild Strike","floor":6.0,"key":"SMITH"},{"data":"Bash","floor":8.0,"key":"SMITH"}],"neow_cost":"NONE","seed_source_timestamp":193143034059000,"circlet_count":0,"master_deck":["Strike_R","Strike_R","Strike_R","Defend_R","Defend_R","Defend_R","Defend_R","Bash+1","Dark Embrace","Wild Strike+1","Warcry+1","Burning Pact+1"],"special_seed":0,"relics":["Burning Blood","Toxic Egg 2","Nunchaku","Self Forming Clay","Golden Idol"],"potions_floor_usage":[],"damage_taken":[{"damage":7.0,"enemies":"Small Slimes","floor":1.0,"turns":4.0},{"damage":6.0,"enemies":"Jaw Worm","floor":5.0,"turns":5.0},{"damage":30.0,"enemies":"Gremlin Nob","floor":7.0,"turns":4.0},{"damage":24,"enemies":"3 Sentries","floor":11,"turns":5}],"seed_played":"227337906886303182","potions_obtained":[{"floor":7.0,"key":"Ancient Potion"}],"is_trial":false,"path_per_floor":["M","?","?","$","M","R","E","R","T","?","E"],"character_chosen":"IRONCLAD","items_purchased":["Warcry+1"],"campfire_rested":0,"item_purchase_floors":[4],"current_hp_per_floor":[71,71,68,68,68,68,44,44,44,24,0],"gold":54,"neow_bonus":"ONE_RANDOM_RARE_CARD","is_prod":false,"is_daily":false,"chose_seed":false,"campfire_upgraded":2,"win_rate":0,"timestamp":1570940252,"path_taken":["M","?","?","$","M","R","E","R","T","?","E"],"build_version":"2019-07-17","purchased_purges":1,"victory":false,"max_hp_per_floor":[80,80,80,80,80,80,80,80,80,80,80],"card_choices":[{"not_picked":["Headbutt","Warcry"],"picked":"Wild Strike","floor":1.0},{"not_picked":["Thunderclap","Rupture","Anger"],"picked":"SKIP","floor":5.0},{"not_picked":["Perfected Strike","Wild Strike"],"picked":"Burning Pact+1","floor":7.0}],"player_experience":261876,"relics_obtained":[{"floor":7.0,"key":"Nunchaku"},{"floor":9.0,"key":"Self Forming Clay"}],"event_choices":[{"cards_removed":["Strike_R"],"damage_healed":0.0,"max_hp_gain":0.0,"max_hp_loss":0.0,"gold_gain":0.0,"event_name":"Living Wall","player_choice":"Forget","floor":2.0,"gold_loss":0.0,"damage_taken":0.0},{"damage_healed":0.0,"max_hp_gain":0.0,"max_hp_loss":0.0,"gold_gain":0.0,"event_name":"Scrap Ooze","player_choice":"Success","floor":3.0,"gold_loss":0.0,"damage_taken":3.0,"relics_obtained":["Toxic Egg 2"]},{"damage_healed":0.0,"max_hp_gain":0.0,"max_hp_loss":0.0,"gold_gain":0.0,"event_name":"Golden Idol","player_choice":"Take Damage","floor":10.0,"gold_loss":0.0,"damage_taken":20.0,"relics_obtained":["Golden Idol"]}],"is_beta":false,"boss_relics":[],"items_purged_floors":[4],"is_endless":false,"potions_floor_spawned":[7],"killed_by":"3 Sentries","ascension_level":7}