{"gold_per_floor":[109,121,134,134,25,60,60,90,90,90,103,116,116,134,134,233,233,243,92,110,110,110],"floor_reached":22,"playtime":1386,"items_purged":["Strike_R"],"score":294,"play_id":"e564902e-8104-4ce0-a996-d03cc8ce284f","local_time":"20191023161259","is_ascension_mode":true,"campfire_choices":[{"data":"Uppercut","floor":7.0,"key":"SMITH"},{"floor":10.0,"key":"REST"},{"floor":15.0,"key":"REST"}],"neow_cost":"NONE","seed_source_timestamp":894134718130100,"circlet_count":0,"master_deck":["AscendersBane","Strike_R","Defend_R","Defend_R","Defend_R","Defend_R","Bash+1","Uppercut+1","Evolve","Clothesline","Rampage","Wild Strike","Inflame","Carnage","Limit Break","Battle Trance","Cleave+1"],"special_seed":0,"relics":["Burning Blood","NlothsMask","Sundial","Mummified Hand","Empty Cage","Anchor","Enchiridion"],"potions_floor_usage":[20,22],"damage_taken":[{"damage":0.0,"enemies":"2 Louse","floor":1.0,"turns":4.0},{"damage":1.0,"enemies":"Cultist","floor":2.0,"turns":3.0},{"damage":10.0,"enemies":"Small Slimes","floor":3.0,"turns":3.0},{"damage":50.0,"enemies":"3 Sentries","floor":6.0,"turns":10.0},{"damage":24.0,"enemies":"Gremlin Nob","floor":8.0,"turns":4.0},{"damage":14.0,"enemies":"Blue Slaver","floor":11.0,"turns":3.0},{"damage":18.0,"enemies":"Large Slime","floor":12.0,"turns":4.0},{"damage":31.0,"enemies":"Exordium Thugs","floor":14.0,"turns":5.0},{"damage":57.0,"enemies":"Hexaghost","floor":16.0,"turns":10.0},{"damage":28,"enemies":"2 Thieves","floor":18,"turns":4},{"damage":29,"enemies":"3 Byrds","floor":20,"turns":6},{"damage":24,"enemies":"Cultist and Chosen","floor":22,"turns":4}],"seed_played":"-5478488867513148716","potions_obtained":[{"floor":1.0,"key":"BloodPotion"},{"floor":8.0,"key":"Strength Potion"},{"floor":11.0,"key":"EntropicBrew"},{"floor":12.0,"key":"Regen Potion"}],"is_trial":false,"path_per_floor":["M","M","M","?","$","E","R","E","T","R","M","M","?","M","R","B",null,"M","$","M","?","M"],"character_chosen":"IRONCLAD","items_purchased":["Evolve","Anchor"],"campfire_rested":2,"item_purchase_floors":[5,19],"current_hp_per_floor":[78,80,76,76,76,32,32,14,14,38,30,18,18,27,51,20,65,43,43,20,4,0],"gold":110,"neow_bonus":"UPGRADE_CARD","is_prod":false,"is_daily":false,"chose_seed":false,"campfire_upgraded":1,"win_rate":0,"timestamp":1571839979,"path_taken":["M","M","M","?","?","E","R","E","T","R","?","M","?","?","R","BOSS","M","$","M","?","M"],"build_version":"2019-07-17","purchased_purges":1,"victory":false,"max_hp_per_floor":[80,80,80,80,80,80,80,80,80,80,80,80,80,80,80,80,80,80,80,80,80,80],"card_choices":[{"not_picked":["Perfected Strike","Armaments"],"picked":"Uppercut","floor":1.0},{"not_picked":["Perfected Strike","True Grit","Thunderclap"],"picked":"SKIP","floor":2.0},{"not_picked":["Clash","Body Slam","Seeing Red"],"picked":"SKIP","floor":3.0},{"not_picked":["Flex","Havoc"],"picked":"Clothesline","floor":6.0},{"not_picked":["Flex","Body Slam"],"picked":"Rampage","floor":8.0},{"not_picked":["True Grit","Thunderclap"],"picked":"Wild Strike","floor":11.0},{"not_picked":["Bludgeon","Pommel Strike"],"picked":"Inflame","floor":12.0},{"not_picked":["Havoc","Infernal Blade"],"picked":"Carnage","floor":14.0},{"not_picked":["Reaper","Brutality"],"picked":"Limit Break","floor":16.0},{"not_picked":["Uppercut","Shrug It Off"],"picked":"Battle Trance","floor":18},{"not_picked":["Iron Wave","Clothesline"],"picked":"Cleave+1","floor":20}],"player_experience":316812,"relics_obtained":[{"floor":6.0,"key":"Sundial"},{"floor":8.0,"key":"Mummified Hand"},{"floor":21,"key":"Enchiridion"}],"event_choices":[{"damage_healed":0.0,"max_hp_gain":0.0,"max_hp_loss":0.0,"gold_gain":0.0,"event_name":"FaceTrader","player_choice":"Trade","floor":4.0,"gold_loss":0.0,"damage_taken":0.0,"relics_obtained":["NlothsMask"]},{"cards_removed":["Strike_R"],"damage_healed":0.0,"max_hp_gain":0.0,"max_hp_loss":0.0,"gold_gain":0.0,"event_name":"Purifier","player_choice":"Purged","floor":13.0,"gold_loss":0.0,"damage_taken":0.0},{"damage_healed":0,"gold_gain":0,"player_choice":"Obtained Book","damage_taken":16,"max_hp_gain":0,"max_hp_loss":0,"event_name":"Cursed Tome","floor":21,"gold_loss":0}],"is_beta":false,"boss_relics":[{"not_picked":["Coffee Dripper","Runic Cube"],"picked":"Empty Cage"}],"items_purged_floors":[5],"is_endless":false,"potions_floor_spawned":[1,8,11,12],"killed_by":"Cultist and Chosen","ascension_level":10}