{"gold_per_floor":[113,129,181,192,141,141,172,172,195,16,28,63,63,83,83,180,180,190,210,210,69,80,90,115,115,115,115,144,144,144,158,158,262,262,279,279,294,194,194,224,235,25,25,45,45,59,0,10,10,10],"floor_reached":51,"playtime":5434,"items_purged":["Strike_G","Venomology","Strike_G"],"score":905,"play_id":"5c791664-43ef-4641-b894-b67f5186c3a9","local_time":"20191011132211","is_ascension_mode":true,"campfire_choices":[{"data":"Dash","floor":6.0,"key":"SMITH"},{"data":"Crippling Poison","floor":8.0,"key":"SMITH"},{"data":"Survivor","floor":13.0,"key":"SMITH"},{"floor":15.0,"key":"REST"},{"data":"Skewer","floor":25.0,"key":"SMITH"},{"floor":27.0,"key":"REST"},{"data":"Noxious Fumes","floor":30.0,"key":"SMITH"},{"data":"Well Laid Plans","floor":32.0,"key":"SMITH"},{"data":"Footwork","floor":45,"key":"SMITH"},{"data":"Adrenaline","floor":49,"key":"SMITH"}],"neow_cost":"NONE","seed_source_timestamp":0,"circlet_count":0,"master_deck":["Defend_G","Defend_G","Defend_G","Defend_G","Survivor+1","Neutralize+1","Crippling Poison+1","Dash+1","Slice","Poisoned Stab","Cloak And Dagger","Noxious Fumes+1","Leg Sweep","PiercingWail","Deadly Poison","PiercingWail","Adrenaline+1","Backflip+1","Heel Hook","Well Laid Plans+1","Skewer+1","Backflip","Die Die Die","Acrobatics","Bouncing Flask","Calculated Gamble","A Thousand Cuts","Apotheosis+1","Bandage Up","Good Instincts","Footwork+1","Blur","Flash of Steel","Crippling Poison","Leg Sweep+1"],"special_seed":0,"relics":["Ring of the Snake","Snake Skull","Pen Nib","Ninja Scroll","Sozu","PreservedInsect","Letter Opener","Pantograph","Happy Flower","Empty Cage","Blue Candle","Kunai","Red Mask"],"potions_floor_usage":[35],"damage_taken":[{"damage":0.0,"enemies":"Jaw Worm","floor":1.0,"turns":5.0},{"damage":1.0,"enemies":"2 Louse","floor":2.0,"turns":2.0},{"damage":0.0,"enemies":"Cultist","floor":4.0,"turns":5.0},{"damage":13.0,"enemies":"Lagavulin","floor":7.0,"turns":7.0},{"damage":0.0,"enemies":"Lots of Slimes","floor":11.0,"turns":4.0},{"damage":12.0,"enemies":"Gremlin Nob","floor":12.0,"turns":4.0},{"damage":0.0,"enemies":"2 Fungi Beasts","floor":14.0,"turns":3.0},{"damage":2.0,"enemies":"Hexaghost","floor":16.0,"turns":7.0},{"damage":10.0,"enemies":"Spheric Guardian","floor":18.0,"turns":4.0},{"damage":3.0,"enemies":"2 Thieves","floor":19.0,"turns":3.0},{"damage":0.0,"enemies":"3 Cultists","floor":22.0,"turns":4.0},{"damage":3.0,"enemies":"Chosen and Byrds","floor":23.0,"turns":5.0},{"damage":28.0,"enemies":"Gremlin Leader","floor":24.0,"turns":7.0},{"damage":2.0,"enemies":"Book of Stabbing","floor":28.0,"turns":4.0},{"damage":2.0,"enemies":"Shelled Parasite and Fungi","floor":31.0,"turns":3.0},{"damage":23.0,"enemies":"Champ","floor":33.0,"turns":10.0},{"damage":0,"enemies":"Orb Walker","floor":35,"turns":2},{"damage":0,"enemies":"3 Shapes","floor":37,"turns":5},{"damage":13,"enemies":"Giant Head","floor":40,"turns":7},{"damage":0,"enemies":"Sphere and 2 Shapes","floor":41,"turns":5},{"damage":0,"enemies":"Transient","floor":44,"turns":5},{"damage":0,"enemies":"4 Shapes","floor":46,"turns":5},{"damage":0,"enemies":"Jaw Worm Horde","floor":48,"turns":3},{"damage":69,"enemies":"Time Eater","floor":50,"turns":13}],"seed_played":"8476500503405061485","potions_obtained":[{"floor":4.0,"key":"Strength Potion"},{"floor":7.0,"key":"Fire Potion"},{"floor":14.0,"key":"LiquidBronze"}],"is_trial":false,"path_per_floor":["M","M","?","M","$","R","E","R","T","$","M","E","R","M","R","B",null,"M","M","?","$","M","M","E","R","T","R","E","?","R","M","R","B",null,"M","?","M","$","?","E","M","$","T","M","R","M","?","M","R","B",null],"character_chosen":"THE_SILENT","items_purchased":["Poisoned Stab","Noxious Fumes","Leg Sweep","Well Laid Plans","Skewer","Flash of Steel"],"campfire_rested":2,"item_purchase_floors":[5,10,10,21,21,42],"current_hp_per_floor":[63,62,62,62,62,62,49,49,49,49,49,37,37,37,58,56,67,57,54,54,54,54,51,23,23,23,44,42,42,42,40,40,42,63,63,53,57,57,57,48,54,54,54,58,58,62,62,62,62,7],"gold":10,"neow_bonus":"UPGRADE_CARD","is_prod":false,"is_daily":false,"chose_seed":false,"campfire_upgraded":8,"win_rate":0,"timestamp":1570825331,"path_taken":["M","M","?","M","$","R","E","R","T","$","M","E","R","M","R","BOSS","M","M","?","$","M","M","E","R","T","R","E","?","R","M","R","BOSS","BOSS","M","?","M","$","?","E","?","$","T","?","R","M","?","M","R","BOSS"],"build_version":"2019-07-17","purchased_purges":3,"victory":true,"max_hp_per_floor":[70,70,70,70,70,70,70,70,70,70,70,70,70,70,70,70,70,70,70,70,70,70,70,70,70,70,70,70,70,70,70,70,70,70,70,70,70,70,70,70,70,70,70,70,70,70,70,70,70,70],"card_choices":[{"not_picked":["Sucker Punch","Accuracy"],"picked":"Crippling Poison","floor":1.0},{"not_picked":["Prepared","Crippling Poison"],"picked":"Dash","floor":2.0},{"not_picked":["Blur","Choke"],"picked":"Slice","floor":4.0},{"not_picked":["Slice","Acrobatics"],"picked":"Cloak And Dagger","floor":7.0},{"not_picked":["Cloak And Dagger","Dash"],"picked":"PiercingWail","floor":11.0},{"not_picked":["Tactician","Phantasmal Killer"],"picked":"Deadly Poison","floor":12.0},{"not_picked":["Flying Knee","Blade Dance"],"picked":"PiercingWail","floor":14.0},{"not_picked":["Doppelganger","Wraith Form v2"],"picked":"Adrenaline","floor":16.0},{"not_picked":["Finisher+1","Sucker Punch","Flying Knee"],"picked":"SKIP","floor":18.0},{"not_picked":["Sucker Punch","Bane+1"],"picked":"Backflip+1","floor":19.0},{"not_picked":["Underhanded Strike","Slice+1"],"picked":"Backflip","floor":22.0},{"not_picked":["Blur","Escape Plan"],"picked":"Die Die Die","floor":23.0},{"not_picked":["Backstab+1","Leg Sweep+1"],"picked":"Acrobatics","floor":24.0},{"not_picked":["Outmaneuver","Flying Knee"],"picked":"Bouncing Flask","floor":28.0},{"not_picked":["Outmaneuver","Prepared"],"picked":"Calculated Gamble","floor":31.0},{"not_picked":["Venomology","Night Terror"],"picked":"A Thousand Cuts","floor":33},{"not_picked":["Sucker Punch","Dagger Spray","Terror+1"],"picked":"SKIP","floor":35},{"not_picked":["Good Instincts","Panacea"],"picked":"Apotheosis","floor":36},{"not_picked":["Dark Shackles","Secret Weapon"],"picked":"Bandage Up","floor":36},{"not_picked":["PanicButton","Madness"],"picked":"Good Instincts","floor":36},{"not_picked":["Deadly Poison+1","Flying Knee"],"picked":"Footwork","floor":37},{"not_picked":["Predator+1","Sucker Punch+1"],"picked":"Blur","floor":40},{"not_picked":["Blade Dance+1","Eviscerate","Calculated Gamble"],"picked":"SKIP","floor":41},{"not_picked":["Prepared+1","Heel Hook+1"],"picked":"Crippling Poison","floor":44},{"not_picked":["Calculated Gamble+1","Dagger Throw+1","Poisoned Stab+1"],"picked":"SKIP","floor":46},{"not_picked":["Prepared+1","Unload"],"picked":"Leg Sweep+1","floor":48}],"player_experience":277797,"relics_obtained":[{"floor":7.0,"key":"Snake Skull"},{"floor":9.0,"key":"Pen Nib"},{"floor":12.0,"key":"Ninja Scroll"},{"floor":24.0,"key":"PreservedInsect"},{"floor":26.0,"key":"Letter Opener"},{"floor":28.0,"key":"Pantograph"},{"floor":40,"key":"Blue Candle"},{"floor":43,"key":"Kunai"}],"event_choices":[{"damage_healed":0.0,"max_hp_gain":0.0,"max_hp_loss":0.0,"gold_gain":52.0,"event_name":"Golden Wing","player_choice":"Gained Gold","floor":3.0,"gold_loss":0.0,"damage_taken":0.0},{"damage_healed":0.0,"max_hp_gain":0.0,"max_hp_loss":0.0,"gold_gain":0.0,"cards_transformed":["Defend_G","Strike_G"],"event_name":"Drug Dealer","player_choice":"Became Test Subject","floor":20.0,"gold_loss":0.0,"damage_taken":0.0,"cards_obtained":["Venomology","Heel Hook"]},{"damage_healed":0.0,"max_hp_gain":0.0,"max_hp_loss":0.0,"gold_gain":0.0,"event_name":"The Mausoleum","player_choice":"Opened","floor":29.0,"gold_loss":0.0,"damage_taken":0.0,"relics_obtained":["Happy Flower"]},{"damage_healed":0,"gold_gain":0,"player_choice":"Memory 3","damage_taken":10,"max_hp_gain":0,"max_hp_loss":0,"event_name":"SensoryStone","floor":36,"gold_loss":0},{"damage_healed":0,"gold_gain":0,"player_choice":"Upgraded","damage_taken":0,"max_hp_gain":0,"max_hp_loss":0,"event_name":"Upgrade Shrine","floor":39,"gold_loss":0,"cards_upgraded":["Apotheosis"]},{"damage_healed":0,"gold_gain":0,"player_choice":"Paid","damage_taken":0,"relics_obtained":["Red Mask"],"max_hp_gain":0,"max_hp_loss":0,"event_name":"Tomb of Lord Red Mask","floor":47,"gold_loss":59}],"is_beta":false,"boss_relics":[{"not_picked":["Tiny House","Busted Crown"],"picked":"Sozu"},{"not_picked":["Velvet Choker","Runic Dome"],"picked":"Empty Cage"}],"items_purged_floors":[10,38,42],"is_endless":false,"potions_floor_spawned":[4,7,14,19,24,28,31,37,44,46,48],"ascension_level":6}