{"gold_per_floor":[111,111,111,130,145,145,177,194,194,194,212,230,110,127,127,232,232,246,281,296,296,40,71,71,71,71,71,71,84,118,131,131,235,235,250,260,306,99,113,113,140,240,265,292,292,319,15,34,34,34,34,34,0,33,33],"floor_reached":56,"playtime":2627,"items_purged":["Strike_R","Strike_R","Anger","Defend_R"],"score":1320,"play_id":"43036e20-0c69-4476-8312-aced23f2b3ce","local_time":"20190722221239","is_ascension_mode":false,"campfire_choices":[{"data":"Rampage","floor":6,"key":"SMITH"},{"data":"Immolate","floor":10,"key":"SMITH"},{"data":"Bash","floor":15,"key":"SMITH"},{"data":"Shockwave","floor":24,"key":"SMITH"},{"data":"Iron Wave","floor":27,"key":"SMITH"},{"data":"Offering","floor":32,"key":"SMITH"},{"data":"Shrug It Off","floor":40,"key":"SMITH"},{"floor":49,"key":"RECALL"},{"data":"Shrug It Off","floor":52,"key":"SMITH"}],"neow_cost":"TEN_PERCENT_HP_LOSS","seed_source_timestamp":347005682499200,"circlet_count":0,"master_deck":["Defend_R","Defend_R","Defend_R","Bash+1","Iron Wave+1","Thunderclap","Rampage+1","Immolate+1","Shrug It Off+1","Offering+1","Dropkick+1","Body Slam+1","Pommel Strike+1","Brutality+1","Iron Wave+1","True Grit+1","Shrug It Off+1","Body Slam+1","Rupture+1","Master of Strategy","Shrug It Off+1","Feel No Pain+1"],"relics":["Black Blood","Kunai","Frozen Egg 2","Red Mask","Happy Flower","Bottled Flame","Pantograph","Smiling Mask","Philosopher\u0027s Stone","Thread and Needle","Bag of Marbles","Pear","Gambling Chip","Bronze Scales","Meat on the Bone","Pen Nib"],"potions_floor_usage":[7,16,23,33,37,55,55,55,55,55,55],"damage_taken":[{"damage":6,"enemies":"Jaw Worm","floor":1,"turns":6},{"damage":2,"enemies":"2 Louse","floor":4,"turns":4},{"damage":0,"enemies":"Cultist","floor":5,"turns":3},{"damage":41,"enemies":"3 Sentries","floor":7,"turns":10},{"damage":6,"enemies":"Exordium Wildlife","floor":8,"turns":2},{"damage":0,"enemies":"3 Louse","floor":11,"turns":2},{"damage":0,"enemies":"Looter","floor":12,"turns":2},{"damage":0,"enemies":"Exordium Thugs","floor":14,"turns":2},{"damage":20,"enemies":"Slime Boss","floor":16,"turns":9},{"damage":25,"enemies":"2 Thieves","floor":18,"turns":4},{"damage":6,"enemies":"Masked Bandits","floor":19,"turns":1},{"damage":6,"enemies":"Spheric Guardian","floor":20,"turns":2},{"damage":9,"enemies":"Gremlin Leader","floor":23,"turns":5},{"damage":12,"enemies":"Cultist and Chosen","floor":29,"turns":2},{"damage":6,"enemies":"Slavers","floor":30,"turns":2},{"damage":6,"enemies":"Centurion and Healer","floor":31,"turns":2},{"damage":54,"enemies":"Champ","floor":33,"turns":9},{"damage":1,"enemies":"3 Shapes","floor":35,"turns":2},{"damage":6,"enemies":"Orb Walker","floor":36,"turns":3},{"damage":21,"enemies":"2 Orb Walkers","floor":37,"turns":3},{"damage":2,"enemies":"Sphere and 2 Shapes","floor":39,"turns":3},{"damage":12,"enemies":"Giant Head","floor":41,"turns":7},{"damage":9,"enemies":"Mind Bloom Boss Battle","floor":42,"turns":4},{"damage":8,"enemies":"Reptomancer","floor":46,"turns":3},{"damage":18,"enemies":"Maw","floor":48,"turns":5},{"damage":31,"enemies":"Donu and Deca","floor":50,"turns":8},{"damage":30,"enemies":"Shield and Spear","floor":54,"turns":4},{"damage":71,"enemies":"The Heart","floor":55,"turns":6}],"seed_played":"-6154946950354588229","potions_obtained":[{"floor":5,"key":"SkillPotion"},{"floor":8,"key":"EssenceOfSteel"},{"floor":14,"key":"AttackPotion"},{"floor":18,"key":"GamblersBrew"},{"floor":20,"key":"Swift Potion"},{"floor":25,"key":"EntropicBrew"},{"floor":25,"key":"Energy Potion"},{"floor":33,"key":"Poison Potion"},{"floor":35,"key":"LiquidBronze"},{"floor":37,"key":"Poison Potion"},{"floor":41,"key":"Energy Potion"}],"is_trial":false,"path_per_floor":["M","?","?","M","M","R","E","M","T","R","M","M","$","M","R","B",null,"M","?","M","?","$","E","R","?","T","R","$","M","E","M","R","B",null,"M","M","?","$","M","R","E","?","T","T","?","E","$","M","R","B",null,"R","$","E","B",null],"character_chosen":"IRONCLAD","items_purchased":["Shrug It Off","Happy Flower","Bag of Marbles","Rupture+1","Master of Strategy","Feel No Pain+1"],"campfire_rested":0,"item_purchase_floors":[13,22,38,47,47,53],"current_hp_per_floor":[72,72,65,69,72,72,37,37,37,37,43,49,49,55,55,41,72,57,61,65,65,65,66,66,66,66,66,66,64,68,72,72,28,72,72,72,61,61,69,69,77,82,82,82,82,82,82,74,74,61,82,82,82,62,33],"gold":33,"neow_bonus":"REMOVE_TWO","is_prod":false,"is_daily":false,"chose_seed":false,"campfire_upgraded":8,"win_rate":0,"timestamp":1563829959,"path_taken":["M","?","?","?","M","R","E","M","T","R","M","M","$","M","R","BOSS","M","?","M","?","$","E","R","?","T","R","$","M","E","M","R","BOSS","M","M","?","$","M","R","E","?","T","?","?","E","?","M","R","BOSS","R","$","E","BOSS"],"build_version":"2019-07-17","purchased_purges":4,"victory":true,"max_hp_per_floor":[72,72,72,72,72,72,72,72,72,72,72,72,72,72,72,72,72,72,72,72,72,72,72,72,72,72,72,72,72,72,72,72,72,72,72,72,72,72,72,72,82,82,82,82,82,82,82,82,82,82,82,82,82,82,82],"card_choices":[{"not_picked":["Perfected Strike","Shrug It Off"],"picked":"Iron Wave","floor":1},{"not_picked":["Iron Wave","Anger"],"picked":"Thunderclap","floor":4},{"not_picked":["Iron Wave","Disarm"],"picked":"Rampage","floor":5},{"not_picked":["Corruption","Rage"],"picked":"Immolate","floor":7},{"not_picked":["Thunderclap","Twin Strike"],"picked":"Shockwave","floor":8},{"not_picked":["Dual Wield","Blood for Blood","Corruption+1"],"picked":"SKIP","floor":11},{"not_picked":["Cleave","Havoc","Blood for Blood"],"picked":"SKIP","floor":12},{"not_picked":["True Grit","Entrench","Dual Wield"],"picked":"SKIP","floor":14},{"not_picked":["Demon Form+1","Juggernaut+1"],"picked":"Offering","floor":16},{"not_picked":["Dual Wield","Sentinel"],"picked":"Dropkick+1","floor":18},{"not_picked":["Uppercut","Corruption+1"],"picked":"Body Slam+1","floor":19},{"not_picked":["Sever Soul","Heavy Blade","Havoc"],"picked":"SKIP","floor":20},{"not_picked":["Infernal Blade","Carnage","Pommel Strike"],"picked":"SKIP","floor":23},{"not_picked":["Pommel Strike","Havoc+1"],"picked":"Anger","floor":29},{"not_picked":["Flame Barrier","Body Slam","Rampage"],"picked":"SKIP","floor":30},{"not_picked":["Infernal Blade+1","Reaper"],"picked":"Pommel Strike+1","floor":31},{"not_picked":["Bludgeon","Offering"],"picked":"Brutality+1","floor":33},{"not_picked":["Disarm+1","Anger+1"],"picked":"Iron Wave+1","floor":35},{"not_picked":["Havoc+1","Clothesline"],"picked":"True Grit+1","floor":36},{"not_picked":["Second Wind","Sword Boomerang+1"],"picked":"Shrug It Off","floor":39},{"not_picked":["Feel No Pain+1","Impervious"],"picked":"Body Slam+1","floor":41},{"not_picked":["Clash+1","Perfected Strike+1","Havoc+1"],"picked":"SKIP","floor":46},{"not_picked":["Power Through","Thunderclap"],"picked":"Shrug It Off+1","floor":48},{"not_picked":["Brutality+1","Twin Strike+1","Perfected Strike"],"picked":"SKIP","floor":54}],"player_experience":1728249,"relics_obtained":[{"floor":7,"key":"Kunai"},{"floor":9,"key":"Frozen Egg 2"},{"floor":19,"key":"Red Mask"},{"floor":23,"key":"Bottled Flame"},{"floor":26,"key":"Pantograph"},{"floor":30,"key":"Smiling Mask"},{"floor":37,"key":"Thread and Needle"},{"floor":41,"key":"Pear"},{"floor":42,"key":"Gambling Chip"},{"floor":44,"key":"Bronze Scales"},{"floor":46,"key":"Meat on the Bone"},{"floor":54,"key":"Pen Nib"}],"event_choices":[{"damage_healed":0,"gold_gain":0,"player_choice":"Ignored","damage_taken":0,"max_hp_gain":0,"max_hp_loss":0,"event_name":"Liars Game","floor":2,"gold_loss":0},{"damage_healed":0,"gold_gain":0,"player_choice":"Damaged","damage_taken":7,"max_hp_gain":0,"max_hp_loss":0,"event_name":"Wheel of Change","floor":3,"gold_loss":0},{"damage_healed":0,"gold_gain":0,"player_choice":"Fought Bandits","damage_taken":0,"max_hp_gain":0,"max_hp_loss":0,"event_name":"Masked Bandits","floor":19,"gold_loss":0},{"cards_removed":["Strike_R"],"damage_healed":0,"gold_gain":0,"player_choice":"Elegance","damage_taken":0,"max_hp_gain":0,"max_hp_loss":0,"event_name":"Back to Basics","floor":21,"gold_loss":0},{"damage_healed":0,"gold_gain":0,"player_choice":"Got Potions","damage_taken":0,"max_hp_gain":0,"max_hp_loss":0,"event_name":"Lab","floor":25,"gold_loss":0},{"damage_healed":0,"gold_gain":0,"player_choice":"Fight","damage_taken":0,"max_hp_gain":0,"max_hp_loss":0,"event_name":"Mysterious Sphere","floor":37,"gold_loss":0},{"damage_healed":0,"gold_gain":0,"player_choice":"Fight","damage_taken":0,"max_hp_gain":0,"max_hp_loss":0,"event_name":"MindBloom","floor":42,"gold_loss":0},{"cards_removed":["Shockwave"],"damage_healed":0,"gold_gain":0,"player_choice":"Removed Skill","damage_taken":0,"max_hp_gain":0,"max_hp_loss":0,"event_name":"Falling","floor":45,"gold_loss":0}],"is_beta":false,"boss_relics":[{"not_picked":["White Beast Statue","Ectoplasm"],"picked":"Black Blood"},{"not_picked":["Empty Cage","Pandora\u0027s Box"],"picked":"Philosopher\u0027s Stone"}],"items_purged_floors":[13,22,38,47],"is_endless":false,"potions_floor_spawned":[5,8,14,18,20,29,33,35,37,41,46,48],"ascension_level":0}