{"gold_per_floor":[117,117,117,140,163,206,176,176,176,176],"floor_reached":10,"playtime":434,"items_purged":[],"score":99,"play_id":"53a6c57a-ee0b-4dde-95a6-0c3c5701fe81","local_time":"20191021230934","is_ascension_mode":true,"campfire_choices":[{"floor":8,"key":"REST"}],"neow_cost":"NONE","seed_source_timestamp":365480946222500,"circlet_count":0,"master_deck":["AscendersBane","Strike_G","Strike_G","Strike_G","Strike_G","Strike_G","Defend_G","Defend_G","Defend_G","Defend_G","Defend_G","Survivor","Neutralize+1","PiercingWail","Sucker Punch","Slice","Adrenaline"],"relics":["Ring of the Snake","Golden Idol","Frozen Egg 2","Ancient Tea Set","Pear"],"potions_floor_usage":[6],"damage_taken":[{"damage":1,"enemies":"Jaw Worm","floor":1,"turns":5},{"damage":1,"enemies":"Small Slimes","floor":4,"turns":4},{"damage":0,"enemies":"2 Louse","floor":5,"turns":2},{"damage":37,"enemies":"3 Sentries","floor":6,"turns":12},{"damage":1,"enemies":"Looter","floor":7,"turns":4},{"damage":43,"enemies":"Lagavulin","floor":10,"turns":10}],"seed_played":"-2374688515251673203","potions_obtained":[{"floor":1,"key":"GamblersBrew"}],"is_trial":false,"path_per_floor":["M","?","?","M","M","E","M","R","T","E"],"character_chosen":"THE_SILENT","items_purchased":[],"campfire_rested":1,"item_purchase_floors":[],"current_hp_per_floor":[62,62,50,49,49,12,11,30,40,0],"gold":176,"neow_bonus":"UPGRADE_CARD","is_prod":false,"is_daily":false,"chose_seed":false,"campfire_upgraded":0,"win_rate":0,"timestamp":1571724574,"path_taken":["M","?","?","M","M","E","M","R","T","E"],"build_version":"2019-07-17","purchased_purges":0,"victory":false,"max_hp_per_floor":[70,65,65,65,65,65,65,65,75,75],"card_choices":[{"not_picked":["Distraction","Prepared"],"picked":"PiercingWail","floor":1},{"not_picked":["Dodge and Roll","Acrobatics"],"picked":"Sucker Punch","floor":4},{"not_picked":["Terror","Deflect"],"picked":"Slice","floor":5},{"not_picked":["Cloak And Dagger","A Thousand Cuts+1"],"picked":"Adrenaline","floor":6},{"not_picked":["Underhanded Strike","Flechettes","Slice"],"picked":"SKIP","floor":7}],"player_experience":421809,"relics_obtained":[{"floor":6,"key":"Ancient Tea Set"},{"floor":9,"key":"Pear"}],"event_choices":[{"damage_healed":0,"gold_gain":0,"player_choice":"Lose Max HP","damage_taken":0,"relics_obtained":["Golden Idol"],"max_hp_gain":0,"max_hp_loss":5,"event_name":"Golden Idol","floor":2,"gold_loss":0},{"damage_healed":0,"gold_gain":0,"player_choice":"Success","damage_taken":12,"relics_obtained":["Frozen Egg 2"],"max_hp_gain":0,"max_hp_loss":0,"event_name":"Scrap Ooze","floor":3,"gold_loss":0}],"is_beta":false,"boss_relics":[],"items_purged_floors":[],"is_endless":false,"potions_floor_spawned":[1],"killed_by":"Lagavulin","ascension_level":10}