{"gold_per_floor":[118,293,293,10,22,48,48,80,106,118,160,172,215,243,255,369,381,412,424,436],"floor_reached":20,"playtime":509,"items_purged":["Doubt"],"score":254,"play_id":"562e99f9-8304-427a-8b78-599a6838141c","local_time":"20191012173731","is_ascension_mode":true,"campfire_choices":[{"data":"Bash","floor":7,"key":"SMITH"},{"data":"Dramatic Entrance","floor":10,"key":"SMITH"},{"data":"Inflame","floor":12,"key":"SMITH"},{"data":"Evolve","floor":15,"key":"SMITH"}],"neow_cost":"NONE","seed_source_timestamp":535689820803600,"circlet_count":0,"master_deck":["Strike_R","Strike_R","Strike_R","Strike_R","Strike_R","Defend_R","Defend_R","Defend_R","Defend_R","Bash+1","Dramatic Entrance+1","Shrug It Off","Pommel Strike","Bludgeon","Brutality","Inflame+1","Warcry","Evolve+1","Reaper","Rupture+1"],"relics":["Burning Blood","Blood Vial","Anchor","Thread and Needle","Red Skull","MawBank","Odd Mushroom","Oddly Smooth Stone","Cursed Key"],"potions_floor_usage":[13,20,20],"damage_taken":[{"damage":12,"enemies":"Jaw Worm","floor":1,"turns":2},{"damage":0,"enemies":"Cultist","floor":5,"turns":4},{"damage":24,"enemies":"Gremlin Nob","floor":6,"turns":4},{"damage":13,"enemies":"3 Sentries","floor":8,"turns":7},{"damage":12,"enemies":"The Mushroom Lair","floor":11,"turns":4},{"damage":4,"enemies":"Gremlin Nob","floor":13,"turns":3},{"damage":0,"enemies":"Small Slimes","floor":14,"turns":2},{"damage":59,"enemies":"Hexaghost","floor":16,"turns":10},{"damage":0,"enemies":"Spheric Guardian","floor":18,"turns":3},{"damage":73,"enemies":"Masked Bandits","floor":20,"turns":4}],"seed_played":"3370281856900422688","potions_obtained":[{"floor":5,"key":"Dexterity Potion"},{"floor":11,"key":"DuplicationPotion"},{"floor":13,"key":"Ancient Potion"},{"floor":18,"key":"FearPotion"}],"is_trial":false,"path_per_floor":["M","?","?","$","M","E","R","E","T","R","?","R","E","M","R","B",null,"M","?","?"],"character_chosen":"IRONCLAD","items_purchased":["Anchor","Shrug It Off"],"campfire_rested":0,"item_purchase_floors":[4,4],"current_hp_per_floor":[66,66,66,66,74,58,58,53,53,53,49,49,53,61,61,10,63,71,56,0],"gold":436,"neow_bonus":"RANDOM_COLORLESS","is_prod":false,"is_daily":false,"chose_seed":false,"campfire_upgraded":4,"win_rate":0,"timestamp":1570891051,"path_taken":["M","?","?","$","?","E","R","E","T","R","?","R","E","M","R","BOSS","M","?","?"],"build_version":"2019-10-11","purchased_purges":1,"victory":false,"max_hp_per_floor":[80,80,80,80,80,80,80,80,80,80,80,80,80,80,80,80,80,80,85,85],"card_choices":[{"not_picked":["Bandage Up","Trip"],"picked":"Dramatic Entrance","floor":0},{"not_picked":["Pommel Strike","Clothesline"],"picked":"Armaments","floor":1},{"not_picked":["Flex","Body Slam"],"picked":"Pommel Strike","floor":5},{"not_picked":["Havoc","Sword Boomerang"],"picked":"Bludgeon","floor":6},{"not_picked":["Pommel Strike","Ghostly Armor"],"picked":"Brutality","floor":8},{"not_picked":["Ghostly Armor","Sword Boomerang"],"picked":"Inflame","floor":11},{"not_picked":["Pummel","Carnage"],"picked":"Warcry","floor":13},{"not_picked":["Rampage","Dropkick"],"picked":"Evolve","floor":14},{"not_picked":["Double Tap","Juggernaut"],"picked":"Reaper","floor":16},{"not_picked":["Wild Strike","Seeing Red"],"picked":"Rupture+1","floor":18}],"player_experience":383384,"relics_obtained":[{"floor":6,"key":"Thread and Needle"},{"floor":8,"key":"Red Skull"},{"floor":9,"key":"MawBank"},{"floor":11,"key":"Odd Mushroom"},{"floor":13,"key":"Oddly Smooth Stone"}],"event_choices":[{"damage_healed":0,"gold_gain":175,"player_choice":"AGREE","damage_taken":0,"max_hp_gain":0,"max_hp_loss":0,"event_name":"Liars Game","floor":2,"gold_loss":0,"cards_obtained":["Doubt"]},{"cards_removed":["Armaments"],"damage_healed":0,"gold_gain":0,"player_choice":"Gave Card","damage_taken":0,"relics_obtained":["Blood Vial"],"max_hp_gain":0,"max_hp_loss":0,"event_name":"WeMeetAgain","floor":3,"gold_loss":0},{"damage_healed":0,"gold_gain":0,"player_choice":"Fought Mushrooms","damage_taken":0,"max_hp_gain":0,"max_hp_loss":0,"event_name":"Mushrooms","floor":11,"gold_loss":0},{"damage_healed":0,"gold_gain":0,"player_choice":"Shed Blood","damage_taken":20,"max_hp_gain":5,"max_hp_loss":0,"event_name":"Forgotten Altar","floor":19,"gold_loss":0},{"damage_healed":0,"gold_gain":0,"player_choice":"Fought Bandits","damage_taken":0,"max_hp_gain":0,"max_hp_loss":0,"event_name":"Masked Bandits","floor":20,"gold_loss":0}],"is_beta":true,"boss_relics":[{"not_picked":["Velvet Choker","Black Star"],"picked":"Cursed Key"}],"items_purged_floors":[4],"is_endless":false,"potions_floor_spawned":[5,11,13,18],"killed_by":"Masked Bandits","ascension_level":7}