{"gold_per_floor":[119,137,62,79,96,96,124,124,173,184,184,197,227,244,244,346,346,362,312,49,68,82,82,115,115,169,202,202,215,248,248,248,350,350,369,369,369,369,18,50,50,85,108,108,108,35,60,70,70,70,70,70,70,101,101],"floor_reached":56,"playtime":6193,"items_purged":["Strike_R","Strike_R","Strike_R"],"score":1883,"play_id":"283d7218-e8fb-47ff-a231-7d9f8e8f3837","local_time":"20191018170130","is_ascension_mode":true,"campfire_choices":[{"floor":8.0,"key":"REST"},{"data":"Barricade","floor":15.0,"key":"SMITH"},{"data":"True Grit","floor":23.0,"key":"SMITH"},{"data":"Metallicize","floor":25.0,"key":"SMITH"},{"data":"Entrench","floor":28.0,"key":"SMITH"},{"data":"Limit Break","floor":32.0,"key":"SMITH"},{"data":"Evolve","floor":41.0,"key":"SMITH"},{"floor":44.0,"key":"RECALL"},{"data":"Entrench","floor":49.0,"key":"SMITH"},{"data":"Armaments","floor":52.0,"key":"SMITH"}],"neow_cost":"NONE","seed_source_timestamp":0,"circlet_count":0,"master_deck":["Defend_R","Defend_R","Defend_R","Defend_R","Bash","Cleave","Uppercut+1","Evolve+1","Shockwave","True Grit+1","Metallicize+1","Power Through","Barricade+1","Disarm","Wild Strike","Limit Break+1","Armaments+1","Ghostly Armor","Battle Trance","Entrench+1","Flame Barrier+1","Decay","Reaper","Flex","Burning Pact","Seeing Red+1","Infernal Blade+1","Purity","Sadistic Nature","Entrench+1","Shrug It Off+1","Spot Weakness+1","Dark Embrace"],"special_seed":0,"relics":["Burning Blood","Bag of Preparation","Darkstone Periapt","Red Skull","Ancient Tea Set","Coffee Dripper","WingedGreaves","Bronze Scales","Juzu Bracelet","Boot","Runic Cube","Vajra","Art of War","Omamori","Mercury Hourglass","Self Forming Clay"],"potions_floor_usage":[55,55,55],"damage_taken":[{"damage":1.0,"enemies":"Cultist","floor":1.0,"turns":4.0},{"damage":7.0,"enemies":"Small Slimes","floor":2.0,"turns":3.0},{"damage":0.0,"enemies":"2 Louse","floor":4.0,"turns":2.0},{"damage":38.0,"enemies":"Exordium Thugs","floor":5.0,"turns":7.0},{"damage":33.0,"enemies":"Gremlin Nob","floor":7.0,"turns":5.0},{"damage":0.0,"enemies":"3 Louse","floor":10.0,"turns":2.0},{"damage":0.0,"enemies":"2 Fungi Beasts","floor":12.0,"turns":3.0},{"damage":2.0,"enemies":"3 Sentries","floor":13.0,"turns":8.0},{"damage":1.0,"enemies":"Blue Slaver","floor":14.0,"turns":5.0},{"damage":0.0,"enemies":"Slime Boss","floor":16.0,"turns":18.0},{"damage":8.0,"enemies":"Chosen","floor":18.0,"turns":6.0},{"damage":20.0,"enemies":"2 Thieves","floor":21.0,"turns":5.0},{"damage":15.0,"enemies":"Snake Plant","floor":22.0,"turns":7.0},{"damage":24.0,"enemies":"Slavers","floor":24.0,"turns":7.0},{"damage":0.0,"enemies":"Gremlin Leader","floor":27.0,"turns":9.0},{"damage":0.0,"enemies":"Sentry and Sphere","floor":29.0,"turns":6.0},{"damage":22.0,"enemies":"Slavers","floor":30.0,"turns":5.0},{"damage":0.0,"enemies":"Champ","floor":33.0,"turns":15.0},{"damage":0.0,"enemies":"3 Shapes","floor":35.0,"turns":12.0},{"damage":2.0,"enemies":"Nemesis","floor":40.0,"turns":17.0},{"damage":6.0,"enemies":"Giant Head","floor":42.0,"turns":13.0},{"damage":41.0,"enemies":"Reptomancer","floor":47.0,"turns":11.0},{"damage":15.0,"enemies":"3 Darklings","floor":48.0,"turns":8.0},{"damage":94.0,"enemies":"Donu and Deca","floor":50.0,"turns":10.0},{"damage":50.0,"enemies":"Shield and Spear","floor":54.0,"turns":11.0},{"damage":32,"enemies":"The Heart","floor":55,"turns":13}],"seed_played":"8317447103221985982","potions_obtained":[{"floor":7.0,"key":"FearPotion"},{"floor":12.0,"key":"SkillPotion"},{"floor":14.0,"key":"Swift Potion"},{"floor":21.0,"key":"SpeedPotion"},{"floor":29.0,"key":"Ancient Potion"},{"floor":33.0,"key":"Energy Potion"},{"floor":35.0,"key":"Fire Potion"},{"floor":42.0,"key":"LiquidBronze"},{"floor":54.0,"key":"Strength Potion"}],"is_trial":false,"path_per_floor":["M","M","$","M","M","?","E","R","T","M","?","M","E","M","R","B",null,"M","?","$","M","M","R","E","R","T","E","R","M","E","?","R","B",null,"M","?","?","?","$","E","R","E","T","R","?","$","E","M","R","B",null,"R","$","E","B",null],"character_chosen":"IRONCLAD","items_purchased":["Limit Break","Armaments","Vajra","Burning Pact","Entrench"],"campfire_rested":1,"item_purchase_floors":[20,20,39,39,46],"current_hp_per_floor":[77,76,76,80,48,41,14,38,38,44,28,34,38,43,43,49,72,70,70,70,56,47,47,29,29,29,35,35,41,25,31,31,37,74,85,85,85,85,85,86,86,86,86,86,76,76,71,86,86,59,79,79,79,35,86],"gold":101,"neow_bonus":"RANDOM_COMMON_RELIC","is_prod":false,"is_daily":false,"chose_seed":false,"campfire_upgraded":8,"win_rate":0,"timestamp":1571443290,"path_taken":["M","?","$","M","M","?","E","R","T","M","?","M","E","M","R","BOSS","M","?","?","M","M","R","E","R","T","E","R","M","E","?","R","BOSS","M","?","?","?","$","E","R","E","T","R","?","$","E","M","R","BOSS","R","$","E","BOSS"],"build_version":"2019-07-17","purchased_purges":3,"victory":true,"max_hp_per_floor":[80,80,80,80,80,80,80,80,80,80,80,80,80,80,80,80,80,80,80,80,80,80,80,80,80,80,80,80,80,80,86,86,86,86,86,86,86,86,86,86,86,86,86,86,86,86,86,86,86,86,86,86,86,86,86],"card_choices":[{"not_picked":["Heavy Blade","Headbutt"],"picked":"Cleave","floor":1.0},{"not_picked":["Ghostly Armor","Wild Strike"],"picked":"Uppercut","floor":2.0},{"not_picked":["Rampage","Cleave"],"picked":"Evolve","floor":4.0},{"not_picked":["Pummel","Seeing Red"],"picked":"Shockwave","floor":5.0},{"not_picked":["Second Wind","Havoc"],"picked":"True Grit","floor":7.0},{"not_picked":["Perfected Strike","Heavy Blade"],"picked":"Metallicize","floor":10.0},{"not_picked":["Wild Strike","Hemokinesis"],"picked":"Power Through","floor":12.0},{"not_picked":["Burning Pact","Battle Trance"],"picked":"Barricade","floor":13.0},{"not_picked":["Twin Strike","Havoc"],"picked":"Disarm","floor":14.0},{"not_picked":["Dual Wield","Iron Wave+1"],"picked":"Wild Strike","floor":18.0},{"not_picked":["Combust","Sword Boomerang+1","Rupture"],"picked":"SKIP","floor":21.0},{"not_picked":["Anger","Cleave"],"picked":"Ghostly Armor","floor":22.0},{"not_picked":["Clash+1","Heavy Blade"],"picked":"Battle Trance","floor":24.0},{"not_picked":["Iron Wave","Dark Embrace"],"picked":"Entrench","floor":27.0},{"not_picked":["Thunderclap","Shockwave","Sever Soul"],"picked":"SKIP","floor":29.0},{"not_picked":["Twin Strike","Pommel Strike"],"picked":"Flame Barrier+1","floor":30.0},{"not_picked":["Dark Embrace","Limit Break"],"picked":"Reaper","floor":33.0},{"not_picked":["Sword Boomerang","Heavy Blade+1"],"picked":"Flex","floor":35.0},{"not_picked":["Carnage","Iron Wave+1"],"picked":"Seeing Red+1","floor":40.0},{"not_picked":["Clothesline","Sword Boomerang"],"picked":"Infernal Blade+1","floor":42.0},{"not_picked":["Magnetism","Dramatic Entrance"],"picked":"Purity","floor":45.0},{"not_picked":["Blind","Panacea"],"picked":"Sadistic Nature","floor":45.0},{"not_picked":["Seeing Red+1","Warcry"],"picked":"Shrug It Off+1","floor":47.0},{"not_picked":["Disarm","Whirlwind"],"picked":"Spot Weakness+1","floor":48.0},{"not_picked":["Warcry","Brutality"],"picked":"Dark Embrace","floor":54.0}],"player_experience":372704,"relics_obtained":[{"floor":7.0,"key":"Darkstone Periapt"},{"floor":9.0,"key":"Red Skull"},{"floor":13.0,"key":"Ancient Tea Set"},{"floor":24.0,"key":"WingedGreaves"},{"floor":26.0,"key":"Bronze Scales"},{"floor":27.0,"key":"Juzu Bracelet"},{"floor":30.0,"key":"Boot"},{"floor":40.0,"key":"Art of War"},{"floor":42.0,"key":"Omamori"},{"floor":47.0,"key":"Mercury Hourglass"},{"floor":54.0,"key":"Self Forming Clay"}],"event_choices":[{"cards_removed":["Strike_R"],"damage_healed":0.0,"max_hp_gain":0.0,"max_hp_loss":0.0,"gold_gain":0.0,"event_name":"Golden Wing","player_choice":"Card Removal","floor":6.0,"gold_loss":0.0,"damage_taken":7.0},{"damage_healed":0.0,"max_hp_gain":0.0,"max_hp_loss":0.0,"gold_gain":0.0,"event_name":"Shining Light","player_choice":"Entered Light","floor":11.0,"gold_loss":0.0,"damage_taken":16.0,"cards_upgraded":["Uppercut","Strike_R"]},{"damage_healed":0.0,"max_hp_gain":0.0,"max_hp_loss":0.0,"gold_gain":0.0,"event_name":"The Joust","player_choice":"Bet on Murderer","floor":19.0,"gold_loss":50.0,"damage_taken":0.0},{"damage_healed":0.0,"max_hp_gain":0.0,"max_hp_loss":0.0,"gold_gain":0.0,"event_name":"Forgotten Altar","player_choice":"Smashed Altar","floor":31.0,"gold_loss":0.0,"damage_taken":0.0,"cards_obtained":["Decay"]},{"cards_removed":["Strike_R"],"damage_healed":0.0,"max_hp_gain":0.0,"max_hp_loss":0.0,"gold_gain":0.0,"event_name":"Falling","player_choice":"Removed Attack","floor":36.0,"gold_loss":0.0,"damage_taken":0.0},{"damage_healed":0.0,"max_hp_gain":0.0,"max_hp_loss":0.0,"gold_gain":0.0,"event_name":"SecretPortal","player_choice":"Ignored","floor":37.0,"gold_loss":0.0,"damage_taken":0.0},{"damage_healed":0.0,"max_hp_gain":0.0,"max_hp_loss":0.0,"gold_gain":0.0,"event_name":"Tomb of Lord Red Mask","player_choice":"Ignored","floor":38.0,"gold_loss":0.0,"damage_taken":0.0},{"damage_healed":0.0,"max_hp_gain":0.0,"max_hp_loss":0.0,"gold_gain":0.0,"event_name":"SensoryStone","player_choice":"Memory 3","floor":45.0,"gold_loss":0.0,"damage_taken":10.0}],"is_beta":false,"boss_relics":[{"not_picked":["White Beast Statue","Philosopher\u0027s Stone"],"picked":"Coffee Dripper"},{"not_picked":["Black Star","Fusion Hammer"],"picked":"Runic Cube"}],"items_purged_floors":[3,20,39],"is_endless":false,"potions_floor_spawned":[7,12,14,21,22,29,33,35,40,42,54],"ascension_level":9}