{"gold_per_floor":[118,128,146,44,61,61,81,113,113,63,78,78,103,121,121,225,225,245,245,17,17,33,33,51,80,80,80,107,107,124,137,137,237,237,255,255,272,291,303,328,357,11,11,28,53,53,66,66,66,66,66,66,3,38,38],"floor_reached":55,"playtime":2976,"items_purged":["Strike_B","Defend_B"],"score":881,"play_id":"c59aa321-139e-4c7e-84db-707feea905e7","local_time":"20190530124333","is_ascension_mode":false,"campfire_choices":[{"data":"Coolheaded","floor":6,"key":"SMITH"},{"data":"Streamline","floor":12,"key":"SMITH"},{"data":"Sweeping Beam","floor":15,"key":"SMITH"},{"data":"Defragment","floor":23,"key":"SMITH"},{"data":"Machine Learning","floor":27,"key":"SMITH"},{"data":"Hologram","floor":29,"key":"SMITH"},{"data":"Zap","floor":32,"key":"SMITH"},{"floor":46,"key":"RECALL"},{"floor":49,"key":"REST"},{"floor":52,"key":"REST"}],"neow_cost":"NONE","seed_source_timestamp":171465558514230,"circlet_count":0,"master_deck":["Defend_B+1","Defend_B","Defend_B","Zap+1","Dualcast+1","Gash","Gash","Gash","Coolheaded+1","Streamline+1","Compile Driver","Sweeping Beam+1","Machine Learning+1","Hologram+1","Bite","Bite","Bite","Bite","Bite","Defragment+1","Steam","Coolheaded+1","Steam","Cold Snap+1","Cold Snap+1","Fission","Hologram+1","Go for the Eyes+1","Compile Driver+1","Sweeping Beam+1","Conserve Battery+1","Gash+1","Auto Shields+1","Machine Learning","FTL+1"],"relics":["Cracked Core","War Paint","Odd Mushroom","Singing Bowl","Shuriken","Dodecahedron","Lizard Tail","The Courier","Molten Egg 2","Fusion Hammer","MawBank","Lantern","Gambling Chip","Toxic Egg 2","Bottled Lightning","Pantograph"],"potions_floor_usage":[11,16,18,24,28,37,40,40,55,55],"damage_taken":[{"damage":0,"enemies":"2 Louse","floor":1,"turns":2},{"damage":0,"enemies":"Small Slimes","floor":2,"turns":3},{"damage":0,"enemies":"Cultist","floor":3,"turns":3},{"damage":4,"enemies":"2 Fungi Beasts","floor":5,"turns":3},{"damage":5,"enemies":"The Mushroom Lair","floor":7,"turns":4},{"damage":23,"enemies":"3 Sentries","floor":8,"turns":7},{"damage":0,"enemies":"Lots of Slimes","floor":11,"turns":3},{"damage":3,"enemies":"Lagavulin","floor":13,"turns":4},{"damage":0,"enemies":"Looter","floor":14,"turns":2},{"damage":0,"enemies":"Slime Boss","floor":16,"turns":5},{"damage":17,"enemies":"2 Thieves","floor":18,"turns":3},{"damage":0,"enemies":"Spheric Guardian","floor":22,"turns":3},{"damage":0,"enemies":"3 Cultists","floor":24,"turns":2},{"damage":8,"enemies":"Gremlin Leader","floor":25,"turns":6},{"damage":26,"enemies":"Slavers","floor":28,"turns":9},{"damage":21,"enemies":"Centurion and Healer","floor":30,"turns":10},{"damage":14,"enemies":"Snecko","floor":31,"turns":5},{"damage":18,"enemies":"Collector","floor":33,"turns":9},{"damage":14,"enemies":"Orb Walker","floor":35,"turns":3},{"damage":10,"enemies":"3 Shapes","floor":37,"turns":2},{"damage":3,"enemies":"Sphere and 2 Shapes","floor":38,"turns":6},{"damage":0,"enemies":"Transient","floor":39,"turns":5},{"damage":35,"enemies":"Nemesis","floor":40,"turns":5},{"damage":0,"enemies":"Spire Growth","floor":41,"turns":4},{"damage":0,"enemies":"4 Shapes","floor":44,"turns":6},{"damage":0,"enemies":"Giant Head","floor":45,"turns":7},{"damage":11,"enemies":"Jaw Worm Horde","floor":47,"turns":4},{"damage":28,"enemies":"Awakened One","floor":50,"turns":12},{"damage":99,"enemies":"Shield and Spear","floor":54,"turns":7},{"damage":45,"enemies":"The Heart","floor":55,"turns":3}],"seed_played":"-6977414232968375736","potions_obtained":[{"floor":3,"key":"Energy Potion"},{"floor":7,"key":"FairyPotion"},{"floor":8,"key":"Poison Potion"},{"floor":13,"key":"Regen Potion"},{"floor":14,"key":"SkillPotion"},{"floor":16,"key":"SteroidPotion"},{"floor":18,"key":"PowerPotion"},{"floor":35,"key":"SteroidPotion"},{"floor":39,"key":"GamblersBrew"},{"floor":40,"key":"SteroidPotion"},{"floor":44,"key":"Ancient Potion"}],"is_trial":false,"path_per_floor":["M","M","M","$","M","R","?","E","T","?","M","R","E","M","R","B",null,"M","?","$","?","M","R","M","E","T","R","E","R","M","M","R","B",null,"M","?","M","M","M","E","M","$","T","M","E","R","M","?","R","B",null,"R","$","E","B"],"character_chosen":"DEFECT","items_purchased":["Gash","Defragment","Steam","Lantern","Gambling Chip","Machine Learning"],"campfire_rested":2,"item_purchase_floors":[4,20,20,42,42,53],"current_hp_per_floor":[75,75,75,75,71,71,66,43,43,43,43,43,42,44,44,58,79,62,55,55,55,55,55,57,57,57,57,47,47,48,44,44,40,61,53,53,51,60,61,32,42,42,42,50,65,65,58,58,65,51,65,65,65,10,0],"gold":38,"neow_bonus":"RANDOM_COMMON_RELIC","is_prod":false,"is_daily":false,"chose_seed":false,"campfire_upgraded":7,"win_rate":0,"timestamp":1559216613,"path_taken":["M","M","M","$","M","R","?","E","T","?","M","R","E","M","R","BOSS","M","?","$","?","?","R","M","E","T","R","E","R","M","M","R","BOSS","M","?","?","M","M","E","M","$","T","M","E","R","M","?","R","BOSS","R","$","E","BOSS"],"build_version":"2019-01-23","purchased_purges":2,"victory":false,"max_hp_per_floor":[75,75,75,75,75,75,75,75,75,75,75,75,77,79,79,79,79,79,55,55,55,55,55,57,57,57,57,59,59,59,61,61,61,61,61,61,61,61,61,63,63,63,63,63,65,65,65,65,65,65,65,65,65,65,65],"card_choices":[{"not_picked":["Steam","Fusion"],"picked":"Gash","floor":1},{"not_picked":["Scrape","Cold Snap"],"picked":"Gash","floor":2},{"not_picked":["Fusion","Hello World","Turbo"],"picked":"SKIP","floor":3},{"not_picked":["Beam Cell","BootSequence"],"picked":"Coolheaded","floor":5},{"not_picked":["Conserve Battery","Leap"],"picked":"Streamline","floor":7},{"not_picked":["Redo","Consume"],"picked":"Compile Driver","floor":8},{"not_picked":["Hologram","Genetic Algorithm"],"picked":"Sweeping Beam","floor":11},{"not_picked":["Hello World","Reboot","Barrage"],"picked":"Singing Bowl","floor":13},{"not_picked":["Ball Lightning","Redo","Rebound"],"picked":"Singing Bowl","floor":14},{"not_picked":["Hyperbeam","Seek"],"picked":"Machine Learning","floor":16},{"not_picked":["Redo","Sunder"],"picked":"Hologram","floor":18},{"not_picked":["Leap","Chaos"],"picked":"Steam","floor":22},{"not_picked":["Scrape","Defragment","Ball Lightning"],"picked":"Singing Bowl","floor":24},{"not_picked":["Reprogram","Barrage"],"picked":"Cold Snap+1","floor":25},{"not_picked":["Recycle","Sunder","Barrage+1"],"picked":"Singing Bowl","floor":28},{"not_picked":["Beam Cell+1","Aggregate+1"],"picked":"Cold Snap+1","floor":30},{"not_picked":["Leap","Hologram","Double Energy"],"picked":"Singing Bowl","floor":31},{"not_picked":["Amplify","Thunder Strike+1"],"picked":"Fission","floor":33},{"not_picked":["Force Field","Leap+1"],"picked":"Hologram+1","floor":35},{"not_picked":["Melter+1","Conserve Battery+1"],"picked":"Go for the Eyes+1","floor":37},{"not_picked":["Leap+1","Steam Power"],"picked":"Compile Driver+1","floor":38},{"not_picked":["Beam Cell+1","Genetic Algorithm+1"],"picked":"Sweeping Beam+1","floor":39},{"not_picked":["Leap","Double Energy+1","Steam"],"picked":"Singing Bowl","floor":40},{"not_picked":["Melter+1","Recycle"],"picked":"Conserve Battery+1","floor":41},{"not_picked":["Leap+1","Lockon+1"],"picked":"Gash+1","floor":44},{"not_picked":["Genetic Algorithm+1","Barrage+1","Hello World"],"picked":"Singing Bowl","floor":45},{"not_picked":["Loop","Darkness+1"],"picked":"Auto Shields+1","floor":47},{"not_picked":["Storm","Beam Cell+1"],"picked":"FTL+1","floor":54}],"player_experience":1516105,"relics_obtained":[{"floor":7,"key":"Odd Mushroom"},{"floor":8,"key":"Singing Bowl"},{"floor":9,"key":"Shuriken"},{"floor":13,"key":"Dodecahedron"},{"floor":25,"key":"The Courier"},{"floor":28,"key":"Molten Egg 2"},{"floor":40,"key":"MawBank"},{"floor":43,"key":"Toxic Egg 2"},{"floor":45,"key":"Bottled Lightning"},{"floor":54,"key":"Pantograph"}],"event_choices":[{"damage_healed":0,"gold_gain":0,"player_choice":"Fought Mushrooms","damage_taken":0,"max_hp_gain":0,"max_hp_loss":0,"event_name":"Mushrooms","floor":7,"gold_loss":0},{"cards_removed":["Strike_B"],"damage_healed":0,"gold_gain":0,"player_choice":"Card Removal","damage_taken":0,"max_hp_gain":0,"max_hp_loss":0,"event_name":"The Cleric","floor":10,"gold_loss":50},{"damage_healed":0,"gold_gain":0,"player_choice":"Became a vampire","damage_taken":0,"max_hp_gain":0,"max_hp_loss":24,"event_name":"Vampires","floor":19,"gold_loss":0,"cards_obtained":["Bite","Bite","Bite","Bite","Bite"]},{"damage_healed":0,"gold_gain":0,"player_choice":"Copied","damage_taken":0,"max_hp_gain":0,"max_hp_loss":0,"event_name":"Duplicator","floor":21,"gold_loss":0,"cards_obtained":["Coolheaded"]},{"damage_healed":0,"gold_gain":0,"player_choice":"Cursed","damage_taken":0,"max_hp_gain":0,"max_hp_loss":0,"event_name":"Wheel of Change","floor":36,"gold_loss":0,"cards_obtained":["Decay"]},{"cards_removed":["Decay"],"damage_healed":0,"gold_gain":0,"player_choice":"Purged","damage_taken":0,"max_hp_gain":0,"max_hp_loss":0,"event_name":"Purifier","floor":48,"gold_loss":0}],"is_beta":false,"boss_relics":[{"not_picked":["Snecko Eye","Pandora\u0027s Box"],"picked":"Lizard Tail"},{"not_picked":["Calling Bell","Astrolabe"],"picked":"Fusion Hammer"}],"items_purged_floors":[4,20],"is_endless":false,"potions_floor_spawned":[3,7,8,13,14,16,18,22,35,39,40,44],"killed_by":"The Heart","ascension_level":0}