{"gold_per_floor":[118,136,153,153,167,167,208,208,208,233,272,297,297,297,297,423,423,446,464,482,392,4,43,84,84,109,129,129,164,164,164,164,295,295,309,309,434,336,357,396,396,396,420,420,463,463,111,124,124,124,124,124,20,61,61],"floor_reached":56,"playtime":2163,"items_purged":["Strike_R","Strike_R","Strike_R","Strike_R"],"score":1371,"play_id":"1b6cd75c-770e-48e1-9595-d25943bfd6e8","local_time":"20190524103831","is_ascension_mode":false,"campfire_choices":[{"data":"Bash","floor":6,"key":"SMITH"},{"data":"Rampage","floor":13,"key":"SMITH"},{"data":"Flame Barrier","floor":15,"key":"SMITH"},{"data":"Demon Form","floor":25,"key":"SMITH"},{"floor":28,"key":"REST"},{"data":"Shockwave","floor":30,"key":"SMITH"},{"floor":32,"key":"RECALL"},{"data":"Limit Break","floor":42,"key":"SMITH"},{"data":"1","floor":44,"key":"LIFT"},{"data":"2","floor":49,"key":"LIFT"},{"data":"3","floor":52,"key":"LIFT"}],"neow_cost":"NONE","seed_source_timestamp":218904279281530,"circlet_count":0,"master_deck":["Defend_R","Defend_R","Defend_R+1","Defend_R","Bash+1","Cleave","Rampage+1","Dropkick","Shrug It Off","Headbutt","Flame Barrier+1","Thunderclap","Demon Form+1","Shockwave+1","Shrug It Off+1","Burning Pact+1","Flame Barrier+1","Limit Break+1","Defend_G","True Grit+1","Seeing Red","Shrug It Off+1","Seeing Red+1","Impervious+1","Reaper","True Grit+1","Bloodletting+1"],"relics":["Burning Blood","Bag of Preparation","Golden Idol","Vajra","Ornamental Fan","WingedGreaves","GremlinMask","Velvet Choker","Pocketwatch","FossilizedHelix","Smiling Mask","Juzu Bracelet","Nunchaku","Runic Pyramid","Girya","Pen Nib","Toxic Egg 2","Happy Flower"],"potions_floor_usage":[16,20,33,33,54,55],"damage_taken":[{"damage":1,"enemies":"Cultist","floor":1,"turns":3},{"damage":0,"enemies":"2 Louse","floor":2,"turns":2},{"damage":6,"enemies":"Jaw Worm","floor":3,"turns":5},{"damage":1,"enemies":"2 Fungi Beasts","floor":5,"turns":3},{"damage":14,"enemies":"Gremlin Nob","floor":7,"turns":3},{"damage":2,"enemies":"Gremlin Gang","floor":10,"turns":3},{"damage":16,"enemies":"3 Sentries","floor":11,"turns":6},{"damage":5,"enemies":"Looter","floor":12,"turns":3},{"damage":40,"enemies":"Slime Boss","floor":16,"turns":11},{"damage":2,"enemies":"Chosen","floor":18,"turns":4},{"damage":3,"enemies":"Shell Parasite","floor":19,"turns":4},{"damage":14,"enemies":"Sentry and Sphere","floor":20,"turns":5},{"damage":29,"enemies":"Slavers","floor":23,"turns":4},{"damage":17,"enemies":"Book of Stabbing","floor":24,"turns":6},{"damage":0,"enemies":"Snake Plant","floor":27,"turns":4},{"damage":27,"enemies":"Slavers","floor":29,"turns":6},{"damage":0,"enemies":"Champ","floor":33,"turns":8},{"damage":0,"enemies":"3 Darklings","floor":35,"turns":4},{"damage":0,"enemies":"Mind Bloom Boss Battle","floor":37,"turns":7},{"damage":0,"enemies":"Orb Walker","floor":39,"turns":4},{"damage":27,"enemies":"Reptomancer","floor":40,"turns":7},{"damage":0,"enemies":"Giant Head","floor":45,"turns":6},{"damage":12,"enemies":"Transient","floor":48,"turns":5},{"damage":23,"enemies":"Donu and Deca","floor":50,"turns":7},{"damage":36,"enemies":"Shield and Spear","floor":54,"turns":7},{"damage":94,"enemies":"The Heart","floor":55,"turns":9}],"seed_played":"1818489610786825975","potions_obtained":[{"floor":2,"key":"Swift Potion"},{"floor":7,"key":"Ancient Potion"},{"floor":10,"key":"Regen Potion"},{"floor":18,"key":"AttackPotion"},{"floor":27,"key":"SpeedPotion"},{"floor":33,"key":"SteroidPotion"}],"is_trial":false,"path_per_floor":["M","M","M","?","M","R","E","?","T","M","E","M","R","?","R","B",null,"M","M","M","?","$","E","E","R","T","M","R","E","R","?","R","B",null,"M","?","?","$","M","E","?","R","T","R","E","?","$","M","R","B",null,"R","$","E","B",null],"character_chosen":"IRONCLAD","items_purchased":["Pocketwatch","Explosive Potion","Impervious+1","Reaper","True Grit+1"],"campfire_rested":1,"item_purchase_floors":[22,38,47,47,53],"current_hp_per_floor":[80,80,80,60,65,65,57,57,57,61,51,52,52,52,52,18,80,80,80,72,72,72,49,38,38,38,44,68,47,47,47,47,53,80,80,80,80,80,80,59,59,59,59,59,65,65,65,71,71,76,76,76,76,76,21],"gold":61,"neow_bonus":"RANDOM_COMMON_RELIC","is_prod":false,"is_daily":false,"chose_seed":false,"campfire_upgraded":6,"win_rate":0,"timestamp":1558690711,"path_taken":["M","M","?","?","M","R","E","?","T","?","E","M","R","?","R","BOSS","M","M","?","?","$","E","E","R","T","M","R","E","R","?","R","BOSS","M","?","?","$","M","E","?","R","T","R","E","?","$","M","R","BOSS","R","$","E","BOSS"],"build_version":"2019-01-23","purchased_purges":4,"victory":true,"max_hp_per_floor":[80,80,80,80,80,80,80,80,80,80,80,80,80,80,80,80,80,80,80,80,80,80,80,80,80,80,80,80,80,80,80,80,80,80,80,80,80,80,80,80,80,80,80,80,80,76,76,76,76,76,76,76,76,76,76],"card_choices":[{"not_picked":["Sword Boomerang","True Grit"],"picked":"Cleave","floor":1},{"not_picked":["Body Slam","Iron Wave"],"picked":"Rampage","floor":2},{"not_picked":["Anger","Heavy Blade"],"picked":"Dropkick","floor":3},{"not_picked":["Havoc","Blood for Blood","Wild Strike"],"picked":"SKIP","floor":5},{"not_picked":["Armaments","Pummel"],"picked":"Shrug It Off","floor":7},{"not_picked":["Feel No Pain","Twin Strike"],"picked":"Headbutt","floor":10},{"not_picked":["Metallicize","Seeing Red"],"picked":"Flame Barrier","floor":11},{"not_picked":["Thunderclap","Havoc","Flame Barrier"],"picked":"SKIP","floor":12},{"not_picked":["Havoc","Flame Barrier"],"picked":"Thunderclap","floor":12},{"not_picked":["Dark Embrace","Reaper"],"picked":"Demon Form","floor":16},{"not_picked":["Cleave","Clash"],"picked":"Shockwave","floor":18},{"not_picked":["Twin Strike","Entrench","Hemokinesis+1"],"picked":"SKIP","floor":19},{"not_picked":["Reckless Charge","Sever Soul","Power Through+1"],"picked":"SKIP","floor":20},{"not_picked":["Bloodletting","Cleave+1"],"picked":"Shrug It Off+1","floor":23},{"not_picked":["Flex+1","Flame Barrier"],"picked":"Havoc","floor":24},{"not_picked":["Combust","Spot Weakness+1","Thunderclap"],"picked":"SKIP","floor":27},{"not_picked":["Carnage","Body Slam"],"picked":"Burning Pact+1","floor":29},{"not_picked":["Immolate","Bludgeon"],"picked":"Limit Break","floor":33},{"not_picked":["Perfected Strike","Body Slam","Fire Breathing"],"picked":"SKIP","floor":35},{"not_picked":["Sword Boomerang","Havoc"],"picked":"True Grit+1","floor":37},{"not_picked":["Warcry","Demon Form"],"picked":"Seeing Red","floor":39},{"not_picked":["Clash","Burning Pact+1"],"picked":"Shrug It Off+1","floor":40},{"not_picked":["Pommel Strike","Fire Breathing"],"picked":"Seeing Red+1","floor":45},{"not_picked":["Power Through+1","Havoc+1","Pommel Strike+1"],"picked":"SKIP","floor":48},{"not_picked":["Burning Pact+1","Flex+1"],"picked":"Bloodletting+1","floor":54}],"player_experience":1483307,"relics_obtained":[{"floor":7,"key":"Vajra"},{"floor":9,"key":"Ornamental Fan"},{"floor":11,"key":"WingedGreaves"},{"floor":23,"key":"FossilizedHelix"},{"floor":24,"key":"Smiling Mask"},{"floor":26,"key":"Juzu Bracelet"},{"floor":29,"key":"Nunchaku"},{"floor":37,"key":"Girya"},{"floor":40,"key":"Pen Nib"},{"floor":45,"key":"Toxic Egg 2"},{"floor":54,"key":"Happy Flower"}],"event_choices":[{"damage_healed":0,"gold_gain":0,"player_choice":"Take Damage","damage_taken":20,"relics_obtained":["Golden Idol"],"max_hp_gain":0,"max_hp_loss":0,"event_name":"Golden Idol","floor":4,"gold_loss":0},{"damage_healed":0,"gold_gain":0,"player_choice":"Ignored","damage_taken":0,"max_hp_gain":0,"max_hp_loss":0,"event_name":"Liars Game","floor":8,"gold_loss":0},{"damage_healed":0,"gold_gain":0,"player_choice":"Trade","damage_taken":0,"relics_obtained":["GremlinMask"],"max_hp_gain":0,"max_hp_loss":0,"event_name":"FaceTrader","floor":14,"gold_loss":0},{"cards_removed":["Strike_R"],"damage_healed":0,"gold_gain":0,"player_choice":"Upgrade and Remove","damage_taken":0,"max_hp_gain":0,"max_hp_loss":0,"event_name":"Designer","floor":21,"gold_loss":90,"cards_upgraded":["Defend_R"]},{"damage_healed":0,"gold_gain":0,"player_choice":"Copied","damage_taken":0,"max_hp_gain":0,"max_hp_loss":0,"event_name":"Duplicator","floor":31,"gold_loss":0,"cards_obtained":["Flame Barrier"]},{"cards_removed":["Havoc"],"damage_healed":0,"gold_gain":0,"player_choice":"Took Card","damage_taken":0,"max_hp_gain":0,"max_hp_loss":0,"event_name":"NoteForYourself","floor":36,"gold_loss":0,"cards_obtained":["Defend_G"]},{"damage_healed":0,"gold_gain":0,"player_choice":"Fight","damage_taken":0,"max_hp_gain":0,"max_hp_loss":0,"event_name":"MindBloom","floor":37,"gold_loss":0},{"damage_healed":0,"gold_gain":0,"player_choice":"Bought 0 Potions","damage_taken":0,"max_hp_gain":0,"max_hp_loss":0,"event_name":"The Woman in Blue","floor":41,"gold_loss":0},{"damage_healed":0,"gold_gain":0,"player_choice":"Max HP","damage_taken":0,"max_hp_gain":0,"max_hp_loss":4,"event_name":"Winding Halls","floor":46,"gold_loss":0}],"is_beta":false,"boss_relics":[{"not_picked":["Orrery","Runic Cube"],"picked":"Velvet Choker"},{"not_picked":["Empty Cage","Black Blood"],"picked":"Runic Pyramid"}],"items_purged_floors":[22,38,47,53],"is_endless":false,"potions_floor_spawned":[2,7,10,11,18,27,33,45,48],"ascension_level":0}