{"gold_per_floor":[113,113,138,162,177,177,191,191,242,242,280,20,195,219,219,339,339,362,362,382,395,38,38,77,90,90,90,115,115,115,143,143,143],"floor_reached":33,"playtime":1904,"items_purged":[],"score":287,"play_id":"d13d2566-9530-40fe-a783-de5e4e4e2965","local_time":"20190913000937","is_ascension_mode":false,"campfire_choices":[{"floor":6,"key":"REST"},{"floor":10,"key":"REST"},{"floor":15,"key":"REST"},{"floor":27,"key":"REST"},{"floor":29,"key":"REST"},{"floor":32,"key":"REST"}],"neow_cost":"PERCENT_DAMAGE","seed_source_timestamp":54843832817600,"circlet_count":0,"master_deck":["Strike_R","Strike_R","Strike_R","Strike_R","Strike_R","Defend_R","Defend_R","Defend_R","Defend_R","Bash","Berserk","Combust","Injury","Carnage","Second Wind","Anger","Sever Soul","Carnage","Feed","Wild Strike","Injury","Offering+1","Rupture+1","Pommel Strike","Anger","Combust","Rupture+1","Perfected Strike","Pommel Strike","Disarm+1"],"relics":["Burning Blood","Bloody Idol","Mummified Hand","Oddly Smooth Stone","Pen Nib","Toxic Egg 2","Fusion Hammer","Bottled Lightning","Mercury Hourglass","Self Forming Clay","Red Skull"],"potions_floor_usage":[11,16,16,16,33,33],"damage_taken":[{"damage":6,"enemies":"2 Louse","floor":1,"turns":3},{"damage":17,"enemies":"Small Slimes","floor":3,"turns":4},{"damage":13,"enemies":"Jaw Worm","floor":4,"turns":3},{"damage":10,"enemies":"Red Slaver","floor":5,"turns":3},{"damage":22,"enemies":"3 Louse","floor":7,"turns":4},{"damage":15,"enemies":"Lagavulin","floor":11,"turns":5},{"damage":4,"enemies":"Looter","floor":14,"turns":3},{"damage":45,"enemies":"The Guardian","floor":16,"turns":8},{"damage":11,"enemies":"Chosen","floor":18,"turns":4},{"damage":4,"enemies":"Spheric Guardian","floor":20,"turns":3},{"damage":38,"enemies":"Snake Plant","floor":21,"turns":5},{"damage":23,"enemies":"Book of Stabbing","floor":24,"turns":3},{"damage":13,"enemies":"Snecko","floor":25,"turns":3},{"damage":21,"enemies":"Shelled Parasite and Fungi","floor":28,"turns":4},{"damage":37,"enemies":"Gremlin Leader","floor":31,"turns":4},{"damage":100,"enemies":"Automaton","floor":33,"turns":6}],"seed_played":"2591353964304745994","potions_obtained":[{"floor":1,"key":"EssenceOfSteel"},{"floor":3,"key":"PowerPotion"},{"floor":7,"key":"Fruit Juice"},{"floor":11,"key":"Ancient Potion"},{"floor":21,"key":"Block Potion"},{"floor":25,"key":"Poison Potion"}],"is_trial":false,"path_per_floor":["M","?","M","M","M","R","M","?","T","R","E","$","?","M","R","B",null,"M","?","M","M","$","?","E","M","T","R","M","R","?","E","R","B"],"character_chosen":"IRONCLAD","items_purchased":["Toxic Egg 2","Anger","Bottled Lightning","Combust"],"campfire_rested":6,"item_purchase_floors":[12,22,22,22],"current_hp_per_floor":[56,56,45,38,34,58,42,35,35,59,55,55,55,57,82,43,85,80,80,85,53,53,53,36,32,32,59,47,75,75,49,77,0],"gold":143,"neow_bonus":"THREE_RARE_CARDS","is_prod":false,"is_daily":false,"chose_seed":false,"campfire_upgraded":0,"win_rate":0.0,"timestamp":1568358577,"path_taken":["M","?","M","M","M","R","M","?","T","R","E","$","?","?","R","BOSS","M","?","M","M","$","?","E","M","T","R","M","R","?","E","R","BOSS"],"build_version":"2019-07-17","purchased_purges":0,"victory":false,"max_hp_per_floor":[80,80,80,80,80,80,80,80,80,80,85,85,85,85,85,85,85,85,85,88,88,88,88,88,91,91,91,94,94,94,94,94,94],"card_choices":[{"not_picked":["Limit Break","Fiend Fire"],"picked":"Berserk","floor":0},{"not_picked":["Power Through","Anger"],"picked":"Combust","floor":1},{"not_picked":["Flex","Heavy Blade"],"picked":"Carnage","floor":3},{"not_picked":["Warcry","Hemokinesis"],"picked":"Second Wind","floor":4},{"not_picked":["Searing Blow","Shrug It Off"],"picked":"Anger","floor":5},{"not_picked":["Flame Barrier","Second Wind"],"picked":"Armaments","floor":7},{"not_picked":["Perfected Strike","Flame Barrier"],"picked":"Sever Soul","floor":11},{"not_picked":["Rampage","Flame Barrier+1"],"picked":"Carnage","floor":14},{"not_picked":["Immolate","Bludgeon"],"picked":"Feed","floor":16},{"not_picked":["Flex+1","Clothesline"],"picked":"Wild Strike","floor":18},{"not_picked":["Wild Strike","Iron Wave"],"picked":"Rupture+1","floor":20},{"not_picked":["Pummel","Whirlwind"],"picked":"Pommel Strike","floor":21},{"not_picked":["Juggernaut","Bludgeon"],"picked":"Rupture+1","floor":24},{"not_picked":["Heavy Blade","Anger"],"picked":"Perfected Strike","floor":25},{"not_picked":["Armaments+1","Wild Strike"],"picked":"Pommel Strike","floor":28},{"not_picked":["Iron Wave","Flame Barrier+1"],"picked":"Disarm+1","floor":31}],"player_experience":34769,"relics_obtained":[{"floor":9,"key":"Oddly Smooth Stone"},{"floor":11,"key":"Pen Nib"},{"floor":24,"key":"Mercury Hourglass"},{"floor":26,"key":"Self Forming Clay"},{"floor":31,"key":"Red Skull"}],"event_choices":[{"damage_healed":0,"gold_gain":0,"player_choice":"Take Wound","damage_taken":0,"relics_obtained":["Golden Idol"],"max_hp_gain":0,"max_hp_loss":0,"event_name":"Golden Idol","floor":2,"gold_loss":0,"cards_obtained":["Injury"]},{"damage_healed":0,"gold_gain":0,"player_choice":"Success","damage_taken":7,"relics_obtained":["Mummified Hand"],"max_hp_gain":0,"max_hp_loss":0,"event_name":"Scrap Ooze","floor":8,"gold_loss":0},{"damage_healed":0,"gold_gain":175,"player_choice":"AGREE","damage_taken":0,"max_hp_gain":0,"max_hp_loss":0,"event_name":"Liars Game","floor":13,"gold_loss":0,"cards_obtained":["Doubt"]},{"damage_healed":0,"gold_gain":0,"cards_transformed":["Doubt","Armaments"],"player_choice":"Became Test Subject","damage_taken":0,"max_hp_gain":0,"max_hp_loss":0,"event_name":"Drug Dealer","floor":19,"gold_loss":0,"cards_obtained":["Injury","Offering"]},{"damage_healed":0,"gold_gain":0,"player_choice":"Ignored","damage_taken":0,"max_hp_gain":0,"max_hp_loss":0,"event_name":"Ghosts","floor":23,"gold_loss":0},{"damage_healed":0,"gold_gain":0,"player_choice":"Gave Idol","damage_taken":0,"relics_obtained":["Bloody Idol"],"max_hp_gain":0,"max_hp_loss":0,"event_name":"Forgotten Altar","floor":30,"relics_lost":["Golden Idol"],"gold_loss":0}],"is_beta":false,"boss_relics":[{"not_picked":["Cursed Key","Orrery"],"picked":"Fusion Hammer"}],"items_purged_floors":[],"is_endless":false,"potions_floor_spawned":[1,3,7,11,21,25],"killed_by":"Automaton","ascension_level":0}