{"gold_per_floor":[367,367,37,48,66,100,118,149,173,173,26,26,26,41,41,162,162,187,187,36,36,36,36,74,74,74,98,98],"floor_reached":28,"playtime":619,"items_purged":["Regret","Strike_R","Strike_R"],"score":281,"play_id":"e08ff185-b6bb-4403-a72b-fa902c2b3d04","local_time":"20190418233849","is_ascension_mode":true,"campfire_choices":[{"data":"Infernal Blade","floor":10,"key":"SMITH"},{"floor":12,"key":"REST"},{"floor":15,"key":"REST"},{"data":"Clothesline","floor":23,"key":"SMITH"},{"data":"Thunderclap","floor":25,"key":"SMITH"}],"neow_cost":"TEN_PERCENT_HP_LOSS","seed_source_timestamp":2265770442080300,"circlet_count":0,"master_deck":["Strike_R","Defend_R","Defend_R","Defend_R","Bash","Armaments","Thunderclap+1","Rampage","Flex","Pommel Strike","Infernal Blade+1","Clothesline+1","Disarm","Immolate","Combust+1","Dark Embrace+1","Pummel+1","True Grit","Cleave","Cleave","Shrug It Off","Cleave"],"relics":["Burning Blood","Meat on the Bone","Frozen Egg 2","Vajra","Boot","Anchor","Golden Idol","Astrolabe","Blood Vial","Sundial"],"potions_floor_usage":[7,8,16,24,24,27,27],"damage_taken":[{"damage":9,"enemies":"Jaw Worm","floor":1,"turns":3},{"damage":7,"enemies":"2 Louse","floor":4,"turns":3},{"damage":15,"enemies":"Small Slimes","floor":5,"turns":4},{"damage":32,"enemies":"Gremlin Nob","floor":6,"turns":4},{"damage":0,"enemies":"2 Fungi Beasts","floor":7,"turns":2},{"damage":40,"enemies":"3 Sentries","floor":8,"turns":7},{"damage":9,"enemies":"Blue Slaver","floor":14,"turns":3},{"damage":22,"enemies":"Slime Boss","floor":16,"turns":10},{"damage":3,"enemies":"Chosen","floor":18,"turns":4},{"damage":39,"enemies":"Slavers","floor":24,"turns":4},{"damage":1,"enemies":"2 Thieves","floor":27,"turns":2},{"damage":49,"enemies":"Sentry and Sphere","floor":28,"turns":5}],"seed_played":"-3467274057368020043","potions_obtained":[{"floor":6,"key":"EssenceOfSteel"},{"floor":7,"key":"SteroidPotion"},{"floor":14,"key":"Regen Potion"},{"floor":22,"key":"BloodPotion"},{"floor":22,"key":"PowerPotion"},{"floor":22,"key":"Poison Potion"},{"floor":24,"key":"Explosive Potion"}],"is_trial":false,"path_per_floor":["M","?","$","M","M","E","M","E","T","R","$","R","?","M","R","B",null,"M","?","$","?","?","R","E","R","T","M","M"],"character_chosen":"IRONCLAD","items_purchased":["Frozen Egg 2","Clothesline","Cleave"],"campfire_rested":2,"item_purchase_floors":[3,11,20],"current_hp_per_floor":[69,69,69,68,59,45,51,29,29,29,29,50,50,47,67,56,67,67,67,67,67,67,67,40,40,40,47,0],"gold":98,"neow_bonus":"TWO_FIFTY_GOLD","is_prod":false,"is_daily":false,"chose_seed":false,"campfire_upgraded":3,"win_rate":0,"timestamp":1555619929,"path_taken":["M","?","$","M","M","E","M","E","T","R","$","R","?","M","R","BOSS","M","?","$","?","?","R","E","R","T","M","M"],"build_version":"2019-01-23","purchased_purges":3,"victory":false,"max_hp_per_floor":[72,72,72,72,72,72,72,72,72,72,72,72,67,67,67,67,67,67,67,67,67,67,67,67,67,67,67,67],"card_choices":[{"not_picked":["Clothesline","Cleave"],"picked":"Armaments","floor":1},{"not_picked":["True Grit","Rage"],"picked":"Thunderclap","floor":4},{"not_picked":["Pummel","True Grit"],"picked":"Rampage","floor":5},{"not_picked":["Brutality+1","Warcry"],"picked":"Flex","floor":6},{"not_picked":["Perfected Strike","Evolve+1"],"picked":"Pommel Strike","floor":7},{"not_picked":["Twin Strike","Cleave"],"picked":"Infernal Blade","floor":8},{"not_picked":["Havoc","Heavy Blade"],"picked":"Disarm","floor":14},{"not_picked":["Feed","Juggernaut+1"],"picked":"Immolate","floor":16},{"not_picked":["Warcry","Body Slam"],"picked":"True Grit","floor":18},{"not_picked":["Perfected Strike","Carnage"],"picked":"Shrug It Off","floor":24},{"not_picked":["Headbutt","Disarm"],"picked":"Cleave","floor":27}],"player_experience":315119,"relics_obtained":[{"floor":6,"key":"Vajra"},{"floor":8,"key":"Boot"},{"floor":9,"key":"Anchor"},{"floor":24,"key":"Blood Vial"},{"floor":26,"key":"Sundial"}],"event_choices":[{"damage_healed":0,"gold_gain":0,"player_choice":"Box","damage_taken":0,"relics_obtained":["Meat on the Bone"],"max_hp_gain":0,"max_hp_loss":0,"event_name":"Big Fish","floor":2,"gold_loss":0,"cards_obtained":["Regret"]},{"damage_healed":0,"gold_gain":0,"player_choice":"Lose Max HP","damage_taken":0,"relics_obtained":["Golden Idol"],"max_hp_gain":0,"max_hp_loss":5,"event_name":"Golden Idol","floor":13,"gold_loss":0},{"damage_healed":0,"gold_gain":0,"player_choice":"Ignored","damage_taken":0,"max_hp_gain":0,"max_hp_loss":0,"event_name":"Ghosts","floor":19,"gold_loss":0},{"damage_healed":0,"gold_gain":0,"player_choice":"Read","damage_taken":0,"max_hp_gain":0,"max_hp_loss":0,"event_name":"The Library","floor":21,"gold_loss":0,"cards_obtained":["Cleave"]},{"damage_healed":0,"gold_gain":0,"player_choice":"Got Potions","damage_taken":0,"max_hp_gain":0,"max_hp_loss":0,"event_name":"Lab","floor":22,"gold_loss":0}],"is_beta":false,"boss_relics":[{"not_picked":["Orrery","Eternal Feather"],"picked":"Astrolabe"}],"items_purged_floors":[3,11,20],"is_endless":false,"potions_floor_spawned":[6,7,14,24],"killed_by":"Sentry and Sphere","ascension_level":3}