{"gold_per_floor":[109,34,34,54,229,259,274,274,350,381,409,432,414,426,438,450],"floor_reached":16,"playtime":751,"items_purged":["Defend_R"],"score":110,"play_id":"0617b7be-57c0-45a1-90be-c6e4d3eb581a","local_time":"20180721134000","is_ascension_mode":false,"campfire_choices":[{"floor":8,"key":"REST"},{"floor":15,"key":"REST"}],"neow_cost":"NONE","seed_source_timestamp":600912236925184,"circlet_count":0,"master_deck":["Strike_R","Strike_R","Strike_R","Strike_R","Strike_R","Defend_R","Defend_R","Defend_R","Bash","Iron Wave","Normality","True Grit","Doubt","Thunderclap","Dual Wield","Second Wind"],"relics":["Black Star","Regal Pillow","Blood Vial","Strawberry","Singing Bowl","MawBank","Omamori"],"potions_floor_usage":[10],"damage_taken":[{"damage":13,"enemies":"Cultist","floor":1,"turns":5},{"damage":0,"enemies":"2 Louse","floor":4,"turns":3},{"damage":36,"enemies":"Gremlin Nob","floor":6,"turns":5},{"damage":8,"enemies":"Jaw Worm","floor":7,"turns":7},{"damage":30,"enemies":"3 Sentries","floor":10,"turns":9},{"damage":41,"enemies":"Large Slime","floor":11,"turns":9},{"damage":9,"enemies":"Blue Slaver","floor":12,"turns":8},{"damage":0,"enemies":"Looter","floor":13,"turns":4},{"damage":86,"enemies":"Hexaghost","floor":16,"turns":12}],"seed_played":"1150602480733186493","potions_obtained":[{"floor":4,"key":"Strength Potion"},{"floor":11,"key":"Swift Potion"},{"floor":12,"key":"LiquidBronze"}],"is_trial":false,"path_per_floor":["M","$","?","M","?","E","M","R","T","E","M","M","M","?","R"],"character_chosen":"IRONCLAD","items_purchased":[],"campfire_rested":2,"item_purchase_floors":[],"current_hp_per_floor":[67,67,67,67,67,38,32,73,73,45,8,3,7,38,80,0],"gold":450,"neow_bonus":"BOSS_RELIC","is_prod":false,"is_daily":false,"chose_seed":false,"campfire_upgraded":0,"win_rate":0,"timestamp":1532169600,"path_taken":["M","$","?","M","?","E","M","R","T","E","M","M","M","?","R","BOSS"],"build_version":"2018-07-19v2","purchased_purges":1,"victory":false,"max_hp_per_floor":[80,80,80,80,80,87,87,87,87,87,89,91,93,93,93,93],"card_choices":[{"not_picked":["Anger","Havoc"],"picked":"Iron Wave","floor":1},{"not_picked":["Battle Trance","Dropkick"],"picked":"True Grit","floor":4},{"not_picked":["Iron Wave","Havoc"],"picked":"Thunderclap","floor":6},{"not_picked":["Metallicize","Shrug It Off"],"picked":"Dual Wield","floor":7},{"not_picked":["Rage","Iron Wave"],"picked":"Second Wind","floor":10},{"not_picked":["Feel No Pain","Clash","Havoc"],"picked":"Singing Bowl","floor":11},{"not_picked":["Headbutt","Thunderclap","Iron Wave"],"picked":"Singing Bowl","floor":12},{"not_picked":["Body Slam","Pommel Strike","Feed"],"picked":"Singing Bowl","floor":13}],"player_experience":135936,"relics_obtained":[{"floor":6,"key":"Blood Vial"},{"floor":6,"key":"Strawberry"},{"floor":9,"key":"Singing Bowl"},{"floor":10,"key":"MawBank"},{"floor":10,"key":"Omamori"}],"event_choices":[{"event_name":"Accursed Blacksmith","player_choice":"Rummage","floor":3,"damage_taken":0},{"event_name":"Liars Game","player_choice":"agreed","floor":5,"damage_taken":0},{"event_name":"Big Fish","player_choice":"Banana","floor":14,"damage_taken":0}],"is_beta":false,"boss_relics":[],"items_purged_floors":[2],"is_endless":false,"potions_floor_spawned":[4,11,12],"killed_by":"Hexaghost","ascension_level":0}