{"gold_per_floor":[111,111,111,135,151,151,187,187,187,187,201,215,259,284,284,284],"floor_reached":16,"playtime":802,"items_purged":[],"score":151,"play_id":"6be19f32-2185-41c6-9a1a-b1254766b966","local_time":"20191013055158","is_ascension_mode":true,"campfire_choices":[{"data":"Uppercut","floor":6.0,"key":"SMITH"},{"floor":8.0,"key":"REST"},{"floor":15,"key":"REST"}],"neow_cost":"NONE","seed_source_timestamp":191253422030200,"circlet_count":0,"master_deck":["Strike_R","Strike_R","Strike_R","Defend_R","Defend_R","Defend_R","Defend_R","Bash","Uppercut+1","Pommel Strike","Seeing Red","Sword Boomerang","Battle Trance"],"special_seed":0,"relics":["Burning Blood","Strawberry","Golden Idol","Bottled Flame","Singing Bowl","Juzu Bracelet"],"potions_floor_usage":[16],"damage_taken":[{"damage":3.0,"enemies":"2 Louse","floor":1.0,"turns":3.0},{"damage":8.0,"enemies":"Small Slimes","floor":4.0,"turns":3.0},{"damage":6.0,"enemies":"Cultist","floor":5.0,"turns":3.0},{"damage":35.0,"enemies":"3 Sentries","floor":7.0,"turns":10.0},{"damage":19.0,"enemies":"Lots of Slimes","floor":11.0,"turns":7.0},{"damage":5.0,"enemies":"Blue Slaver","floor":12.0,"turns":3.0},{"damage":31.0,"enemies":"Lagavulin","floor":13.0,"turns":7.0},{"damage":0,"enemies":"Exordium Wildlife","floor":14,"turns":3},{"damage":79,"enemies":"Slime Boss","floor":16,"turns":14}],"seed_played":"-1339045756080572075","potions_obtained":[{"floor":1.0,"key":"Dexterity Potion"},{"floor":11.0,"key":"Dexterity Potion"},{"floor":13.0,"key":"FairyPotion"}],"is_trial":false,"path_per_floor":["M","?","?","M","M","R","E","R","T","?","M","M","E","M","R","B"],"character_chosen":"IRONCLAD","items_purchased":[],"campfire_rested":2,"item_purchase_floors":[],"current_hp_per_floor":[82,82,61,59,59,59,30,56,56,56,43,46,23,29,56,0],"gold":284,"neow_bonus":"RANDOM_COMMON_RELIC","is_prod":false,"is_daily":false,"chose_seed":false,"campfire_upgraded":1,"win_rate":0,"timestamp":1570938718,"path_taken":["M","?","?","M","M","R","E","R","T","?","M","?","E","M","R","BOSS"],"build_version":"2019-07-17","purchased_purges":0,"victory":false,"max_hp_per_floor":[87,87,87,87,87,87,87,87,87,87,87,89,91,91,91,91],"card_choices":[{"not_picked":["Dropkick","Twin Strike"],"picked":"Uppercut","floor":1.0},{"not_picked":["Clash","Twin Strike"],"picked":"Pommel Strike","floor":4.0},{"not_picked":["Fire Breathing","Body Slam"],"picked":"Seeing Red","floor":5.0},{"not_picked":["Anger","Warcry","Flex"],"picked":"SKIP","floor":7.0},{"not_picked":["Power Through","Havoc"],"picked":"Sword Boomerang","floor":11.0},{"not_picked":["Berserk","Havoc","Headbutt"],"picked":"Singing Bowl","floor":12.0},{"not_picked":["Headbutt","Rupture","Flex"],"picked":"Singing Bowl","floor":13.0},{"not_picked":["Thunderclap","Armaments"],"picked":"Battle Trance","floor":14}],"player_experience":261074,"relics_obtained":[{"floor":7.0,"key":"Bottled Flame"},{"floor":9.0,"key":"Singing Bowl"},{"floor":13.0,"key":"Juzu Bracelet"}],"event_choices":[{"cards_removed":["Strike_R"],"damage_healed":0.0,"max_hp_gain":0.0,"max_hp_loss":0.0,"gold_gain":0.0,"event_name":"Living Wall","player_choice":"Forget","floor":2.0,"gold_loss":0.0,"damage_taken":0.0},{"damage_healed":0.0,"max_hp_gain":0.0,"max_hp_loss":0.0,"gold_gain":0.0,"event_name":"Golden Idol","player_choice":"Take Damage","floor":3.0,"gold_loss":0.0,"damage_taken":21.0,"relics_obtained":["Golden Idol"]},{"cards_removed":["Strike_R"],"damage_healed":0.0,"max_hp_gain":0.0,"max_hp_loss":0.0,"gold_gain":0.0,"event_name":"Bonfire Elementals","player_choice":"Offered Basic","floor":10.0,"gold_loss":0.0,"damage_taken":0.0}],"is_beta":false,"boss_relics":[],"items_purged_floors":[],"is_endless":false,"potions_floor_spawned":[1,11,13],"killed_by":"Slime Boss","ascension_level":7}