{"gold_per_floor":[119,13,26,42,117,151,151,151,178,21,32,32,32,49,49,149,149,160,360,21,31,31,31,57,77,126,161,181,33,52,67,67,167,167,179,193,70,70,83,83,108,108,134,183,183,213,38,51,51,51,51,51,51,81,81],"floor_reached":56,"playtime":4036,"items_purged":["Strike_B","Defend_B"],"score":2011,"play_id":"d90b0394-5e0b-44d0-96a3-d3d5a1b5c094","local_time":"20191023225917","is_ascension_mode":true,"campfire_choices":[{"data":"Defragment","floor":7,"key":"SMITH"},{"data":"Zap","floor":13,"key":"SMITH"},{"floor":15,"key":"REST"},{"data":"Self Repair","floor":23,"key":"SMITH"},{"data":"Capacitor","floor":32,"key":"SMITH"},{"data":"Blizzard","floor":40,"key":"SMITH"},{"data":"Consume","floor":42,"key":"SMITH"},{"floor":49,"key":"RECALL"},{"data":"Fission","floor":52,"key":"SMITH"}],"neow_cost":"NONE","seed_source_timestamp":1085749603861500,"circlet_count":0,"master_deck":["AscendersBane","Strike_B","Defend_B","Defend_B","Defend_B","Zap+1","Dualcast","Defragment+1","Capacitor+1","Streamline","Cold Snap","Genetic Algorithm","Cold Snap","Conserve Battery","Consume+1","Echo Form","Coolheaded+1","Self Repair+1","Cold Snap+1","Glacier","Go for the Eyes+1","Electrodynamics","Compile Driver+1","Coolheaded+1","Fission+1","Barrage+1","Blizzard+1","Echo Form","Coolheaded+1","Turbo+1","Static Discharge+1"],"relics":["Cracked Core","Akabeko","Anchor","Art of War","Oddly Smooth Stone","Runic Dome","Pocketwatch","Calipers","Vajra","Blood Vial","OrangePellets","Snecko Eye","Bottled Tornado","Nunchaku","Toxic Egg 2","Bronze Scales"],"potions_floor_usage":[6,33,37,55,55],"damage_taken":[{"damage":0,"enemies":"2 Louse","floor":1,"turns":2},{"damage":0,"enemies":"Small Slimes","floor":3,"turns":2},{"damage":0,"enemies":"Cultist","floor":4,"turns":3},{"damage":25,"enemies":"3 Sentries","floor":6,"turns":7},{"damage":0,"enemies":"3 Louse","floor":11,"turns":3},{"damage":12,"enemies":"Exordium Thugs","floor":14,"turns":4},{"damage":18,"enemies":"Slime Boss","floor":16,"turns":16},{"damage":8,"enemies":"Shell Parasite","floor":18,"turns":5},{"damage":6,"enemies":"Spheric Guardian","floor":21,"turns":4},{"damage":22,"enemies":"Slavers","floor":24,"turns":8},{"damage":0,"enemies":"Snake Plant","floor":25,"turns":7},{"damage":0,"enemies":"Gremlin Leader","floor":27,"turns":12},{"damage":6,"enemies":"Snecko","floor":28,"turns":7},{"damage":0,"enemies":"Cultist and Chosen","floor":30,"turns":8},{"damage":0,"enemies":"Centurion and Healer","floor":31,"turns":5},{"damage":0,"enemies":"Collector","floor":33,"turns":11},{"damage":8,"enemies":"3 Darklings","floor":35,"turns":7},{"damage":0,"enemies":"Orb Walker","floor":36,"turns":2},{"damage":0,"enemies":"Maw","floor":39,"turns":5},{"damage":0,"enemies":"Reptomancer","floor":41,"turns":6},{"damage":23,"enemies":"2 Orb Walkers","floor":44,"turns":5},{"damage":0,"enemies":"Giant Head","floor":46,"turns":8},{"damage":0,"enemies":"Transient","floor":48,"turns":5},{"damage":10,"enemies":"Awakened One","floor":50,"turns":10},{"damage":21,"enemies":"Shield and Spear","floor":54,"turns":6},{"damage":0,"enemies":"The Heart","floor":55,"turns":10}],"seed_played":"-6089503298426925637","potions_obtained":[{"floor":3,"key":"Strength Potion"},{"floor":24,"key":"Dexterity Potion"},{"floor":28,"key":"LiquidMemories"},{"floor":33,"key":"Fruit Juice"}],"is_trial":false,"path_per_floor":["M","$","M","M","?","E","R","?","T","$","M","?","R","M","R","B",null,"M","?","$","M","$","R","E","M","T","E","M","$","M","M","R","B",null,"M","M","$","?","M","R","E","R","T","?","?","E","$","M","R","B",null,"R","$","E","B",null],"character_chosen":"DEFECT","items_purchased":["Capacitor","Streamline","Oddly Smooth Stone","Pocketwatch","Self Repair","OrangePellets","BlessingOfTheForge","Coolheaded+1","Turbo+1"],"campfire_rested":1,"item_purchase_floors":[2,2,10,20,20,29,37,47,47],"current_hp_per_floor":[68,68,68,68,57,32,32,25,25,25,25,25,25,13,35,17,61,53,53,53,54,54,54,42,52,52,72,75,75,75,75,75,75,75,75,75,80,76,76,76,76,76,76,63,63,75,75,76,76,66,74,74,74,65,76],"gold":81,"neow_bonus":"RANDOM_COMMON_RELIC","is_prod":false,"is_daily":false,"chose_seed":false,"campfire_upgraded":7,"win_rate":0,"timestamp":1571867957,"path_taken":["M","$","M","M","?","E","R","?","T","$","M","?","R","?","R","BOSS","M","?","$","M","?","R","E","M","T","E","M","$","M","M","R","BOSS","M","M","$","?","M","R","E","R","T","?","?","E","$","?","R","BOSS","R","$","E","BOSS"],"build_version":"2019-10-23","purchased_purges":2,"victory":true,"max_hp_per_floor":[75,75,75,75,75,75,75,75,75,75,75,75,75,75,75,75,75,75,75,75,75,75,75,75,75,75,75,75,75,75,75,75,75,75,75,75,80,76,76,76,76,76,76,76,76,76,76,76,76,76,76,76,76,76,76],"card_choices":[{"not_picked":["Conserve Battery","Go for the Eyes"],"picked":"Defragment","floor":1},{"not_picked":["Ball Lightning","White Noise"],"picked":"Cold Snap","floor":3},{"not_picked":["Chill","Barrage"],"picked":"Genetic Algorithm","floor":4},{"not_picked":["Leap","Ball Lightning"],"picked":"Cold Snap","floor":6},{"not_picked":["Rebound","Barrage"],"picked":"Conserve Battery","floor":11},{"not_picked":["All For One","Sweeping Beam"],"picked":"Consume","floor":14},{"not_picked":["Fission","Creative AI"],"picked":"Echo Form","floor":16},{"not_picked":["Turbo","Compile Driver"],"picked":"Coolheaded+1","floor":18},{"not_picked":["Stack+1","Streamline"],"picked":"Cold Snap+1","floor":21},{"not_picked":["Redo","Turbo","Darkness+1"],"picked":"SKIP","floor":24},{"not_picked":["Rebound","Cold Snap"],"picked":"Glacier","floor":25},{"not_picked":["Force Field","Genetic Algorithm"],"picked":"Go for the Eyes+1","floor":27},{"not_picked":["Double Energy","Gash"],"picked":"Electrodynamics","floor":28},{"not_picked":["Coolheaded","Ball Lightning"],"picked":"Compile Driver+1","floor":30},{"not_picked":["Auto Shields","Turbo"],"picked":"Coolheaded+1","floor":31},{"not_picked":["Buffer","All For One"],"picked":"Fission","floor":33},{"not_picked":["Glacier","Undo"],"picked":"Barrage+1","floor":35},{"not_picked":["Darkness","Reprogram","Scrape+1"],"picked":"SKIP","floor":36},{"not_picked":["Rebound","Steam+1"],"picked":"Blizzard","floor":39},{"not_picked":["BootSequence","Stack","Streamline+1"],"picked":"SKIP","floor":41},{"not_picked":["Heatsinks","Stack","Static Discharge"],"picked":"SKIP","floor":46},{"not_picked":["Conserve Battery+1","Leap+1"],"picked":"Static Discharge+1","floor":48},{"not_picked":["Sweeping Beam+1","Conserve Battery+1","Buffer"],"picked":"SKIP","floor":54}],"player_experience":1668450,"relics_obtained":[{"floor":6,"key":"Anchor"},{"floor":9,"key":"Art of War"},{"floor":24,"key":"Calipers"},{"floor":26,"key":"Vajra"},{"floor":27,"key":"Blood Vial"},{"floor":41,"key":"Bottled Tornado"},{"floor":44,"key":"Nunchaku"},{"floor":46,"key":"Toxic Egg 2"},{"floor":54,"key":"Bronze Scales"}],"event_choices":[{"damage_healed":0,"gold_gain":75,"player_choice":"Gather Gold","damage_taken":11,"max_hp_gain":0,"max_hp_loss":0,"event_name":"World of Goop","floor":5,"gold_loss":0},{"cards_removed":["Strike_B"],"damage_healed":0,"gold_gain":0,"player_choice":"Card Removal","damage_taken":7,"max_hp_gain":0,"max_hp_loss":0,"event_name":"Golden Wing","floor":8,"gold_loss":0},{"cards_removed":["Strike_B"],"damage_healed":0,"gold_gain":0,"player_choice":"Offered Basic","damage_taken":0,"max_hp_gain":0,"max_hp_loss":0,"event_name":"Bonfire Elementals","floor":12,"gold_loss":0},{"damage_healed":0,"gold_gain":200,"player_choice":"Gold","damage_taken":0,"max_hp_gain":0,"max_hp_loss":0,"event_name":"Wheel of Change","floor":19,"gold_loss":0},{"damage_healed":0,"gold_gain":0,"player_choice":"Max HP","damage_taken":0,"max_hp_gain":0,"max_hp_loss":4,"event_name":"Winding Halls","floor":38,"gold_loss":0},{"damage_healed":0,"gold_gain":0,"player_choice":"Fight","damage_taken":0,"max_hp_gain":0,"max_hp_loss":0,"event_name":"Mysterious Sphere","floor":44,"gold_loss":0},{"damage_healed":0,"gold_gain":0,"player_choice":"Copied","damage_taken":0,"max_hp_gain":0,"max_hp_loss":0,"event_name":"Duplicator","floor":45,"gold_loss":0,"cards_obtained":["Echo Form"]}],"is_beta":true,"boss_relics":[{"not_picked":["Inserter","Velvet Choker"],"picked":"Runic Dome"},{"not_picked":["Astrolabe","Sozu"],"picked":"Snecko Eye"}],"items_purged_floors":[37,47],"is_endless":false,"potions_floor_spawned":[3,24,28,30,31,33,39,46],"ascension_level":11}