{"gold_per_floor":[18,33,46,62,75,95,95,95,95,95,125,135,135,161,161,236,236,256,3,15,15,30,30,30,56,80,93,110,110,44,44,44,121,121,139,139,19,30,30,30,40,40,40,40,394,414,414,414,414,414],"floor_reached":50,"playtime":2460,"items_purged":["Strike_R+1"],"score":944,"play_id":"c7dd75f7-0d12-4850-b600-fdfb45f97673","local_time":"20190908162914","is_ascension_mode":true,"campfire_choices":[{"data":"Whirlwind","floor":7.0,"key":"SMITH"},{"data":"Bash","floor":10.0,"key":"SMITH"},{"floor":13.0,"key":"REST"},{"data":"Inflame","floor":15.0,"key":"SMITH"},{"floor":23.0,"key":"REST"},{"floor":32.0,"key":"REST"},{"data":"Armaments","floor":40.0,"key":"SMITH"},{"data":"Evolve","floor":42.0,"key":"SMITH"},{"data":"Demon Form","floor":44.0,"key":"SMITH"},{"floor":47.0,"key":"REST"},{"floor":49.0,"key":"REST"}],"neow_cost":"NO_GOLD","seed_source_timestamp":318577199258900,"circlet_count":0,"master_deck":["AscendersBane","Strike_R+1","Strike_R+1","Strike_R+1","Defend_R+1","Defend_R+1","Defend_R+1","Defend_R+1","Bash+1","Whirlwind+1","True Grit","Armaments+1","Cleave","Inflame+1","Iron Wave","Whirlwind","Limit Break","Intimidate+1","Metallicize","Feel No Pain","Limit Break","Demon Form+1","Shrug It Off","Fiend Fire","Limit Break","Evolve+1","Headbutt","Pummel+1","Spot Weakness+1","PanicButton"],"special_seed":0,"relics":["Black Blood","Torii","Bottled Lightning","Regal Pillow","Bottled Tornado","Velvet Choker","Membership Card","Omamori","Lantern","Bag of Preparation","Pear","Old Coin"],"potions_floor_usage":[50],"damage_taken":[{"damage":1.0,"enemies":"Cultist","floor":1.0,"turns":3.0},{"damage":8.0,"enemies":"Jaw Worm","floor":2.0,"turns":5.0},{"damage":0.0,"enemies":"2 Louse","floor":3.0,"turns":2.0},{"damage":20.0,"enemies":"Lots of Slimes","floor":4.0,"turns":4.0},{"damage":9.0,"enemies":"2 Fungi Beasts","floor":5.0,"turns":5.0},{"damage":11.0,"enemies":"Looter","floor":6.0,"turns":4.0},{"damage":12.0,"enemies":"3 Sentries","floor":11.0,"turns":3.0},{"damage":21.0,"enemies":"Blue Slaver","floor":12.0,"turns":3.0},{"damage":30.0,"enemies":"Lagavulin","floor":14.0,"turns":6.0},{"damage":56.0,"enemies":"The Guardian","floor":16.0,"turns":16.0},{"damage":21.0,"enemies":"Shell Parasite","floor":18.0,"turns":4.0},{"damage":0.0,"enemies":"3 Byrds","floor":20.0,"turns":4.0},{"damage":50.0,"enemies":"Snecko","floor":22.0,"turns":6.0},{"damage":10.0,"enemies":"Book of Stabbing","floor":25.0,"turns":5.0},{"damage":27.0,"enemies":"Shelled Parasite and Fungi","floor":27.0,"turns":5.0},{"damage":2.0,"enemies":"Cultist and Chosen","floor":28.0,"turns":6.0},{"damage":48.0,"enemies":"Automaton","floor":33.0,"turns":8.0},{"damage":10.0,"enemies":"Orb Walker","floor":35.0,"turns":3.0},{"damage":10.0,"enemies":"3 Darklings","floor":38.0,"turns":3.0},{"damage":23.0,"enemies":"4 Shapes","floor":41.0,"turns":6.0},{"damage":52.0,"enemies":"2 Orb Walkers","floor":45.0,"turns":5.0},{"damage":2.0,"enemies":"Maw","floor":46.0,"turns":5.0},{"damage":95,"enemies":"Awakened One","floor":50,"turns":5}],"seed_played":"8396593529070086971","potions_obtained":[{"floor":1.0,"key":"SkillPotion"},{"floor":4.0,"key":"EssenceOfSteel"},{"floor":6.0,"key":"SteroidPotion"},{"floor":12.0,"key":"GamblersBrew"},{"floor":14.0,"key":"BloodPotion"},{"floor":22.0,"key":"AttackPotion"},{"floor":27.0,"key":"FairyPotion"},{"floor":28.0,"key":"SpeedPotion"},{"floor":33.0,"key":"AttackPotion"},{"floor":38.0,"key":"Swift Potion"}],"is_trial":false,"path_per_floor":["M","M","M","M","M","M","R","?","T","R","E","M","R","E","R","B",null,"M","$","M","?","M","R","?","E","T","M","M","?","$","?","R","B",null,"M","?","$","M","?","R","M","R","T","R","?","M","R","?","R","B"],"character_chosen":"IRONCLAD","items_purchased":["Membership Card","Metallicize","Shrug It Off","Evolve","Bag of Preparation"],"campfire_rested":5,"item_purchase_floors":[19,19,30,37,37],"current_hp_per_floor":[73,71,75,61,58,53,53,53,53,53,47,32,69,45,45,13,60,45,45,51,51,7,44,44,40,40,19,23,23,23,23,60,18,61,61,61,61,61,61,61,48,48,58,58,16,24,64,64,85,0],"gold":414,"neow_bonus":"ONE_RARE_RELIC","is_prod":false,"is_daily":false,"chose_seed":false,"campfire_upgraded":6,"win_rate":0,"timestamp":1567974554,"path_taken":["M","M","M","M","?","M","R","?","T","R","E","M","R","E","R","BOSS","M","$","M","?","?","R","?","E","T","M","M","?","$","?","R","BOSS","M","?","?","?","?","R","M","R","T","R","?","M","R","?","R","BOSS"],"build_version":"2019-07-17","purchased_purges":1,"victory":false,"max_hp_per_floor":[75,75,75,75,75,75,75,75,75,75,75,75,75,75,75,75,75,75,75,75,75,75,75,75,75,75,75,75,75,75,75,75,75,75,75,75,75,75,75,75,75,75,85,85,85,85,85,85,85,85],"card_choices":[{"not_picked":["Twin Strike","Clash"],"picked":"Whirlwind","floor":1.0},{"not_picked":["Flex","Clothesline","Bloodletting"],"picked":"SKIP","floor":2.0},{"not_picked":["Armaments","Shockwave"],"picked":"True Grit","floor":3.0},{"not_picked":["Whirlwind","Anger"],"picked":"Armaments","floor":4.0},{"not_picked":["Bloodletting","Flex"],"picked":"Cleave","floor":5.0},{"not_picked":["Armaments","Dropkick","Heavy Blade"],"picked":"SKIP","floor":6.0},{"not_picked":["Feel No Pain","Heavy Blade"],"picked":"Inflame","floor":11.0},{"not_picked":["Warcry","Clash"],"picked":"Iron Wave","floor":12.0},{"not_picked":["Second Wind","Body Slam"],"picked":"Whirlwind","floor":14.0},{"not_picked":["Exhume","Immolate"],"picked":"Limit Break","floor":16.0},{"not_picked":["Iron Wave","Feel No Pain"],"picked":"Intimidate+1","floor":18.0},{"not_picked":["Carnage","Cleave"],"picked":"Feel No Pain","floor":20.0},{"not_picked":["Perfected Strike","Havoc","Headbutt"],"picked":"SKIP","floor":22.0},{"not_picked":["Rage","Armaments","Blood for Blood"],"picked":"SKIP","floor":25.0},{"not_picked":["Twin Strike","Thunderclap"],"picked":"Demon Form","floor":27.0},{"not_picked":["Body Slam+1","Rampage+1","Anger"],"picked":"SKIP","floor":28.0},{"not_picked":["Brutality","Bludgeon"],"picked":"Fiend Fire","floor":33.0},{"not_picked":["Sword Boomerang","Rage+1","Pommel Strike+1"],"picked":"SKIP","floor":35.0},{"not_picked":["Sword Boomerang","Rage+1","Pommel Strike+1"],"picked":"SKIP","floor":35.0},{"not_picked":["Cleave","Body Slam+1"],"picked":"Headbutt","floor":38.0},{"not_picked":["Burning Pact","Metallicize+1"],"picked":"Pummel+1","floor":41.0},{"not_picked":["Carnage","Battle Trance"],"picked":"Spot Weakness+1","floor":46.0},{"not_picked":["Dramatic Entrance","Bandage Up"],"picked":"PanicButton","floor":48.0}],"player_experience":787805,"relics_obtained":[{"floor":9.0,"key":"Bottled Lightning"},{"floor":11.0,"key":"Regal Pillow"},{"floor":14.0,"key":"Bottled Tornado"},{"floor":25.0,"key":"Omamori"},{"floor":26.0,"key":"Lantern"},{"floor":43.0,"key":"Pear"},{"floor":45.0,"key":"Old Coin"}],"event_choices":[{"damage_healed":0.0,"max_hp_gain":0.0,"max_hp_loss":0.0,"gold_gain":0.0,"event_name":"Liars Game","player_choice":"Ignored","floor":8.0,"gold_loss":0.0,"damage_taken":0.0},{"damage_healed":0.0,"max_hp_gain":0.0,"max_hp_loss":0.0,"gold_gain":0.0,"event_name":"Duplicator","player_choice":"Copied","floor":21.0,"gold_loss":0.0,"damage_taken":0.0,"cards_obtained":["Limit Break"]},{"damage_healed":0.0,"max_hp_gain":0.0,"max_hp_loss":0.0,"gold_gain":0.0,"event_name":"Back to Basics","player_choice":"Simplicity","floor":24.0,"gold_loss":0.0,"damage_taken":0.0,"cards_upgraded":["Strike_R","Strike_R","Strike_R","Strike_R","Strike_R","Defend_R","Defend_R","Defend_R","Defend_R"]},{"damage_healed":0.0,"max_hp_gain":0.0,"max_hp_loss":0.0,"gold_gain":0.0,"event_name":"Beggar","player_choice":"Ignored","floor":29.0,"gold_loss":0.0,"damage_taken":0.0},{"damage_healed":0.0,"max_hp_gain":0.0,"max_hp_loss":0.0,"gold_gain":0.0,"event_name":"Ghosts","player_choice":"Ignored","floor":31.0,"gold_loss":0.0,"damage_taken":0.0},{"damage_healed":0.0,"max_hp_gain":0.0,"max_hp_loss":0.0,"gold_gain":0.0,"event_name":"Match and Keep!","player_choice":"1 cards matched","floor":36.0,"gold_loss":0.0,"damage_taken":0.0,"cards_obtained":["Limit Break"]},{"cards_removed":["Strike_R"],"damage_healed":0.0,"max_hp_gain":0.0,"max_hp_loss":0.0,"gold_gain":0.0,"event_name":"Falling","player_choice":"Removed Attack","floor":39.0,"gold_loss":0.0,"damage_taken":0.0},{"damage_healed":0.0,"max_hp_gain":0.0,"max_hp_loss":0.0,"gold_gain":0.0,"event_name":"Mysterious Sphere","player_choice":"Fight","floor":45.0,"gold_loss":0.0,"damage_taken":0.0},{"damage_healed":0.0,"max_hp_gain":0.0,"max_hp_loss":0.0,"gold_gain":0.0,"event_name":"SensoryStone","player_choice":"Memory 1","floor":48.0,"gold_loss":0.0,"damage_taken":0.0}],"is_beta":false,"boss_relics":[{"not_picked":["Eternal Feather","White Beast Statue"],"picked":"Velvet Choker"},{"not_picked":["Mark of Pain","Orrery"],"picked":"Black Blood"}],"items_purged_floors":[30],"is_endless":false,"potions_floor_spawned":[1,4,6,12,14,22,27,28,33,38,41],"killed_by":"Awakened One","ascension_level":20}