{"gold_per_floor":[11,11,11,11,11,11,21,21,21,40,52,52,79,79,79,179,179,160,36,36,36,36,36,36,52,52,52,52],"floor_reached":28,"playtime":634,"items_purged":["Sever Soul"],"score":280,"play_id":"eff1036b-7197-40c0-8b1c-8c66f3761202","local_time":"20190413231956","is_ascension_mode":true,"campfire_choices":[{"data":"Shrug It Off","floor":6,"key":"SMITH"},{"data":"Bash","floor":8,"key":"SMITH"},{"data":"Reaper","floor":12,"key":"SMITH"},{"data":"Shrug It Off","floor":15,"key":"SMITH"},{"data":"Iron Wave","floor":24,"key":"SMITH"},{"data":"Blood for Blood","floor":27,"key":"SMITH"}],"neow_cost":"NO_GOLD","seed_source_timestamp":1832623960462800,"circlet_count":0,"master_deck":["Bash+1","Shrug It Off+1","Warcry","Spot Weakness","Reaper+1","Shrug It Off+1","Demon Form","Blood for Blood+1","Evolve","Rage","Spot Weakness","Rampage","Clash","Pummel+1","Iron Wave+1","Cleave+1"],"relics":["Burning Blood","Bottled Lightning","Paper Frog","Turnip","Pandora\u0027s Box","Matryoshka","Kunai","Regal Pillow"],"potions_floor_usage":[13,23],"damage_taken":[{"damage":12,"enemies":"Jaw Worm","floor":1,"turns":5},{"damage":0,"enemies":"2 Louse","floor":7,"turns":4},{"damage":1,"enemies":"Cultist","floor":10,"turns":3},{"damage":15,"enemies":"Blue Slaver","floor":11,"turns":3},{"damage":22,"enemies":"Gremlin Nob","floor":13,"turns":4},{"damage":33,"enemies":"The Guardian","floor":16,"turns":13},{"damage":47,"enemies":"2 Thieves","floor":18,"turns":5},{"damage":37,"enemies":"Colosseum Slavers","floor":20,"turns":4},{"damage":0,"enemies":"Gremlin Leader","floor":23,"turns":1},{"damage":24,"enemies":"Chosen","floor":25,"turns":7},{"damage":69,"enemies":"Snecko","floor":28,"turns":5}],"seed_played":"2417478919747505788","potions_obtained":[{"floor":7,"key":"GamblersBrew"},{"floor":13,"key":"SmokeBomb"}],"is_trial":false,"path_per_floor":["M","$","?","T","$","R","M","R","T","M","M","R","E","?","R","B",null,"M","$","?","?","?","E","R","M","T","R","M"],"character_chosen":"IRONCLAD","items_purchased":["Iron Wave"],"campfire_rested":0,"item_purchase_floors":[19],"current_hp_per_floor":[90,90,95,95,95,95,101,101,101,101,92,92,90,90,90,63,101,88,88,57,57,57,63,63,50,50,50,0],"gold":52,"neow_bonus":"TWENTY_PERCENT_HP_BONUS","is_prod":false,"is_daily":false,"chose_seed":false,"campfire_upgraded":6,"win_rate":0,"timestamp":1555186796,"path_taken":["M","$","?","?","?","R","M","R","T","M","M","R","E","?","R","BOSS","M","?","?","?","?","E","R","M","T","R","M"],"build_version":"2019-01-23","purchased_purges":1,"victory":false,"max_hp_per_floor":[96,96,101,101,101,101,101,101,101,101,101,101,101,101,101,101,101,101,101,101,101,101,101,101,101,101,101,101],"card_choices":[{"not_picked":["Cleave","Dual Wield"],"picked":"Shrug It Off","floor":1},{"not_picked":["Anger","Clash"],"picked":"Warcry","floor":7},{"not_picked":["Anger","True Grit"],"picked":"Spot Weakness","floor":10},{"not_picked":["Heavy Blade","Sword Boomerang"],"picked":"Reaper","floor":11},{"not_picked":["Anger","Warcry"],"picked":"Shrug It Off","floor":13},{"not_picked":["Juggernaut","Bludgeon"],"picked":"Demon Form","floor":16},{"not_picked":["Headbutt","Rage+1"],"picked":"Pummel+1","floor":18},{"not_picked":["Heavy Blade","Warcry"],"picked":"Cleave+1","floor":25}],"player_experience":276794,"relics_obtained":[{"floor":4,"key":"Bottled Lightning"},{"floor":9,"key":"Paper Frog"},{"floor":13,"key":"Turnip"},{"floor":26,"key":"Kunai"},{"floor":26,"key":"Regal Pillow"}],"event_choices":[{"damage_healed":0,"gold_gain":0,"player_choice":"Donut","damage_taken":0,"max_hp_gain":5,"max_hp_loss":0,"event_name":"Big Fish","floor":3,"gold_loss":0},{"cards_removed":["Strike_R"],"damage_healed":0,"gold_gain":0,"player_choice":"Purged","damage_taken":0,"max_hp_gain":0,"max_hp_loss":0,"event_name":"Purifier","floor":14,"gold_loss":0},{"damage_healed":0,"gold_gain":0,"player_choice":"Fight","damage_taken":0,"max_hp_gain":0,"max_hp_loss":0,"event_name":"Colosseum","floor":20,"gold_loss":0},{"damage_healed":0,"gold_gain":0,"player_choice":"Fled From Nobs","damage_taken":0,"max_hp_gain":0,"max_hp_loss":0,"event_name":"Colosseum","floor":20,"gold_loss":0},{"damage_healed":0,"gold_gain":0,"player_choice":"Opened","damage_taken":0,"relics_obtained":["Matryoshka"],"max_hp_gain":0,"max_hp_loss":0,"event_name":"The Mausoleum","floor":21,"gold_loss":0},{"cards_removed":["Limit Break"],"damage_healed":0,"gold_gain":0,"player_choice":"Elegance","damage_taken":0,"max_hp_gain":0,"max_hp_loss":0,"event_name":"Back to Basics","floor":22,"gold_loss":0}],"is_beta":false,"boss_relics":[{"not_picked":["Runic Pyramid","Snecko Eye"],"picked":"Pandora\u0027s Box"}],"items_purged_floors":[19],"is_endless":false,"potions_floor_spawned":[7,13],"killed_by":"Snecko","ascension_level":2}