{"gold_per_floor":[359,90,90,108,8,35,35,49,117,117,67,84,110,124,124,221,221,238,250,280,49,61,91,107,107,134,134,149,182,202,42,42,42],"floor_reached":33,"playtime":1517,"items_purged":["Strike_G","Defend_G","Writhe"],"score":297,"play_id":"40e1f8a7-f106-4317-9e47-8c7a38ff617f","local_time":"20190721122626","is_ascension_mode":false,"campfire_choices":[{"data":"Noxious Fumes","floor":7,"key":"SMITH"},{"data":"Deadly Poison","floor":10,"key":"SMITH"},{"data":"A Thousand Cuts","floor":15,"key":"SMITH"},{"floor":27,"key":"REST"},{"data":"Footwork","floor":32,"key":"SMITH"}],"neow_cost":"TEN_PERCENT_HP_LOSS","seed_source_timestamp":226558498420750,"circlet_count":0,"master_deck":["Strike_G","Strike_G","Defend_G","Defend_G","Defend_G","Defend_G","Survivor","Neutralize","Infinite Blades","Noxious Fumes+1","Leg Sweep","Bane","Sucker Punch","Deadly Poison+1","Deadly Poison","A Thousand Cuts+1","Wraith Form v2","Flechettes+1","Dash","Crippling Poison","Predator","Wraith Form v2","Predator+1","PiercingWail+1","Footwork+1"],"relics":["Ring of the Snake","Blood Vial","Dodecahedron","Snecko Eye","Tiny Chest","Orichalcum","Calipers","Dream Catcher","Anchor","Potion Belt"],"potions_floor_usage":[6,16,19,23,23,23,23,24,29,29,33],"damage_taken":[{"damage":10,"enemies":"Jaw Worm","floor":1,"turns":9},{"damage":0,"enemies":"Cultist","floor":4,"turns":4},{"damage":18,"enemies":"Gremlin Nob","floor":6,"turns":4},{"damage":2,"enemies":"Small Slimes","floor":8,"turns":4},{"damage":10,"enemies":"Exordium Wildlife","floor":12,"turns":5},{"damage":10,"enemies":"Lagavulin","floor":13,"turns":4},{"damage":7,"enemies":"Looter","floor":14,"turns":3},{"damage":8,"enemies":"Hexaghost","floor":16,"turns":7},{"damage":0,"enemies":"2 Thieves","floor":18,"turns":3},{"damage":12,"enemies":"Shell Parasite","floor":19,"turns":6},{"damage":7,"enemies":"Snake Plant","floor":22,"turns":4},{"damage":32,"enemies":"Gremlin Leader","floor":23,"turns":9},{"damage":7,"enemies":"Centurion and Healer","floor":24,"turns":6},{"damage":0,"enemies":"Shelled Parasite and Fungi","floor":28,"turns":4},{"damage":17,"enemies":"Slavers","floor":29,"turns":5},{"damage":0,"enemies":"Snake Plant","floor":30,"turns":3},{"damage":54,"enemies":"Champ","floor":33,"turns":8}],"seed_played":"4743709566319084988","potions_obtained":[{"floor":1,"key":"GhostInAJar"},{"floor":4,"key":"Explosive Potion"},{"floor":12,"key":"LiquidBronze"},{"floor":14,"key":"Swift Potion"},{"floor":16,"key":"EntropicBrew"},{"floor":19,"key":"Dexterity Potion"},{"floor":24,"key":"SteroidPotion"},{"floor":30,"key":"Regen Potion"}],"is_trial":false,"path_per_floor":["M","$","?","M","$","E","R","M","T","R","?","M","E","M","R","B",null,"M","M","?","$","M","E","M","T","T","R","M","E","M","$","R","B"],"character_chosen":"THE_SILENT","items_purchased":["Noxious Fumes","Leg Sweep","PowerPotion","Orichalcum","Dash","Footwork"],"campfire_rested":1,"item_purchase_floors":[2,2,2,21,21,31],"current_hp_per_floor":[53,53,53,53,53,35,35,35,35,35,35,27,19,14,14,8,63,63,51,51,51,46,31,26,26,26,44,46,31,33,33,33,0],"gold":42,"neow_bonus":"TWO_FIFTY_GOLD","is_prod":false,"is_daily":false,"chose_seed":false,"campfire_upgraded":4,"win_rate":0,"timestamp":1563708386,"path_taken":["M","$","?","M","?","E","R","M","T","R","?","M","E","M","R","BOSS","M","M","?","$","M","E","M","?","T","R","M","E","M","$","R","BOSS"],"build_version":"2019-07-17","purchased_purges":3,"victory":false,"max_hp_per_floor":[63,63,63,63,63,63,63,63,63,63,63,63,63,63,63,63,63,63,63,63,63,63,63,63,63,63,63,63,63,63,63,63,63],"card_choices":[{"not_picked":["Blade Dance","PiercingWail"],"picked":"Infinite Blades","floor":1},{"not_picked":["Eviscerate","Dodge and Roll"],"picked":"Sucker Punch","floor":4},{"not_picked":["Caltrops","Grand Finale"],"picked":"Deadly Poison","floor":6},{"not_picked":["Deflect","Bane","Blade Dance"],"picked":"SKIP","floor":8},{"not_picked":["Dagger Spray","Poisoned Stab"],"picked":"Deadly Poison","floor":12},{"not_picked":["Masterful Stab","Dodge and Roll"],"picked":"A Thousand Cuts","floor":13},{"not_picked":["Crippling Poison","Bane","Underhanded Strike"],"picked":"SKIP","floor":14},{"not_picked":["Night Terror","Tools of the Trade"],"picked":"Wraith Form v2","floor":16},{"not_picked":["Slice","Concentrate+1","Deflect"],"picked":"SKIP","floor":18},{"not_picked":["Deflect+1","Bane"],"picked":"Flechettes+1","floor":19},{"not_picked":["PiercingWail+1","Heel Hook+1","Bane+1"],"picked":"SKIP","floor":22},{"not_picked":["Backstab","Well Laid Plans"],"picked":"Crippling Poison","floor":23},{"not_picked":["Noxious Fumes","Bane"],"picked":"Predator","floor":24},{"not_picked":["Backflip","Caltrops"],"picked":"Wraith Form v2","floor":27},{"not_picked":["Escape Plan","Tactician"],"picked":"Predator+1","floor":28},{"not_picked":["Quick Slash","Dagger Spray","Bane"],"picked":"SKIP","floor":29},{"not_picked":["Terror","Outmaneuver"],"picked":"PiercingWail+1","floor":30}],"player_experience":1718837,"relics_obtained":[{"floor":6,"key":"Blood Vial"},{"floor":9,"key":"Dodecahedron"},{"floor":23,"key":"Calipers"},{"floor":25,"key":"Dream Catcher"},{"floor":26,"key":"Anchor"},{"floor":29,"key":"Potion Belt"}],"event_choices":[{"damage_healed":0,"gold_gain":0,"cards_transformed":["Strike_G"],"player_choice":"Transformed","damage_taken":0,"max_hp_gain":0,"max_hp_loss":0,"event_name":"Transmorgrifier","floor":3,"gold_loss":0,"cards_obtained":["Bane"]},{"cards_removed":["Strike_G"],"damage_healed":0,"gold_gain":0,"player_choice":"Card Removal","damage_taken":0,"max_hp_gain":0,"max_hp_loss":0,"event_name":"The Cleric","floor":11,"gold_loss":50},{"damage_healed":0,"gold_gain":0,"player_choice":"Opened","damage_taken":0,"relics_obtained":["Tiny Chest"],"max_hp_gain":0,"max_hp_loss":0,"event_name":"The Mausoleum","floor":20,"gold_loss":0,"cards_obtained":["Writhe"]}],"is_beta":false,"boss_relics":[{"not_picked":["Calling Bell","Busted Crown"],"picked":"Snecko Eye"}],"items_purged_floors":[2,5,31],"is_endless":false,"potions_floor_spawned":[1,4,12,14,16,19,22,24,30],"killed_by":"Champ","ascension_level":0}