{"gold_per_floor":[112,112,112,112,129,129,158,178,201,211,97,112,124,144,144,239,239,259,159,190,210,210],"floor_reached":22,"playtime":1044,"items_purged":["Regret","Perfected Strike"],"score":195,"play_id":"9f8801af-52ac-43ae-8f2b-f10ea8963116","local_time":"20180722123057","is_ascension_mode":true,"campfire_choices":[{"data":"Iron Wave","floor":6,"key":"SMITH"},{"floor":15,"key":"REST"}],"neow_cost":"NONE","seed_source_timestamp":682875794076416,"circlet_count":0,"master_deck":["Bash+1","Thunderclap","Iron Wave+1","Demon Form","Burning Pact","Armaments","Inflame","Cleave","Hemokinesis","Limit Break","Offering","Twin Strike","Heavy Blade","Searing Blow","Clash","Heavy Blade","Heavy Blade","Twin Strike","Havoc","Cleave","Armaments+1"],"relics":["Burning Blood","Kunai","Boot","Bag of Marbles","Odd Mushroom","Orichalcum","Pandora\u0027s Box","Red Mask"],"potions_floor_usage":[1,7,7,16,16,16,18,21],"damage_taken":[{"damage":11,"enemies":"Jaw Worm","floor":1,"turns":4},{"damage":4,"enemies":"Cultist","floor":5,"turns":4},{"damage":36,"enemies":"Lagavulin","floor":7,"turns":7},{"damage":36,"floor":8,"turns":6},{"damage":2,"enemies":"Small Slimes","floor":10,"turns":3},{"damage":0,"enemies":"3 Louse","floor":12,"turns":2},{"damage":2,"enemies":"Lots of Slimes","floor":13,"turns":3},{"damage":9,"enemies":"Blue Slaver","floor":14,"turns":4},{"damage":21,"enemies":"Hexaghost","floor":16,"turns":8},{"damage":11,"enemies":"2 Thieves","floor":18,"turns":3},{"damage":61,"floor":20,"turns":5},{"damage":19,"enemies":"Shell Parasite","floor":21,"turns":3},{"damage":20,"enemies":"Sentry and Sphere","floor":22,"turns":3}],"seed_played":"-6858825644763705592","potions_obtained":[{"floor":8,"key":"Dexterity Potion"},{"floor":10,"key":"SteroidPotion"},{"floor":13,"key":"Regen Potion"},{"floor":16,"key":"SkillPotion"},{"floor":18,"key":"Swift Potion"},{"floor":21,"key":"SteroidPotion"}],"is_trial":false,"path_per_floor":["M","?","?","?","M","R","E","?","T","M","$","M","M","M","R","B",null,"M","$","?","M"],"character_chosen":"IRONCLAD","items_purchased":["Inflame"],"campfire_rested":1,"item_purchase_floors":[11],"current_hp_per_floor":[80,80,68,68,70,70,40,10,10,14,14,20,24,21,46,46,85,80,80,25,12,0],"gold":210,"neow_bonus":"THREE_SMALL_POTIONS","is_prod":false,"is_daily":false,"chose_seed":false,"campfire_upgraded":1,"win_rate":0,"timestamp":1532251857,"path_taken":["M","?","?","?","M","R","E","?","T","M","$","?","?","?","R","BOSS","M","$","?","M","M"],"build_version":"2018-07-19v2","purchased_purges":2,"victory":false,"max_hp_per_floor":[85,85,85,85,85,85,85,85,85,85,85,85,85,85,85,85,85,85,85,85,85,85],"card_choices":[{"not_picked":["Pommel Strike","Clothesline"],"picked":"Thunderclap","floor":1},{"not_picked":["Clothesline","Perfected Strike"],"picked":"Iron Wave","floor":5},{"not_picked":["Dropkick","Thunderclap"],"picked":"Demon Form","floor":7},{"not_picked":["Iron Wave","Sword Boomerang"],"picked":"Burning Pact","floor":8},{"not_picked":["Clash","Warcry"],"picked":"Armaments","floor":10},{"not_picked":["Pommel Strike","Havoc"],"picked":"Cleave","floor":12},{"not_picked":["Clash","Havoc"],"picked":"Hemokinesis","floor":13},{"not_picked":["Twin Strike","Sword Boomerang"],"picked":"Limit Break","floor":14},{"not_picked":["Fiend Fire","Demon Form"],"picked":"Offering","floor":16},{"not_picked":["Corruption","Clothesline"],"picked":"Cleave","floor":18},{"not_picked":["Havoc","True Grit"],"picked":"Armaments+1","floor":21}],"player_experience":169521,"relics_obtained":[{"floor":7,"key":"Bag of Marbles"},{"floor":8,"key":"Odd Mushroom"},{"floor":9,"key":"Orichalcum"},{"floor":20,"key":"Red Mask"}],"event_choices":[{"event_name":"Upgrade Shrine","player_choice":"Upgraded","floor":2,"damage_taken":0},{"event_name":"Scrap Ooze","player_choice":"success","floor":3,"damage_taken":12},{"event_name":"Big Fish","player_choice":"Box","floor":4,"damage_taken":0},{"event_name":"Mushrooms","player_choice":"Fought Mushrooms","floor":8,"damage_taken":0},{"event_name":"Masked Bandits","player_choice":"Fought over 159 gold","floor":20,"damage_taken":0}],"is_beta":false,"boss_relics":[{"not_picked":["Runic Dome","Calling Bell"],"picked":"Pandora\u0027s Box"}],"items_purged_floors":[11,19],"is_endless":false,"potions_floor_spawned":[8,10,13,14,16,18,21],"killed_by":"Sentry and Sphere","ascension_level":1}