{"gold_per_floor":[213,233,233,4,25,25,61,81,81,81,112,112,112,146,146,271,271,290,303,316,316,337,337,350,391,418,458,458,152,170,170,170,290,290,311,311,332,11,36,72,405,436,461,492,505,516,516,516,516,516,516,516,41,73,73],"floor_reached":56,"playtime":2924,"items_purged":["Strike_R","Writhe","Blood for Blood"],"score":1955,"play_id":"72f363f5-47d2-4202-b2f6-a1b6e4c98124","local_time":"20190904220539","is_ascension_mode":true,"campfire_choices":[{"data":"Immolate","floor":6,"key":"SMITH"},{"data":"Bash","floor":10,"key":"SMITH"},{"data":"Clothesline","floor":12,"key":"SMITH"},{"data":"Battle Trance","floor":15,"key":"SMITH"},{"data":"Feed","floor":23,"key":"SMITH"},{"data":"Dual Wield","floor":28,"key":"SMITH"},{"floor":32,"key":"REST"},{"floor":47,"key":"RECALL"},{"data":"True Grit","floor":49,"key":"SMITH"},{"data":"Uppercut","floor":52,"key":"SMITH"}],"neow_cost":"NONE","seed_source_timestamp":1772972395484000,"circlet_count":0,"master_deck":["AscendersBane","Bash+1","Sword Boomerang","Clothesline+1","Immolate+1","Battle Trance+1","Seeing Red","Impervious","Dark Embrace+1","Feed+1","True Grit+1","Dual Wield+1","Uppercut+1","Metallicize+1","Corruption+1","Impervious","True Grit+1","Sever Soul","Thunderclap","Uppercut+1","Berserk+1","Pommel Strike","Feel No Pain+1","Spot Weakness+1","Demon Form+1","Metallicize+1","Demon Form+1"],"relics":["Burning Blood","Lantern","Regal Pillow","Frozen Egg 2","Pocketwatch","Letter Opener","Snecko Eye","Pen Nib","Anchor","Orichalcum","Oddly Smooth Stone","Pandora\u0027s Box","Membership Card","Happy Flower","The Courier","FossilizedHelix","Vajra","Incense Burner","Bronze Scales","Kunai","Mummified Hand","Gremlin Horn"],"potions_floor_usage":[7,16,24,33,33,33,46,55,55,55],"damage_taken":[{"damage":9,"enemies":"Jaw Worm","floor":1,"turns":6},{"damage":9,"enemies":"2 Louse","floor":2,"turns":3},{"damage":0,"enemies":"Cultist","floor":5,"turns":3},{"damage":27,"enemies":"Lagavulin","floor":7,"turns":6},{"damage":3,"enemies":"Looter","floor":8,"turns":4},{"damage":15,"enemies":"3 Sentries","floor":11,"turns":5},{"damage":10,"enemies":"Lagavulin","floor":14,"turns":4},{"damage":25,"enemies":"Slime Boss","floor":16,"turns":7},{"damage":10,"enemies":"3 Byrds","floor":18,"turns":4},{"damage":22,"enemies":"Spheric Guardian","floor":19,"turns":4},{"damage":3,"enemies":"Cultist and Chosen","floor":20,"turns":5},{"damage":4,"enemies":"Shelled Parasite and Fungi","floor":22,"turns":3},{"damage":6,"enemies":"Snecko","floor":24,"turns":5},{"damage":19,"enemies":"Slavers","floor":25,"turns":4},{"damage":14,"enemies":"Book of Stabbing","floor":27,"turns":4},{"damage":0,"enemies":"Snake Plant","floor":30,"turns":2},{"damage":72,"enemies":"Collector","floor":33,"turns":11},{"damage":0,"enemies":"3 Shapes","floor":35,"turns":2},{"damage":9,"enemies":"3 Darklings","floor":37,"turns":2},{"damage":12,"enemies":"4 Shapes","floor":39,"turns":4},{"damage":11,"enemies":"Nemesis","floor":40,"turns":5},{"damage":0,"enemies":"Reptomancer","floor":42,"turns":4},{"damage":0,"enemies":"Giant Head","floor":44,"turns":5},{"damage":0,"enemies":"Transient","floor":45,"turns":5},{"damage":0,"enemies":"Writhing Mass","floor":46,"turns":6},{"damage":5,"enemies":"Time Eater","floor":50,"turns":6},{"damage":0,"enemies":"Shield and Spear","floor":54,"turns":3},{"damage":46,"enemies":"The Heart","floor":55,"turns":6}],"seed_played":"-6572190355617376102","potions_obtained":[{"floor":5,"key":"Poison Potion"},{"floor":11,"key":"Dexterity Potion"},{"floor":18,"key":"Weak Potion"},{"floor":19,"key":"SteroidPotion"},{"floor":25,"key":"Ancient Potion"},{"floor":27,"key":"FearPotion"},{"floor":30,"key":"Regen Potion"},{"floor":35,"key":"Fruit Juice"},{"floor":37,"key":"Ancient Potion"},{"floor":44,"key":"Explosive Potion"},{"floor":46,"key":"Poison Potion"}],"is_trial":false,"path_per_floor":["M","M","?","$","M","R","E","M","T","R","E","R","?","E","R","B",null,"M","M","M","?","M","R","M","E","T","E","R","$","M","?","R","B",null,"M","?","M","$","M","E","?","E","T","E","M","M","R","?","R","B",null,"R","$","E","B",null],"character_chosen":"IRONCLAD","items_purchased":["Immolate","Lantern","Metallicize+1","Orichalcum","Membership Card","Happy Flower","Demon Form+1","Bronze Scales","Kunai","Mummified Hand","Metallicize+1","Demon Form+1"],"campfire_rested":1,"item_purchase_floors":[4,4,29,29,38,38,53,53,53,53,53,53],"current_hp_per_floor":[69,66,66,66,72,72,51,54,54,54,45,45,45,41,41,22,61,60,44,50,50,55,55,55,46,46,38,38,38,44,44,85,34,74,84,84,85,85,83,82,82,92,92,102,108,120,120,110,110,111,118,118,118,120,80],"gold":73,"neow_bonus":"HUNDRED_GOLD","is_prod":false,"is_daily":false,"chose_seed":false,"campfire_upgraded":8,"win_rate":0,"timestamp":1567631139,"path_taken":["M","M","?","$","M","R","E","M","T","R","E","R","?","E","R","BOSS","M","M","M","?","M","R","M","E","T","E","R","$","?","?","R","BOSS","M","?","M","$","M","E","?","E","T","E","M","M","R","?","R","BOSS","R","$","E","BOSS"],"build_version":"2019-07-17","purchased_purges":3,"victory":true,"max_hp_per_floor":[80,80,74,74,74,74,74,74,74,74,74,74,74,74,74,74,74,77,77,80,80,83,83,83,87,87,87,87,87,87,87,87,87,87,91,91,95,95,99,103,103,107,107,111,111,120,120,120,120,120,120,120,120,120,120],"card_choices":[{"not_picked":["Intimidate","True Grit"],"picked":"Sword Boomerang","floor":1},{"not_picked":["Searing Blow","Thunderclap"],"picked":"Clothesline","floor":2},{"not_picked":["Iron Wave","Disarm"],"picked":"Battle Trance","floor":5},{"not_picked":["Wild Strike","Entrench"],"picked":"Seeing Red","floor":7},{"not_picked":["Flame Barrier","Rage"],"picked":"Impervious","floor":8},{"not_picked":["Cleave","Thunderclap"],"picked":"Dark Embrace+1","floor":11},{"not_picked":["Bloodletting","Perfected Strike","Iron Wave"],"picked":"SKIP","floor":14},{"not_picked":["Reaper","Fiend Fire"],"picked":"Feed","floor":16},{"not_picked":["Pummel+1","Clothesline","Twin Strike"],"picked":"SKIP","floor":18},{"not_picked":["Whirlwind","Power Through","Havoc"],"picked":"SKIP","floor":19},{"not_picked":["Sever Soul","Rage"],"picked":"True Grit+1","floor":20},{"not_picked":["Twin Strike","Cleave"],"picked":"Dual Wield","floor":22},{"not_picked":["Sword Boomerang","Wild Strike","Clothesline"],"picked":"SKIP","floor":24},{"not_picked":["Wild Strike+1","Iron Wave"],"picked":"Uppercut+1","floor":25},{"not_picked":["Intimidate+1","Cleave+1","Uppercut+1"],"picked":"SKIP","floor":27},{"not_picked":["Clash","Power Through"],"picked":"Corruption+1","floor":30},{"not_picked":["Brutality+1","Fiend Fire"],"picked":"Impervious","floor":33},{"not_picked":["Armaments","Heavy Blade+1","Anger+1"],"picked":"SKIP","floor":35},{"not_picked":["Flex+1","Heavy Blade","Combust+1"],"picked":"SKIP","floor":37},{"not_picked":["Bloodletting+1","Clothesline","Pommel Strike+1"],"picked":"SKIP","floor":39},{"not_picked":["Limit Break","Rage","Warcry+1"],"picked":"SKIP","floor":40},{"not_picked":["Rupture+1","Pummel+1","Sever Soul+1"],"picked":"SKIP","floor":42},{"not_picked":["Armaments","Perfected Strike+1"],"picked":"Feel No Pain+1","floor":44},{"not_picked":["Twin Strike","Flex+1"],"picked":"Spot Weakness+1","floor":45},{"not_picked":["Twin Strike","Bloodletting","Second Wind"],"picked":"SKIP","floor":46},{"not_picked":["Seeing Red+1","Ghostly Armor","Bloodletting"],"picked":"SKIP","floor":54}],"player_experience":1905636,"relics_obtained":[{"floor":7,"key":"Regal Pillow"},{"floor":9,"key":"Frozen Egg 2"},{"floor":11,"key":"Pocketwatch"},{"floor":14,"key":"Letter Opener"},{"floor":25,"key":"Pen Nib"},{"floor":27,"key":"Anchor"},{"floor":40,"key":"The Courier"},{"floor":42,"key":"FossilizedHelix"},{"floor":43,"key":"Vajra"},{"floor":44,"key":"Incense Burner"},{"floor":54,"key":"Gremlin Horn"}],"event_choices":[{"damage_healed":0,"gold_gain":0,"player_choice":"Lose Max HP","damage_taken":0,"relics_obtained":["Golden Idol"],"max_hp_gain":0,"max_hp_loss":6,"event_name":"Golden Idol","floor":3,"gold_loss":0},{"damage_healed":0,"gold_gain":0,"player_choice":"Ignored","damage_taken":0,"max_hp_gain":0,"max_hp_loss":0,"event_name":"Liars Game","floor":13,"gold_loss":0},{"damage_healed":0,"gold_gain":0,"player_choice":"0 cards matched","damage_taken":0,"max_hp_gain":0,"max_hp_loss":0,"event_name":"Match and Keep!","floor":21,"gold_loss":0,"cards_obtained":[]},{"damage_healed":0,"gold_gain":0,"player_choice":"Opened","damage_taken":0,"relics_obtained":["Oddly Smooth Stone"],"max_hp_gain":0,"max_hp_loss":0,"event_name":"The Mausoleum","floor":31,"gold_loss":0,"cards_obtained":["Writhe"]},{"cards_removed":["Perfected Strike"],"damage_healed":0,"gold_gain":0,"player_choice":"Removed Attack","damage_taken":0,"max_hp_gain":0,"max_hp_loss":0,"event_name":"Falling","floor":36,"gold_loss":0},{"damage_healed":0,"gold_gain":333,"player_choice":"Gave Idol","damage_taken":0,"max_hp_gain":0,"max_hp_loss":0,"event_name":"The Moai Head","floor":41,"relics_lost":["Golden Idol"],"gold_loss":0},{"damage_healed":0,"gold_gain":0,"player_choice":"Memory 3","damage_taken":10,"max_hp_gain":0,"max_hp_loss":0,"event_name":"SensoryStone","floor":48,"gold_loss":0}],"is_beta":false,"boss_relics":[{"not_picked":["Calling Bell","Astrolabe"],"picked":"Snecko Eye"},{"not_picked":["Velvet Choker","Runic Dome"],"picked":"Pandora\u0027s Box"}],"items_purged_floors":[29,38,53],"is_endless":false,"potions_floor_spawned":[5,11,18,19,25,27,30,35,37,44,46],"ascension_level":10}