{"gold_per_floor":[116,116,41,41,65,65,28,59,85,119,132,156,156,179,179,309,309,324,249,264,284,307,341,341,256,309,325,225,256,276,310,310,430,430,446,470,142,210,60,60,75,118,130,142,487,499,522,634,646,658,670,682,226,254,254],"floor_reached":56,"playtime":6784,"items_purged":["Doubt","Strike_G","Strike_G","Strike_G","Strike_G"],"score":1342,"play_id":"59568da8-4af4-479a-be55-ff7dadc4b3ee","local_time":"20190913161845","is_ascension_mode":true,"campfire_choices":[{"floor":6,"key":"REST"},{"data":"Caltrops","floor":13,"key":"SMITH"},{"data":"Envenom","floor":15,"key":"SMITH"},{"data":"Neutralize","floor":24,"key":"SMITH"},{"data":"Noxious Fumes","floor":32,"key":"SMITH"},{"data":"After Image","floor":40,"key":"SMITH"},{"floor":44,"key":"REST"},{"floor":49,"key":"RECALL"},{"data":"Survivor","floor":52,"key":"SMITH"}],"neow_cost":"NONE","seed_source_timestamp":661813554618900,"circlet_count":0,"master_deck":["Strike_G","Defend_G","Defend_G","Defend_G","Defend_G","Defend_G","Survivor+1","Neutralize+1","Leg Sweep+1","Calculated Gamble+1","Predator","Noxious Fumes","Catalyst+1","Die Die Die","Expertise+1","Deadly Poison+1","Escape Plan+1","Caltrops+1","Backflip+1","Envenom+1","Malaise+1","Prepared+1","Dodge and Roll+1","Outmaneuver+1","Crippling Poison+1","Deflect+1","PiercingWail+1","PiercingWail+1","Outmaneuver+1","Noxious Fumes+1","PiercingWail+1","Deflect+1","Deflect+1","After Image+1","Tactician+1","Footwork+1","Backflip+1","Malaise+1","Backflip+1","Dodge and Roll+1","Prepared+1","Escape Plan+1","Backflip+1","Apotheosis+1","Well Laid Plans+1","Caltrops+1","Backflip+1","Deflect+1"],"relics":["Calling Bell","Bronze Scales","Toxic Egg 2","Prayer Wheel","Bag of Marbles","Anchor","Pantograph","White Beast Statue","Strawberry","Dream Catcher","The Specimen","Orichalcum","Philosopher\u0027s Stone","Bag of Preparation","Calipers","MawBank","Letter Opener","Unceasing Top","OrangePellets","Boot"],"potions_floor_usage":[22,23,29,31,36,38,48,55,55],"damage_taken":[{"damage":6,"enemies":"Jaw Worm","floor":1,"turns":6},{"damage":5,"enemies":"Small Slimes","floor":5,"turns":5},{"damage":5,"enemies":"Lagavulin","floor":8,"turns":11},{"damage":28,"enemies":"Gremlin Nob","floor":10,"turns":6},{"damage":0,"enemies":"Cultist","floor":11,"turns":5},{"damage":0,"enemies":"Looter","floor":12,"turns":4},{"damage":7,"enemies":"Large Slime","floor":14,"turns":6},{"damage":7,"enemies":"The Guardian","floor":16,"turns":7},{"damage":0,"enemies":"Shell Parasite","floor":18,"turns":4},{"damage":0,"enemies":"Chosen","floor":20,"turns":6},{"damage":1,"enemies":"Snecko","floor":21,"turns":5},{"damage":20,"enemies":"Sentry and Sphere","floor":22,"turns":5},{"damage":21,"enemies":"Slavers","floor":23,"turns":6},{"damage":0,"enemies":"Snake Plant","floor":27,"turns":4},{"damage":18,"enemies":"Gremlin Leader","floor":29,"turns":6},{"damage":7,"enemies":"Centurion and Healer","floor":30,"turns":8},{"damage":4,"enemies":"Book of Stabbing","floor":31,"turns":6},{"damage":34,"enemies":"Automaton","floor":33,"turns":10},{"damage":5,"enemies":"Orb Walker","floor":35,"turns":4},{"damage":4,"enemies":"3 Darklings","floor":36,"turns":6},{"damage":32,"enemies":"2 Orb Walkers","floor":38,"turns":7},{"damage":0,"enemies":"Writhing Mass","floor":41,"turns":7},{"damage":5,"enemies":"Reptomancer","floor":42,"turns":8},{"damage":5,"enemies":"Sphere and 2 Shapes","floor":47,"turns":5},{"damage":10,"enemies":"Mind Bloom Boss Battle","floor":48,"turns":6},{"damage":5,"enemies":"Awakened One","floor":50,"turns":12},{"damage":7,"enemies":"Shield and Spear","floor":54,"turns":6},{"damage":20,"enemies":"The Heart","floor":55,"turns":11}],"seed_played":"-7725656965471755035","potions_obtained":[{"floor":8,"key":"Regen Potion"},{"floor":10,"key":"SpeedPotion"},{"floor":16,"key":"SteroidPotion"},{"floor":18,"key":"PowerPotion"},{"floor":20,"key":"Regen Potion"},{"floor":22,"key":"Explosive Potion"},{"floor":23,"key":"PowerPotion"},{"floor":27,"key":"Regen Potion"},{"floor":29,"key":"GhostInAJar"},{"floor":31,"key":"Energy Potion"},{"floor":33,"key":"Energy Potion"},{"floor":36,"key":"Swift Potion"},{"floor":38,"key":"Weak Potion"},{"floor":41,"key":"PowerPotion"},{"floor":48,"key":"Explosive Potion"}],"is_trial":false,"path_per_floor":["M","?","$","?","M","R","$","E","T","E","M","M","R","M","R","B",null,"M","?","M","M","M","E","R","?","T","M","$","E","M","E","R","B",null,"M","M","$","?","$","R","M","E","T","R","?","?","M","?","R","B",null,"R","$","E","B",null],"character_chosen":"THE_SILENT","items_purchased":["Noxious Fumes","Bag of Preparation","Backflip+1","Backflip+1","OrangePellets","Swift Potion"],"campfire_rested":2,"item_purchase_floors":[7,37,37,53,53,53],"current_hp_per_floor":[64,47,47,47,42,63,63,58,58,30,30,30,30,23,23,41,70,70,67,67,66,56,56,56,56,56,56,56,38,31,42,42,33,74,69,65,65,33,33,33,33,28,28,50,50,50,45,60,60,69,74,74,74,67,54],"gold":254,"neow_bonus":"BOSS_RELIC","is_prod":false,"is_daily":false,"chose_seed":false,"campfire_upgraded":6,"win_rate":1,"timestamp":1568384325,"path_taken":["M","?","$","?","M","R","?","E","T","E","M","M","R","?","R","BOSS","M","?","M","M","M","E","R","?","T","M","$","E","M","E","R","BOSS","M","M","$","?","$","R","M","E","T","R","?","?","M","?","R","BOSS","R","$","E","BOSS"],"build_version":"2019-07-17","purchased_purges":5,"victory":true,"max_hp_per_floor":[70,70,70,70,70,70,70,70,70,70,70,70,70,70,70,70,70,70,67,67,67,67,74,74,74,74,74,74,74,74,74,74,74,74,74,74,74,74,74,74,74,74,74,74,74,74,74,74,74,74,74,74,74,74,74],"card_choices":[{"not_picked":["Skewer","Backstab"],"picked":"Leg Sweep+1","floor":1},{"not_picked":["Endless Agony","Choke","Poisoned Stab"],"picked":"SKIP","floor":1},{"not_picked":["Finisher","Flying Knee"],"picked":"Calculated Gamble+1","floor":5},{"not_picked":["Poisoned Stab","Sucker Punch"],"picked":"Predator","floor":5},{"not_picked":["Heel Hook","Calculated Gamble+1"],"picked":"Catalyst+1","floor":8},{"not_picked":["Dash","Flechettes"],"picked":"Die Die Die","floor":10},{"not_picked":["Quick Slash","Dagger Spray"],"picked":"Expertise+1","floor":11},{"not_picked":["Dagger Spray","Backstab"],"picked":"Deadly Poison+1","floor":11},{"not_picked":["PiercingWail+1","Blade Dance+1"],"picked":"Escape Plan+1","floor":12},{"not_picked":["Choke","Well Laid Plans"],"picked":"Caltrops","floor":12},{"not_picked":["Reflex+1","Bane"],"picked":"Backflip+1","floor":14},{"not_picked":["Reflex+1","Eviscerate"],"picked":"Envenom","floor":14},{"not_picked":["Doppelganger+1","Venomology+1"],"picked":"Malaise+1","floor":16},{"not_picked":["Acrobatics+1","Deadly Poison+1"],"picked":"Prepared+1","floor":18},{"not_picked":["Prepared+1","Calculated Gamble+1"],"picked":"Dodge and Roll+1","floor":18},{"not_picked":["Malaise+1","Distraction+1"],"picked":"Outmaneuver+1","floor":20},{"not_picked":["Catalyst+1","Poisoned Stab"],"picked":"Crippling Poison+1","floor":20},{"not_picked":["Expertise+1","Caltrops"],"picked":"Deflect+1","floor":21},{"not_picked":["Deflect+1","Eviscerate"],"picked":"PiercingWail+1","floor":21},{"not_picked":["Slice+1","Dagger Spray"],"picked":"PiercingWail+1","floor":22},{"not_picked":["Quick Slash+1","Backflip+1"],"picked":"Outmaneuver+1","floor":22},{"not_picked":["Heel Hook+1","Acrobatics+1"],"picked":"Noxious Fumes","floor":23},{"not_picked":["Expertise+1","Corpse Explosion+1","Slice+1"],"picked":"SKIP","floor":27},{"not_picked":["Skewer","Underhanded Strike","Outmaneuver+1"],"picked":"SKIP","floor":27},{"not_picked":["Flying Knee","Dagger Throw"],"picked":"PiercingWail+1","floor":29},{"not_picked":["Crippling Poison+1","Blade Dance+1"],"picked":"Deflect+1","floor":30},{"not_picked":["Outmaneuver+1","Flechettes","Dagger Spray"],"picked":"SKIP","floor":30},{"not_picked":["Backstab","Poisoned Stab"],"picked":"Deflect+1","floor":31},{"not_picked":["Die Die Die","Envenom"],"picked":"After Image","floor":33},{"not_picked":["Backflip+1","Bane"],"picked":"Tactician+1","floor":35},{"not_picked":["Expertise+1","Blade Dance+1"],"picked":"Footwork+1","floor":35},{"not_picked":["Heel Hook","Dagger Spray+1"],"picked":"Backflip+1","floor":36},{"not_picked":["Riddle With Holes+1","Eviscerate"],"picked":"Malaise+1","floor":36},{"not_picked":["PiercingWail+1","Poisoned Stab+1"],"picked":"Dodge and Roll+1","floor":38},{"not_picked":["Heel Hook+1","Choke+1"],"picked":"Prepared+1","floor":41},{"not_picked":["Heel Hook+1","PiercingWail+1","Dash"],"picked":"SKIP","floor":41},{"not_picked":["PiercingWail+1","Prepared+1"],"picked":"Escape Plan+1","floor":42},{"not_picked":["Heel Hook","Backstab+1"],"picked":"Backflip+1","floor":44},{"not_picked":["Purity+1","Discovery+1"],"picked":"Apotheosis+1","floor":46},{"not_picked":["Sucker Punch","PiercingWail+1"],"picked":"Well Laid Plans+1","floor":47},{"not_picked":["All Out Attack+1","Bane"],"picked":"Caltrops+1","floor":47},{"not_picked":["Bane","Dagger Throw+1"],"picked":"Deflect+1","floor":54}],"player_experience":83518,"relics_obtained":[{"floor":0,"key":"Bronze Scales"},{"floor":0,"key":"Toxic Egg 2"},{"floor":0,"key":"Prayer Wheel"},{"floor":8,"key":"Bag of Marbles"},{"floor":9,"key":"Anchor"},{"floor":10,"key":"Pantograph"},{"floor":23,"key":"Strawberry"},{"floor":29,"key":"The Specimen"},{"floor":31,"key":"Orichalcum"},{"floor":38,"key":"Calipers"},{"floor":42,"key":"MawBank"},{"floor":43,"key":"Letter Opener"},{"floor":48,"key":"Unceasing Top"},{"floor":54,"key":"Boot"}],"event_choices":[{"damage_healed":0,"gold_gain":0,"player_choice":"Take Damage","damage_taken":17,"relics_obtained":["Golden Idol"],"max_hp_gain":0,"max_hp_loss":0,"event_name":"Golden Idol","floor":2,"gold_loss":0},{"cards_removed":["Doubt"],"damage_healed":0,"gold_gain":0,"player_choice":"Forget","damage_taken":0,"max_hp_gain":0,"max_hp_loss":0,"event_name":"Living Wall","floor":4,"gold_loss":0},{"cards_removed":["Parasite"],"damage_healed":0,"gold_gain":0,"player_choice":"Gave Gold","damage_taken":0,"max_hp_gain":0,"max_hp_loss":0,"event_name":"Beggar","floor":19,"gold_loss":75},{"damage_healed":0,"gold_gain":0,"player_choice":"Obtained Relic","damage_taken":0,"relics_obtained":["Dream Catcher"],"max_hp_gain":0,"max_hp_loss":0,"event_name":"Addict","floor":25,"gold_loss":85},{"damage_healed":0,"gold_gain":0,"player_choice":"Fight","damage_taken":0,"max_hp_gain":0,"max_hp_loss":0,"event_name":"Mysterious Sphere","floor":38,"gold_loss":0},{"damage_healed":0,"gold_gain":333,"player_choice":"Gave Idol","damage_taken":0,"max_hp_gain":0,"max_hp_loss":0,"event_name":"The Moai Head","floor":45,"relics_lost":["Golden Idol"],"gold_loss":0},{"damage_healed":0,"gold_gain":0,"player_choice":"Memory 1","damage_taken":0,"max_hp_gain":0,"max_hp_loss":0,"event_name":"SensoryStone","floor":46,"gold_loss":0},{"damage_healed":0,"gold_gain":0,"player_choice":"Fight","damage_taken":0,"max_hp_gain":0,"max_hp_loss":0,"event_name":"MindBloom","floor":48,"gold_loss":0}],"is_beta":false,"boss_relics":[{"not_picked":["WristBlade","Astrolabe"],"picked":"White Beast Statue"},{"not_picked":["Coffee Dripper","Lizard Tail"],"picked":"Philosopher\u0027s Stone"}],"items_purged_floors":[3,28,37,39,53],"is_endless":false,"potions_floor_spawned":[8,10,16,18,20,21,22,23,27,29,30,31,33,35,36,38,41,42,47,48,54],"ascension_level":1}