{"gold_per_floor":[116,130,6,21,21,21,21,21,67,93,111,111,186,220,220,317,317,333,333,344,99,199,199,217,252,303,303,315,315,315,335,335,439,439,449,449,469,479,135,135,148,161,161,173,185,212,224,263,275,287],"floor_reached":51,"playtime":2025,"items_purged":["Strike_B","Strike_B","Ball Lightning"],"score":925,"play_id":"1963d24f-2f0a-4b4d-9aca-4ef647c0d18c","local_time":"20190522094632","is_ascension_mode":true,"campfire_choices":[{"data":"Zap","floor":6,"key":"SMITH"},{"data":"Doom and Gloom","floor":8,"key":"SMITH"},{"floor":12,"key":"REST"},{"data":"Capacitor","floor":15,"key":"SMITH"},{"floor":23,"key":"REST"},{"floor":27,"key":"REST"},{"data":"Turbo","floor":30,"key":"SMITH"},{"data":"Defend_B","floor":32,"key":"SMITH"},{"data":"Defragment","floor":40,"key":"SMITH"},{"data":"Buffer","floor":44,"key":"SMITH"},{"data":"Rainbow","floor":49,"key":"SMITH"}],"neow_cost":"PERCENT_DAMAGE","seed_source_timestamp":43122396165679,"circlet_count":0,"master_deck":["Defend_B+1","Defend_B","Defend_B","Zap+1","Dualcast","Doom and Gloom+1","Genetic Algorithm","Capacitor+1","Cold Snap","Go for the Eyes+1","Rainbow+1","Ball Lightning+1","Turbo+1","Barrage+1","Melter+1","Skim+1","Bite+1","Bite+1","Bite+1","Bite+1","Bite+1","Buffer+1","Defragment+1","Reinforced Body+1","Coolheaded","Conserve Battery","Stack+1","Defragment+1","Electrodynamics"],"relics":["Cracked Core","Art of War","Mercury Hourglass","Molten Egg 2","Runic Pyramid","Potion Belt","StoneCalendar","Ornamental Fan","Smiling Mask","Bronze Scales","Coffee Dripper","Regal Pillow","MawBank","Ancient Tea Set","Vajra","Question Card"],"potions_floor_usage":[16,22,22,38,38,39,50,50],"damage_taken":[{"damage":1,"enemies":"Cultist","floor":1,"turns":3},{"damage":2,"enemies":"Jaw Worm","floor":2,"turns":3},{"damage":0,"enemies":"2 Louse","floor":4,"turns":3},{"damage":19,"enemies":"3 Sentries","floor":10,"turns":5},{"damage":10,"enemies":"Lots of Slimes","floor":11,"turns":3},{"damage":8,"enemies":"Lagavulin","floor":14,"turns":3},{"damage":8,"enemies":"Hexaghost","floor":16,"turns":7},{"damage":4,"enemies":"Spheric Guardian","floor":18,"turns":3},{"damage":13,"enemies":"3 Byrds","floor":20,"turns":2},{"damage":16,"enemies":"Colosseum Slavers","floor":22,"turns":3},{"damage":18,"enemies":"Colosseum Nobs","floor":22,"turns":3},{"damage":0,"enemies":"3 Cultists","floor":24,"turns":4},{"damage":12,"enemies":"Book of Stabbing","floor":25,"turns":4},{"damage":7,"enemies":"Shelled Parasite and Fungi","floor":28,"turns":3},{"damage":0,"enemies":"Centurion and Healer","floor":31,"turns":4},{"damage":41,"enemies":"Collector","floor":33,"turns":7},{"damage":0,"enemies":"3 Shapes","floor":35,"turns":4},{"damage":1,"enemies":"Orb Walker","floor":37,"turns":3},{"damage":4,"enemies":"3 Darklings","floor":38,"turns":3},{"damage":2,"enemies":"Maw","floor":41,"turns":7},{"damage":0,"enemies":"Spire Growth","floor":42,"turns":5},{"damage":7,"enemies":"4 Shapes","floor":46,"turns":5},{"damage":0,"enemies":"Giant Head","floor":48,"turns":8},{"damage":32,"enemies":"Donu and Deca","floor":50,"turns":6}],"seed_played":"-1184480364141103350","potions_obtained":[{"floor":2,"key":"SneckoOil"},{"floor":11,"key":"AttackPotion"},{"floor":18,"key":"Regen Potion"},{"floor":19,"key":"FocusPotion"},{"floor":22,"key":"Fire Potion"},{"floor":25,"key":"Fire Potion"},{"floor":28,"key":"SkillPotion"},{"floor":31,"key":"Weak Potion"},{"floor":48,"key":"Ancient Potion"}],"is_trial":false,"path_per_floor":["M","M","$","M","$","R","$","R","T","E","M","R","?","E","R","B",null,"M","?","M","$","?","R","M","E","T","R","M","?","R","M","R","B",null,"M","?","M","M","$","R","M","M","T","R","?","M","?","E","R","B",null],"character_chosen":"DEFECT","items_purchased":["SteroidPotion","Potion Belt","Fruit Juice","Regal Pillow","Coolheaded"],"campfire_rested":3,"item_purchase_floors":[3,21,39,39,39],"current_hp_per_floor":[53,51,51,51,51,51,51,51,51,32,22,44,33,25,25,17,61,57,57,44,44,19,41,41,29,29,51,44,44,44,52,52,29,46,52,52,52,48,53,53,57,57,57,57,57,56,56,57,57,31],"gold":299,"neow_bonus":"REMOVE_TWO","is_prod":false,"is_daily":false,"chose_seed":false,"campfire_upgraded":8,"win_rate":0,"timestamp":1558514792,"path_taken":["M","?","$","M","?","R","?","R","T","E","M","R","?","E","R","BOSS","M","?","?","$","?","R","M","E","T","R","M","?","R","M","R","BOSS","M","?","M","M","$","R","M","M","T","R","?","?","?","E","R","BOSS"],"build_version":"2019-01-23","purchased_purges":3,"victory":true,"max_hp_per_floor":[75,75,75,75,75,75,75,75,75,75,75,75,75,75,75,75,75,75,75,75,75,75,75,75,75,75,75,75,52,52,52,52,52,52,52,52,52,52,57,57,57,57,57,57,57,57,57,57,57,57],"card_choices":[{"not_picked":["Streamline","Compile Driver"],"picked":"Doom and Gloom","floor":1},{"not_picked":["Turbo","Cold Snap"],"picked":"Ball Lightning","floor":2},{"not_picked":["Leap","Barrage"],"picked":"Genetic Algorithm","floor":4},{"not_picked":["Skim","Reinforced Body"],"picked":"Capacitor","floor":10},{"not_picked":["Static Discharge","Creative AI"],"picked":"Cold Snap","floor":11},{"not_picked":["Double Energy","Scrape"],"picked":"Go for the Eyes","floor":14},{"not_picked":["Seek","Multi-Cast"],"picked":"Rainbow","floor":16},{"not_picked":["Sweeping Beam+1","Reprogram"],"picked":"Ball Lightning+1","floor":18},{"not_picked":["Rebound+1","Redo"],"picked":"Turbo","floor":20},{"not_picked":["Capacitor+1","Rebound+1"],"picked":"Barrage+1","floor":22},{"not_picked":["Rebound+1","Skim"],"picked":"Melter+1","floor":24},{"not_picked":["Lockon+1","Skim"],"picked":"Double Energy","floor":25},{"not_picked":["Hologram","Cold Snap+1"],"picked":"Skim+1","floor":28},{"not_picked":["Tempest+1","Turbo+1","Scrape+1"],"picked":"SKIP","floor":31},{"not_picked":["Multi-Cast","Seek"],"picked":"Buffer","floor":33},{"not_picked":["Barrage+1","Hologram"],"picked":"Defragment","floor":35},{"not_picked":["Cold Snap+1","Sunder+1","Streamline+1"],"picked":"SKIP","floor":37},{"not_picked":["Gash+1","Lockon+1"],"picked":"Reinforced Body+1","floor":38},{"not_picked":["Steam","Conserve Battery","Beam Cell+1"],"picked":"SKIP","floor":41},{"not_picked":["Steam","Beam Cell+1"],"picked":"Conserve Battery","floor":41},{"not_picked":["Storm+1","White Noise"],"picked":"Stack+1","floor":42},{"not_picked":["Cold Snap+1","Rebound+1"],"picked":"Defragment+1","floor":46},{"not_picked":["Rebound+1","Coolheaded"],"picked":"Electrodynamics","floor":48}],"player_experience":1468958,"relics_obtained":[{"floor":9,"key":"Art of War"},{"floor":10,"key":"Mercury Hourglass"},{"floor":14,"key":"Molten Egg 2"},{"floor":22,"key":"StoneCalendar"},{"floor":22,"key":"Ornamental Fan"},{"floor":25,"key":"Smiling Mask"},{"floor":26,"key":"Bronze Scales"},{"floor":43,"key":"MawBank"},{"floor":45,"key":"Ancient Tea Set"},{"floor":48,"key":"Question Card"}],"event_choices":[{"damage_healed":0,"gold_gain":75,"player_choice":"Gather Gold","damage_taken":11,"max_hp_gain":0,"max_hp_loss":0,"event_name":"World of Goop","floor":13,"gold_loss":0},{"damage_healed":0,"gold_gain":0,"player_choice":"Got Potions","damage_taken":0,"max_hp_gain":0,"max_hp_loss":0,"event_name":"Lab","floor":19,"gold_loss":0},{"damage_healed":0,"gold_gain":0,"player_choice":"Fight","damage_taken":0,"max_hp_gain":0,"max_hp_loss":0,"event_name":"Colosseum","floor":22,"gold_loss":0},{"damage_healed":0,"gold_gain":0,"player_choice":"Fought Nobs","damage_taken":0,"max_hp_gain":0,"max_hp_loss":0,"event_name":"Colosseum","floor":22,"gold_loss":0},{"damage_healed":0,"gold_gain":0,"player_choice":"Became a vampire","damage_taken":0,"max_hp_gain":0,"max_hp_loss":23,"event_name":"Vampires","floor":29,"gold_loss":0,"cards_obtained":["Bite","Bite","Bite","Bite","Bite"]},{"damage_healed":0,"gold_gain":0,"player_choice":"Ignored","damage_taken":0,"max_hp_gain":0,"max_hp_loss":0,"event_name":"Tomb of Lord Red Mask","floor":36,"gold_loss":0},{"damage_healed":0,"gold_gain":0,"player_choice":"Relic","damage_taken":0,"max_hp_gain":0,"max_hp_loss":0,"event_name":"Wheel of Change","floor":45,"gold_loss":0},{"cards_removed":["Double Energy"],"damage_healed":0,"gold_gain":0,"player_choice":"Gave Card","damage_taken":0,"relics_obtained":["Vajra"],"max_hp_gain":0,"max_hp_loss":0,"event_name":"WeMeetAgain","floor":47,"gold_loss":0}],"is_beta":false,"boss_relics":[{"not_picked":["Lizard Tail","Eternal Feather"],"picked":"Runic Pyramid"},{"not_picked":["Velvet Choker","FrozenCore"],"picked":"Coffee Dripper"}],"items_purged_floors":[3,21,39],"is_endless":false,"potions_floor_spawned":[2,11,18,22,25,28,31,37,48],"ascension_level":5}