{"gold_per_floor":[114,64,74,87,107,137,137,151,151,166,195,120,120,120,120,225,225,236,250,266,166,166,166,89,89,115,128,146,146,21,21],"floor_reached":31,"playtime":879,"items_purged":["Evolve","Strike_R","Defend_R"],"score":272,"play_id":"d8087c7c-1d19-48a8-8a67-71135b7aa6ec","local_time":"20180720180132","is_ascension_mode":false,"campfire_choices":[{"data":"1","floor":7,"key":"LIFT"},{"data":"2","floor":13,"key":"LIFT"},{"data":"3","floor":15,"key":"LIFT"},{"data":"Heavy Blade","floor":23,"key":"SMITH"},{"data":"Rage","floor":25,"key":"SMITH"}],"neow_cost":"NONE","seed_source_timestamp":530076890599424,"circlet_count":0,"master_deck":["Strike_R","Strike_R","Defend_R","Defend_R","Defend_R","Bash+1","Flex","Hemokinesis","Dropkick","Rage+1","Headbutt","Inflame","Rage","Impervious","Heavy Blade+1","Flame Barrier","Flame Barrier","RitualDagger","J.A.X.","Writhe"],"relics":["Burning Blood","Girya","Bottled Flame","Nunchaku","Runic Pyramid","Happy Flower","Pantograph"],"potions_floor_usage":[11,11,16,16,20,27,31],"damage_taken":[{"damage":0,"enemies":"Small Slimes","floor":1,"turns":3},{"damage":0,"enemies":"2 Louse","floor":3,"turns":3},{"damage":6,"enemies":"Cultist","floor":4,"turns":3},{"damage":16,"enemies":"Blue Slaver","floor":5,"turns":4},{"damage":30,"enemies":"Lagavulin","floor":6,"turns":5},{"damage":24,"enemies":"Exordium Wildlife","floor":8,"turns":6},{"damage":13,"enemies":"Looter","floor":10,"turns":2},{"damage":3,"enemies":"Gremlin Nob","floor":11,"turns":2},{"damage":16,"enemies":"Slime Boss","floor":16,"turns":7},{"damage":20,"enemies":"Spheric Guardian","floor":18,"turns":4},{"damage":15,"enemies":"Shell Parasite","floor":19,"turns":2},{"damage":9,"enemies":"Centurion and Healer","floor":20,"turns":4},{"damage":34,"enemies":"Slaver and Parasite","floor":27,"turns":5},{"damage":16,"enemies":"Chosen and Byrds","floor":28,"turns":5},{"damage":14,"enemies":"Snake Plant","floor":31,"turns":1}],"seed_played":"4921213006984739172","potions_obtained":[{"floor":1,"key":"BloodPotion"},{"floor":8,"key":"Poison Potion"},{"floor":10,"key":"SpeedPotion"},{"floor":11,"key":"SpeedPotion"},{"floor":19,"key":"Weak Potion"},{"floor":20,"key":"Weak Potion"},{"floor":27,"key":"Explosive Potion"}],"is_trial":false,"path_per_floor":["M","?","M","M","M","E","R","M","T","M","E","$","R","?","R","B",null,"M","M","M","$","?","R","?","R","T","M","M","?","$"],"character_chosen":"IRONCLAD","items_purchased":[],"campfire_rested":0,"item_purchase_floors":[],"current_hp_per_floor":[80,80,80,80,70,46,46,28,28,21,32,32,32,32,32,22,80,66,57,54,54,48,48,48,48,48,20,10,10,10,0],"gold":21,"neow_bonus":"UPGRADE_CARD","is_prod":false,"is_daily":false,"chose_seed":false,"campfire_upgraded":2,"win_rate":0.0,"timestamp":1532098892,"path_taken":["M","?","M","M","M","E","R","M","T","M","E","$","R","?","R","BOSS","M","M","M","$","?","R","?","R","T","M","?","?","?","M"],"build_version":"2018-07-19v2","purchased_purges":3,"victory":false,"max_hp_per_floor":[80,80,80,80,80,80,80,80,80,80,80,80,80,80,80,80,80,80,80,80,80,80,80,80,80,80,80,80,80,80,80],"card_choices":[{"not_picked":["Clash","Wild Strike"],"picked":"Evolve","floor":1},{"not_picked":["Sever Soul","Clothesline","Rupture"],"picked":"SKIP","floor":3},{"not_picked":["True Grit","Uppercut"],"picked":"Flex","floor":4},{"not_picked":["Perfected Strike","Infernal Blade"],"picked":"Hemokinesis","floor":5},{"not_picked":["Warcry","Rampage"],"picked":"Dropkick","floor":6},{"not_picked":["Body Slam","Thunderclap"],"picked":"Rage","floor":8},{"not_picked":["Pommel Strike","Perfected Strike"],"picked":"Headbutt","floor":10},{"not_picked":["Intimidate","Armaments"],"picked":"Inflame","floor":11},{"not_picked":["Juggernaut","Feed"],"picked":"Impervious","floor":16},{"not_picked":["Clash","Headbutt"],"picked":"Heavy Blade","floor":18},{"not_picked":["Body Slam","Wild Strike"],"picked":"Flame Barrier","floor":19},{"not_picked":["Dark Embrace","Shrug It Off"],"picked":"Flame Barrier","floor":20},{"not_picked":["Body Slam","Carnage+1","Clothesline+1"],"picked":"SKIP","floor":27},{"not_picked":["Heavy Blade","Twin Strike","Clothesline+1"],"picked":"SKIP","floor":28}],"player_experience":114058,"relics_obtained":[{"floor":6,"key":"Girya"},{"floor":9,"key":"Bottled Flame"},{"floor":11,"key":"Nunchaku"},{"floor":26,"key":"Happy Flower"}],"event_choices":[{"event_name":"The Cleric","player_choice":"Card Removal","floor":2,"damage_taken":0},{"event_name":"Living Wall","player_choice":"Change","floor":14,"damage_taken":0},{"event_name":"Nest","player_choice":"Joined the Cult","floor":22,"damage_taken":0},{"event_name":"Drug Dealer","player_choice":"Got JAXXED","floor":24,"damage_taken":0},{"event_name":"The Mausoleum","player_choice":"Yes","floor":29,"damage_taken":0}],"is_beta":false,"boss_relics":[{"not_picked":["Sozu","Runic Cube"],"picked":"Runic Pyramid"}],"items_purged_floors":[12,21,30],"is_endless":false,"potions_floor_spawned":[1,8,10,11,19,20,27],"killed_by":"Snake Plant","ascension_level":0}