{"gold_per_floor":[109,109,34,44,56,83,83,98,123,140,152,152,167,202,202,304,304,322,62,81,100,100,100],"floor_reached":23,"playtime":2117,"items_purged":["Normality"],"score":253,"play_id":"ca5abd3f-225b-4cb4-a50b-8e2c17e9f84f","local_time":"20190921204225","is_ascension_mode":true,"campfire_choices":[{"data":"Body Slam","floor":7.0,"key":"SMITH"},{"data":"Entrench","floor":12.0,"key":"SMITH"},{"data":"Shockwave","floor":15.0,"key":"SMITH"}],"neow_cost":"CURSE","seed_source_timestamp":0,"circlet_count":0,"master_deck":["Strike_R","Strike_R","Strike_R","Strike_R","Strike_R","Defend_R","Defend_R","Defend_R","Defend_R","Bash","Barricade+1","Seeing Red","Shrug It Off","Body Slam+1","Whirlwind","Wild Strike","Entrench+1","Shockwave+1","Pommel Strike","Impervious","Entrench","Inflame","Warcry+1"],"special_seed":0,"relics":["Burning Blood","Orichalcum","Blood Vial","Lantern","Sozu","Kunai"],"potions_floor_usage":[],"damage_taken":[{"damage":9.0,"enemies":"Jaw Worm","floor":1.0,"turns":6.0},{"damage":5.0,"enemies":"Cultist","floor":4.0,"turns":5.0},{"damage":1.0,"enemies":"Small Slimes","floor":5.0,"turns":3.0},{"damage":37.0,"enemies":"3 Sentries","floor":6.0,"turns":14.0},{"damage":1.0,"enemies":"3 Louse","floor":8.0,"turns":5.0},{"damage":7.0,"enemies":"2 Fungi Beasts","floor":10.0,"turns":3.0},{"damage":17.0,"enemies":"Gremlin Gang","floor":11.0,"turns":6.0},{"damage":3.0,"enemies":"3 Louse","floor":13.0,"turns":21.0},{"damage":8.0,"enemies":"Gremlin Nob","floor":14.0,"turns":4.0},{"damage":19.0,"enemies":"The Guardian","floor":16.0,"turns":16.0},{"damage":17.0,"enemies":"Spheric Guardian","floor":18.0,"turns":4.0},{"damage":20.0,"enemies":"2 Thieves","floor":20.0,"turns":5.0},{"damage":29.0,"enemies":"Snake Plant","floor":21.0,"turns":6.0},{"damage":23,"enemies":"Slavers","floor":23,"turns":3}],"seed_played":"4873373121440208804","potions_obtained":[{"floor":1.0,"key":"Explosive Potion"},{"floor":8.0,"key":"Poison Potion"},{"floor":10.0,"key":"Swift Potion"}],"is_trial":false,"path_per_floor":["M","?","$","M","M","E","R","M","T","M","M","R","M","E","R","B",null,"M","$","M","M","?","E"],"character_chosen":"IRONCLAD","items_purchased":["Kunai"],"campfire_rested":0,"item_purchase_floors":[19],"current_hp_per_floor":[77,77,77,78,80,49,49,54,54,55,46,46,51,51,51,40,80,69,69,57,36,21,0],"gold":100,"neow_bonus":"THREE_RARE_CARDS","is_prod":false,"is_daily":false,"chose_seed":false,"campfire_upgraded":3,"win_rate":0,"timestamp":1569091345,"path_taken":["M","?","$","M","M","E","R","M","T","M","?","R","M","E","R","BOSS","M","$","M","M","?","E"],"build_version":"2019-07-17","purchased_purges":1,"victory":false,"max_hp_per_floor":[80,80,80,80,80,80,80,80,80,80,80,80,80,80,80,80,80,80,80,80,80,85,85],"card_choices":[{"not_picked":["Dark Embrace","Berserk"],"picked":"Barricade","floor":0.0},{"not_picked":["Armaments","Clash"],"picked":"Seeing Red","floor":1.0},{"not_picked":["Anger","Pommel Strike"],"picked":"Shrug It Off","floor":4.0},{"not_picked":["Clash","Twin Strike"],"picked":"Body Slam","floor":5.0},{"not_picked":["Anger","Dark Embrace"],"picked":"Whirlwind","floor":6.0},{"not_picked":["Warcry","Searing Blow","Havoc"],"picked":"SKIP","floor":8.0},{"not_picked":["Fire Breathing","Seeing Red"],"picked":"Wild Strike","floor":10.0},{"not_picked":["Iron Wave","Twin Strike"],"picked":"Entrench","floor":11.0},{"not_picked":["Wild Strike","Heavy Blade"],"picked":"Shockwave","floor":13.0},{"not_picked":["Warcry","Combust"],"picked":"Pommel Strike","floor":14.0},{"not_picked":["Barricade","Brutality"],"picked":"Impervious","floor":16.0},{"not_picked":["Shockwave","Carnage"],"picked":"Entrench","floor":18.0},{"not_picked":["Wild Strike+1","Clothesline"],"picked":"Inflame","floor":20.0},{"not_picked":["Shrug It Off","Heavy Blade"],"picked":"Warcry+1","floor":21.0}],"player_experience":125014,"relics_obtained":[{"floor":6.0,"key":"Orichalcum"},{"floor":9.0,"key":"Blood Vial"},{"floor":14.0,"key":"Lantern"}],"event_choices":[{"damage_healed":0.0,"max_hp_gain":0.0,"max_hp_loss":0.0,"gold_gain":0.0,"event_name":"Upgrade Shrine","player_choice":"Upgraded","floor":2.0,"gold_loss":0.0,"damage_taken":0.0,"cards_upgraded":["Barricade"]},{"damage_healed":0,"gold_gain":0,"player_choice":"Shed Blood","damage_taken":20,"max_hp_gain":5,"max_hp_loss":0,"event_name":"Forgotten Altar","floor":22,"gold_loss":0}],"is_beta":false,"boss_relics":[{"not_picked":["Coffee Dripper","White Beast Statue"],"picked":"Sozu"}],"items_purged_floors":[3],"is_endless":false,"potions_floor_spawned":[1,8,10,18,20],"killed_by":"Slavers","ascension_level":2}