{"gold_per_floor":[136,136,175,215,185,185,255,358,358,401,401,461,461,499,499,622,622,657,50,88,132,132,132,185,185,260,344,443,474,497,566,566,693,693,708,752,427,443,443,477,477,532,580,580,11,127,157,200,200,250,250,250,52,137,137],"floor_reached":55,"playtime":2817,"items_purged":["Strike_R","Defend_R","Parasite"],"score":969,"play_id":"8d08cd6b-3a6f-457c-bc1e-b450de4d9ba2","local_time":"20191019112011","is_ascension_mode":true,"campfire_choices":[{"data":"HandOfGreed","floor":6,"key":"SMITH"},{"data":"Flame Barrier","floor":11,"key":"SMITH"},{"data":"Flame Barrier","floor":13,"key":"SMITH"},{"data":"Twin Strike","floor":15,"key":"SMITH"},{"data":"Disarm","floor":23,"key":"SMITH"},{"data":"Uppercut","floor":32,"key":"SMITH"},{"data":"Inflame","floor":41,"key":"SMITH"},{"floor":49,"key":"RECALL"},{"data":"Pommel Strike","floor":52,"key":"SMITH"}],"neow_cost":"PERCENT_DAMAGE","seed_source_timestamp":699425569998600,"circlet_count":0,"master_deck":["Defend_R","Defend_R+1","Defend_R","Bash+1","HandOfGreed+1","Flame Barrier+1","Pommel Strike","Twin Strike+1","Feel No Pain","Flame Barrier+1","Double Tap+1","Disarm+1","Uppercut+1","Dropkick","Shrug It Off","Bite","Bite","Bite+1","Bite","Corruption","Clumsy","Exhume","Shrug It Off","True Grit+1","Inflame+1","Shrug It Off","Pommel Strike+1","Headbutt","Feel No Pain+1"],"relics":["Burning Blood","Bottled Flame","Dodecahedron","Pantograph","Cursed Key","PreservedInsect","Chemical X","War Paint","Vajra","Omamori","Thread and Needle","Whetstone","Calling Bell","Boot","Paper Frog","Nunchaku","Bag of Preparation","Shuriken","Art of War","InkBottle","TheAbacus","Oddly Smooth Stone","Pen Nib","Red Skull"],"potions_floor_usage":[3,8,16,21,24,27,27,27,33,40,40,47,47,47,50,55,55],"damage_taken":[{"damage":6,"enemies":"Jaw Worm","floor":1,"turns":2},{"damage":0,"enemies":"Cultist","floor":3,"turns":2},{"damage":0,"enemies":"2 Louse","floor":4,"turns":2},{"damage":7,"enemies":"Large Slime","floor":7,"turns":6},{"damage":17,"enemies":"3 Sentries","floor":8,"turns":7},{"damage":5,"enemies":"Looter","floor":10,"turns":2},{"damage":3,"enemies":"Gremlin Nob","floor":12,"turns":3},{"damage":2,"enemies":"Blue Slaver","floor":14,"turns":3},{"damage":40,"enemies":"The Guardian","floor":16,"turns":11},{"damage":10,"enemies":"2 Thieves","floor":18,"turns":2},{"damage":0,"enemies":"Spheric Guardian","floor":20,"turns":3},{"damage":11,"enemies":"3 Cultists","floor":21,"turns":7},{"damage":0,"enemies":"Gremlin Leader","floor":24,"turns":4},{"damage":4,"enemies":"Slavers","floor":27,"turns":8},{"damage":1,"enemies":"Book of Stabbing","floor":29,"turns":3},{"damage":6,"enemies":"Cultist and Chosen","floor":31,"turns":10},{"damage":0,"enemies":"Automaton","floor":33,"turns":12},{"damage":0,"enemies":"3 Darklings","floor":35,"turns":6},{"damage":0,"enemies":"Orb Walker","floor":36,"turns":4},{"damage":0,"enemies":"Transient","floor":38,"turns":5},{"damage":5,"enemies":"Reptomancer","floor":40,"turns":7},{"damage":0,"enemies":"Giant Head","floor":42,"turns":5},{"damage":11,"enemies":"4 Shapes","floor":46,"turns":9},{"damage":15,"enemies":"Reptomancer","floor":47,"turns":6},{"damage":0,"enemies":"Writhing Mass","floor":48,"turns":8},{"damage":58,"enemies":"Awakened One","floor":50,"turns":13},{"damage":9,"enemies":"Shield and Spear","floor":54,"turns":5},{"damage":91,"enemies":"The Heart","floor":55,"turns":5}],"seed_played":"-7718230805499996788","potions_obtained":[{"floor":1,"key":"Fruit Juice"},{"floor":3,"key":"EntropicBrew"},{"floor":5,"key":"Dexterity Potion"},{"floor":5,"key":"Fire Potion"},{"floor":8,"key":"BloodPotion"},{"floor":18,"key":"Swift Potion"},{"floor":21,"key":"SpeedPotion"},{"floor":31,"key":"SkillPotion"},{"floor":33,"key":"EntropicBrew"},{"floor":36,"key":"AttackPotion"},{"floor":40,"key":"Dexterity Potion"},{"floor":47,"key":"Swift Potion"}],"is_trial":false,"path_per_floor":["M","?","M","M","?","R","M","E","T","M","R","E","R","M","R","B",null,"M","$","M","M","?","R","E","?","T","E","?","E","T","M","R","B",null,"M","M","$","M","?","E","R","E","T","?","$","M","E","M","R","B",null,"R","$","E","B"],"character_chosen":"IRONCLAD","items_purchased":["PreservedInsect","Chemical X","War Paint","Uppercut","Bag of Preparation","Inflame","InkBottle","Headbutt","TheAbacus","Pen Nib","Swift Potion"],"campfire_rested":0,"item_purchase_floors":[19,19,19,19,37,37,45,45,45,53,53],"current_hp_per_floor":[56,40,51,57,57,57,56,45,45,46,46,49,49,53,53,44,85,81,81,85,85,59,59,59,59,59,59,59,59,59,59,59,59,59,59,59,59,59,56,56,56,56,56,56,53,51,52,58,58,33,58,58,58,55,0],"gold":137,"neow_bonus":"RANDOM_COLORLESS_2","is_prod":false,"is_daily":false,"chose_seed":false,"campfire_upgraded":8,"win_rate":0,"timestamp":1571480411,"path_taken":["M","?","M","M","?","R","M","E","T","M","R","E","R","?","R","BOSS","M","$","M","M","?","R","E","?","T","E","?","E","?","M","R","BOSS","M","M","$","M","?","E","R","E","T","?","$","M","E","M","R","BOSS","R","$","E","BOSS"],"build_version":"2019-10-18","purchased_purges":3,"victory":false,"max_hp_per_floor":[80,80,85,85,85,85,85,85,85,85,85,85,85,85,85,85,85,85,85,85,85,59,59,59,59,59,59,59,59,59,59,59,59,59,59,59,59,59,56,56,56,56,56,56,53,53,58,58,58,58,58,58,58,58,58],"card_choices":[{"not_picked":["Mayhem","Secret Weapon"],"picked":"HandOfGreed","floor":0},{"not_picked":["Searing Blow","Flex"],"picked":"Flame Barrier","floor":1},{"not_picked":["Burning Pact","Flex","True Grit"],"picked":"SKIP","floor":3},{"not_picked":["True Grit","Warcry"],"picked":"Pommel Strike","floor":4},{"not_picked":["Rupture","Reckless Charge"],"picked":"Twin Strike","floor":7},{"not_picked":["Thunderclap","Dark Embrace"],"picked":"Feel No Pain","floor":8},{"not_picked":["Thunderclap","Sword Boomerang"],"picked":"Flame Barrier","floor":10},{"not_picked":["Blood for Blood","Iron Wave","Warcry"],"picked":"SKIP","floor":12},{"not_picked":["Blood for Blood","Iron Wave","Warcry"],"picked":"SKIP","floor":12},{"not_picked":["Warcry","Heavy Blade","Sentinel"],"picked":"SKIP","floor":14},{"not_picked":["Immolate","Dark Embrace"],"picked":"Double Tap","floor":16},{"not_picked":["Shrug It Off","Wild Strike"],"picked":"Disarm","floor":18},{"not_picked":["Body Slam+1","True Grit"],"picked":"Dropkick","floor":20},{"not_picked":["Combust","Havoc"],"picked":"Shrug It Off","floor":21},{"not_picked":["Seeing Red","Rage"],"picked":"Corruption","floor":24},{"not_picked":["Perfected Strike","True Grit","Iron Wave"],"picked":"SKIP","floor":27},{"not_picked":["Havoc","Cleave","Double Tap"],"picked":"SKIP","floor":29},{"not_picked":["Reckless Charge","Dual Wield","Seeing Red"],"picked":"SKIP","floor":31},{"not_picked":["Offering","Berserk"],"picked":"Exhume","floor":33},{"not_picked":["Twin Strike+1","Rupture"],"picked":"Shrug It Off","floor":35},{"not_picked":["Whirlwind","Feel No Pain"],"picked":"True Grit+1","floor":36},{"not_picked":["Rampage+1","Warcry"],"picked":"Shrug It Off","floor":38},{"not_picked":["Flex","Bludgeon"],"picked":"Pommel Strike","floor":40},{"not_picked":["Spot Weakness+1","Uppercut+1","Seeing Red"],"picked":"SKIP","floor":42},{"not_picked":["Combust","Clash","Sentinel+1"],"picked":"SKIP","floor":46},{"not_picked":["Bloodletting","Corruption+1","Warcry"],"picked":"SKIP","floor":47},{"not_picked":["Evolve","Dropkick"],"picked":"Feel No Pain+1","floor":48},{"not_picked":["True Grit","Warcry","Wild Strike"],"picked":"SKIP","floor":54}],"player_experience":1652625,"relics_obtained":[{"floor":8,"key":"Bottled Flame"},{"floor":9,"key":"Dodecahedron"},{"floor":12,"key":"Pantograph"},{"floor":24,"key":"Vajra"},{"floor":27,"key":"Omamori"},{"floor":29,"key":"Thread and Needle"},{"floor":30,"key":"Whetstone"},{"floor":34,"key":"Boot"},{"floor":34,"key":"Paper Frog"},{"floor":34,"key":"Nunchaku"},{"floor":42,"key":"Shuriken"},{"floor":43,"key":"Art of War"},{"floor":47,"key":"Oddly Smooth Stone"},{"floor":54,"key":"Red Skull"}],"event_choices":[{"damage_healed":0,"gold_gain":0,"player_choice":"Entered Light","damage_taken":16,"max_hp_gain":0,"max_hp_loss":0,"event_name":"Shining Light","floor":2,"gold_loss":0,"cards_upgraded":["Bash","Strike_R"]},{"damage_healed":0,"gold_gain":0,"player_choice":"Bought 2 Potions","damage_taken":0,"max_hp_gain":0,"max_hp_loss":0,"event_name":"The Woman in Blue","floor":5,"gold_loss":0},{"damage_healed":0,"gold_gain":0,"player_choice":"Became a vampire","damage_taken":0,"max_hp_gain":0,"max_hp_loss":26,"event_name":"Vampires","floor":22,"gold_loss":0,"cards_obtained":["Bite","Bite","Bite","Bite","Bite"]},{"damage_healed":0,"gold_gain":0,"player_choice":"Ignored","damage_taken":0,"max_hp_gain":0,"max_hp_loss":0,"event_name":"Ghosts","floor":25,"gold_loss":0},{"damage_healed":0,"gold_gain":99,"player_choice":"Stole From Cult","damage_taken":0,"max_hp_gain":0,"max_hp_loss":0,"event_name":"Nest","floor":28,"gold_loss":0},{"damage_healed":0,"gold_gain":0,"player_choice":"Max HP","damage_taken":0,"max_hp_gain":0,"max_hp_loss":3,"event_name":"Winding Halls","floor":39,"gold_loss":0},{"cards_removed":["Bite"],"damage_healed":0,"gold_gain":0,"player_choice":"Removed Attack","damage_taken":0,"max_hp_gain":0,"max_hp_loss":0,"event_name":"Falling","floor":44,"gold_loss":0}],"is_beta":true,"boss_relics":[{"not_picked":["SacredBark","Busted Crown"],"picked":"Cursed Key"},{"not_picked":["Runic Dome","Runic Cube"],"picked":"Calling Bell"}],"items_purged_floors":[19,37,45],"is_endless":false,"potions_floor_spawned":[1,3,8,14,18,21,31,33,36,40,47,48],"killed_by":"The Heart","ascension_level":1}