{"gold_per_floor":[110,126,126,146,146,172,172,205,205,205,231,248,2,13,13,117,117,131,311,24,24,41,41,41,41,67,94,1,17,28,28],"floor_reached":31,"playtime":1242,"items_purged":[],"score":410,"play_id":"21b5353e-d61d-4882-8e4f-5f8fcf94244e","local_time":"20191023174914","is_ascension_mode":true,"campfire_choices":[{"floor":7,"key":"REST"},{"floor":10,"key":"REST"},{"floor":15,"key":"REST"},{"floor":23,"key":"REST"},{"data":"Defragment","floor":25,"key":"SMITH"}],"neow_cost":"NONE","seed_source_timestamp":518256021961700,"circlet_count":0,"master_deck":["AscendersBane","Strike_B","Strike_B","Defend_B","Defend_B+1","Defend_B","Defend_B","Zap+1","Dualcast+1","Barrage","Streamline","Go for the Eyes","Sweeping Beam","BootSequence","Rebound","Defragment+1","Capacitor","Storm","Doom and Gloom","Creative AI","Defragment","Static Discharge","Compile Driver","Core Surge","Genetic Algorithm","Loop","Leap+1","Cold Snap"],"relics":["Cracked Core","Blood Vial","Question Card","The Courier","War Paint","Membership Card","Nuclear Battery","Thread and Needle","Oddly Smooth Stone","Bag of Preparation","Strawberry","Happy Flower"],"potions_floor_usage":[8,18,22,22,27,29,30],"damage_taken":[{"damage":4,"enemies":"2 Louse","floor":1,"turns":3},{"damage":0,"enemies":"Small Slimes","floor":2,"turns":2},{"damage":1,"enemies":"Cultist","floor":4,"turns":3},{"damage":30,"enemies":"3 Sentries","floor":6,"turns":8},{"damage":25,"enemies":"Lagavulin","floor":8,"turns":5},{"damage":20,"enemies":"3 Sentries","floor":11,"turns":6},{"damage":8,"enemies":"Exordium Thugs","floor":12,"turns":4},{"damage":0,"enemies":"2 Fungi Beasts","floor":14,"turns":2},{"damage":25,"enemies":"Slime Boss","floor":16,"turns":9},{"damage":22,"enemies":"3 Byrds","floor":18,"turns":4},{"damage":10,"enemies":"Shell Parasite","floor":22,"turns":5},{"damage":30,"enemies":"Slavers","floor":27,"turns":4},{"damage":8,"enemies":"Snake Plant","floor":29,"turns":4},{"damage":10,"enemies":"3 Cultists","floor":30,"turns":4},{"damage":5,"enemies":"Centurion and Healer","floor":31,"turns":2}],"seed_played":"6434792229122438366","potions_obtained":[{"floor":2,"key":"FearPotion"},{"floor":6,"key":"Energy Potion"},{"floor":12,"key":"AttackPotion"},{"floor":16,"key":"Block Potion"},{"floor":27,"key":"Block Potion"},{"floor":30,"key":"Explosive Potion"}],"is_trial":false,"path_per_floor":["M","M","?","M","?","E","R","E","T","R","E","M","$","M","R","B",null,"M","?","$","?","M","R","?","R","T","E","$","M","M","M"],"character_chosen":"DEFECT","items_purchased":["Membership Card","Defragment","Capacitor","Storm","Thread and Needle","Static Discharge","Oddly Smooth Stone","Bag of Preparation","Regen Potion","Genetic Algorithm","EssenceOfSteel","Loop"],"campfire_rested":4,"item_purchase_floors":[13,13,13,13,20,20,20,20,20,28,28,28],"current_hp_per_floor":[64,64,57,56,56,26,48,25,25,47,29,23,23,25,47,24,62,42,21,21,7,13,37,37,37,44,16,16,10,2,0],"gold":28,"neow_bonus":"UPGRADE_CARD","is_prod":false,"is_daily":false,"chose_seed":false,"campfire_upgraded":1,"win_rate":0,"timestamp":1571878154,"path_taken":["M","M","?","M","?","E","R","E","T","R","E","?","$","M","R","BOSS","M","?","$","?","M","R","?","R","T","E","$","M","?","M"],"build_version":"2019-07-17","purchased_purges":0,"victory":false,"max_hp_per_floor":[75,75,75,75,75,75,75,75,75,75,75,75,75,75,75,75,75,75,75,75,80,80,80,80,80,87,87,87,87,87,87],"card_choices":[{"not_picked":["Redo","Hello World","Lockon"],"picked":"SKIP","floor":1},{"not_picked":["Hologram","Chaos"],"picked":"Barrage","floor":2},{"not_picked":["Reprogram","Leap"],"picked":"Streamline","floor":4},{"not_picked":["Stack","Sunder"],"picked":"Go for the Eyes","floor":6},{"not_picked":["Steam Power","Stack"],"picked":"Sweeping Beam","floor":8},{"not_picked":["Steam","Skim","Beam Cell"],"picked":"BootSequence","floor":11},{"not_picked":["Rainbow","Sweeping Beam","Streamline"],"picked":"Rebound","floor":12},{"not_picked":["Melter","Coolheaded","Turbo"],"picked":"Doom and Gloom","floor":14},{"not_picked":["Multi-Cast","All For One","Meteor Strike"],"picked":"Creative AI","floor":16},{"not_picked":["Undo+1","Steam","Go for the Eyes"],"picked":"Defragment","floor":18},{"not_picked":["Beam Cell+1","Rip and Tear+1","Go for the Eyes"],"picked":"Compile Driver","floor":22},{"not_picked":["Leap","Hologram+1","Stack"],"picked":"Core Surge","floor":27},{"not_picked":["Defragment","Redo","Storm+1"],"picked":"Leap+1","floor":29},{"not_picked":["Redo","Leap","Recycle"],"picked":"Cold Snap","floor":30}],"player_experience":430240,"relics_obtained":[{"floor":6,"key":"Blood Vial"},{"floor":8,"key":"Question Card"},{"floor":9,"key":"The Courier"},{"floor":11,"key":"War Paint"},{"floor":26,"key":"Strawberry"},{"floor":27,"key":"Happy Flower"}],"event_choices":[{"cards_removed":["Strike_B"],"damage_healed":0,"gold_gain":0,"player_choice":"Card Removal","damage_taken":7,"max_hp_gain":0,"max_hp_loss":0,"event_name":"Golden Wing","floor":3,"gold_loss":0},{"cards_removed":["Strike_B"],"damage_healed":0,"gold_gain":0,"player_choice":"Purged","damage_taken":0,"max_hp_gain":0,"max_hp_loss":0,"event_name":"Purifier","floor":5,"gold_loss":0},{"damage_healed":0,"gold_gain":180,"player_choice":"GOLD GOLD ","damage_taken":21,"max_hp_gain":0,"max_hp_loss":0,"event_name":"Knowing Skull","floor":19,"potions_obtained":[],"gold_loss":0,"cards_obtained":[]},{"damage_healed":0,"gold_gain":0,"player_choice":"Shed Blood","damage_taken":19,"max_hp_gain":5,"max_hp_loss":0,"event_name":"Forgotten Altar","floor":21,"gold_loss":0},{"damage_healed":0,"gold_gain":0,"player_choice":"0 cards matched","damage_taken":0,"max_hp_gain":0,"max_hp_loss":0,"event_name":"Match and Keep!","floor":24,"gold_loss":0,"cards_obtained":[]}],"is_beta":false,"boss_relics":[{"not_picked":["White Beast Statue","Fusion Hammer"],"picked":"Nuclear Battery"}],"items_purged_floors":[],"is_endless":false,"potions_floor_spawned":[2,6,12,16,27,30],"killed_by":"Centurion and Healer","ascension_level":10}