{"gold_per_floor":[111,111,126,126,143,143,169,169,196,229,246,246,259,286,286,387,387,399,399,410,440,463,463],"floor_reached":23,"playtime":1856,"items_purged":[],"score":209,"play_id":"58716839-d4d6-4ebb-8f95-f563ac1e406e","local_time":"20190921215855","is_ascension_mode":true,"campfire_choices":[{"data":"True Grit","floor":6.0,"key":"SMITH"},{"data":"True Grit","floor":8.0,"key":"SMITH"},{"data":"Bash","floor":12.0,"key":"SMITH"},{"data":"Iron Wave","floor":15.0,"key":"SMITH"}],"neow_cost":"TEN_PERCENT_HP_LOSS","seed_source_timestamp":0,"circlet_count":0,"master_deck":["Strike_R+1","Strike_R","Defend_R+1","Defend_R+1","Defend_R","Defend_R+1","Bash+1","Burning Pact","Feel No Pain","Headbutt","Fiend Fire","True Grit+1","True Grit+1","Double Tap","Reaper","Twin Strike","Iron Wave+1","Juggernaut","Uppercut+1","RitualDagger","Seeing Red+1"],"special_seed":0,"relics":["Burning Blood","Vajra","Bag of Preparation","Odd Mushroom","Eternal Feather","Red Mask","War Paint"],"potions_floor_usage":[21,23],"damage_taken":[{"damage":5.0,"enemies":"Small Slimes","floor":1.0,"turns":5.0},{"damage":0.0,"enemies":"2 Louse","floor":3.0,"turns":3.0},{"damage":2.0,"enemies":"Jaw Worm","floor":5.0,"turns":5.0},{"damage":12.0,"enemies":"3 Sentries","floor":7.0,"turns":12.0},{"damage":16.0,"enemies":"Gremlin Nob","floor":10.0,"turns":4.0},{"damage":10.0,"enemies":"2 Fungi Beasts","floor":11.0,"turns":4.0},{"damage":8.0,"enemies":"Lots of Slimes","floor":13.0,"turns":4.0},{"damage":0.0,"enemies":"The Mushroom Lair","floor":14.0,"turns":4.0},{"damage":42.0,"enemies":"Hexaghost","floor":16.0,"turns":10.0},{"damage":10.0,"enemies":"3 Byrds","floor":18.0,"turns":6.0},{"damage":21.0,"enemies":"Shell Parasite","floor":20.0,"turns":5.0},{"damage":25,"enemies":"Masked Bandits","floor":21,"turns":5},{"damage":84,"enemies":"Gremlin Leader","floor":23,"turns":7}],"seed_played":"-1541609254441371137","potions_obtained":[{"floor":3.0,"key":"LiquidBronze"},{"floor":7.0,"key":"Weak Potion"},{"floor":13.0,"key":"Fire Potion"},{"floor":14.0,"key":"Explosive Potion"},{"floor":20.0,"key":"LiquidBronze"}],"is_trial":false,"path_per_floor":["M","?","M","?","M","R","E","R","T","E","M","R","M","?","R","B",null,"M","?","M","?","T","E"],"character_chosen":"IRONCLAD","items_purchased":[],"campfire_rested":0,"item_purchase_floors":[],"current_hp_per_floor":[72,72,72,58,62,62,56,56,56,46,62,62,69,72,72,41,72,72,66,51,47,47,0],"gold":463,"neow_bonus":"TRANSFORM_TWO_CARDS","is_prod":false,"is_daily":false,"chose_seed":false,"campfire_upgraded":4,"win_rate":0,"timestamp":1569128335,"path_taken":["M","?","M","?","M","R","E","R","T","E","M","R","M","?","R","BOSS","M","?","M","?","?","E"],"build_version":"2019-07-17","purchased_purges":0,"victory":false,"max_hp_per_floor":[72,72,72,72,72,72,72,72,72,72,72,72,72,72,72,72,72,72,72,72,72,72,72],"card_choices":[{"not_picked":["Anger","Blood for Blood"],"picked":"Headbutt","floor":1.0},{"not_picked":["Warcry","Disarm"],"picked":"True Grit","floor":3.0},{"not_picked":["Clash","Dropkick"],"picked":"True Grit","floor":5.0},{"not_picked":["Body Slam","Twin Strike"],"picked":"Double Tap","floor":7.0},{"not_picked":["Twin Strike","Shockwave"],"picked":"Reaper","floor":10.0},{"not_picked":["Pummel","Blood for Blood"],"picked":"Twin Strike","floor":11.0},{"not_picked":["Perfected Strike","Fire Breathing","Sever Soul"],"picked":"SKIP","floor":13.0},{"not_picked":["Dropkick","Wild Strike"],"picked":"Iron Wave","floor":14.0},{"not_picked":["Fiend Fire","Double Tap"],"picked":"Juggernaut","floor":16.0},{"not_picked":["Burning Pact","Clash"],"picked":"Uppercut+1","floor":18.0},{"not_picked":["Twin Strike","Rage+1"],"picked":"Seeing Red+1","floor":20.0}],"player_experience":170223,"relics_obtained":[{"floor":7.0,"key":"Vajra"},{"floor":10.0,"key":"Bag of Preparation"},{"floor":14.0,"key":"Odd Mushroom"},{"floor":21,"key":"Red Mask"},{"floor":22,"key":"War Paint"}],"event_choices":[{"damage_healed":0.0,"max_hp_gain":0.0,"max_hp_loss":0.0,"gold_gain":0.0,"cards_transformed":["Strike_R"],"event_name":"Living Wall","player_choice":"Change","floor":2.0,"gold_loss":0.0,"damage_taken":0.0,"cards_obtained":["Fiend Fire"]},{"damage_healed":0.0,"max_hp_gain":0.0,"max_hp_loss":0.0,"gold_gain":0.0,"event_name":"Shining Light","player_choice":"Entered Light","floor":4.0,"gold_loss":0.0,"damage_taken":14.0,"cards_upgraded":["Defend_R","Strike_R"]},{"damage_healed":0.0,"max_hp_gain":0.0,"max_hp_loss":0.0,"gold_gain":0.0,"event_name":"Mushrooms","player_choice":"Fought Mushrooms","floor":14.0,"gold_loss":0.0,"damage_taken":0.0},{"damage_healed":0.0,"max_hp_gain":0.0,"max_hp_loss":0.0,"gold_gain":0.0,"event_name":"Nest","player_choice":"Joined the Cult","floor":19.0,"gold_loss":0.0,"damage_taken":6.0,"cards_obtained":["RitualDagger"]},{"damage_healed":0,"gold_gain":0,"player_choice":"Fought Bandits","damage_taken":0,"max_hp_gain":0,"max_hp_loss":0,"event_name":"Masked Bandits","floor":21,"gold_loss":0}],"is_beta":false,"boss_relics":[{"not_picked":["Mark of Pain","Runic Dome"],"picked":"Eternal Feather"}],"items_purged_floors":[],"is_endless":false,"potions_floor_spawned":[3,7,13,14,20],"killed_by":"Gremlin Leader","ascension_level":1}