{"gold_per_floor":[114,128,138,151,151,151,176,6,51,51,51,51,51],"floor_reached":13,"playtime":1894,"items_purged":["Strike_G"],"score":73,"play_id":"c4a5a717-cf80-498a-9ff9-451fe9ff8902","local_time":"20191024194404","is_ascension_mode":false,"campfire_choices":[{"floor":6.0,"key":"RECALL"},{"floor":10.0,"key":"REST"}],"neow_cost":"NONE","seed_source_timestamp":0,"circlet_count":0,"master_deck":["Strike_G","Strike_G","Defend_G","Defend_G","Defend_G","Defend_G","Defend_G","Survivor","Neutralize","PiercingWail","Bouncing Flask","Enlightenment"],"special_seed":0,"relics":["Ring of the Snake","Golden Idol","Odd Mushroom","Potion Belt"],"potions_floor_usage":[13],"damage_taken":[{"damage":2.0,"enemies":"Small Slimes","floor":1.0,"turns":3.0},{"damage":0.0,"enemies":"2 Louse","floor":2.0,"turns":2.0},{"damage":3.0,"enemies":"Jaw Worm","floor":3.0,"turns":3.0},{"damage":2.0,"enemies":"3 Louse","floor":4.0,"turns":3.0},{"damage":6.0,"enemies":"The Mushroom Lair","floor":7.0,"turns":5.0},{"damage":60,"enemies":"3 Sentries","floor":13,"turns":13}],"seed_played":"2008902770815703254","potions_obtained":[{"floor":2.0,"key":"SkillPotion"},{"floor":4.0,"key":"AttackPotion"}],"is_trial":false,"path_per_floor":["M","M","M","M","?","R","?","$","T","R","?","$","E"],"character_chosen":"THE_SILENT","items_purchased":["Enlightenment"],"campfire_rested":1,"item_purchase_floors":[8],"current_hp_per_floor":[68,68,65,63,46,46,40,40,40,61,61,61,1],"gold":51,"neow_bonus":"REMOVE_CARD","is_prod":false,"is_daily":false,"chose_seed":false,"campfire_upgraded":0,"win_rate":0,"timestamp":1571967844,"path_taken":["M","M","M","M","?","R","?","$","T","R","?","$","E"],"build_version":"2019-07-17","purchased_purges":1,"victory":false,"max_hp_per_floor":[70,70,70,70,70,70,70,70,70,70,70,70,70],"card_choices":[{"not_picked":["Poisoned Stab","Tactician"],"picked":"PiercingWail","floor":1.0},{"not_picked":["Deadly Poison","PiercingWail"],"picked":"Bouncing Flask","floor":2.0},{"not_picked":["Underhanded Strike","Heel Hook","Quick Slash"],"picked":"SKIP","floor":3.0},{"not_picked":["Accuracy","Poisoned Stab","Underhanded Strike"],"picked":"SKIP","floor":4.0}],"player_experience":468070,"relics_obtained":[{"floor":7.0,"key":"Odd Mushroom"},{"floor":9.0,"key":"Potion Belt"}],"event_choices":[{"damage_healed":0.0,"max_hp_gain":0.0,"max_hp_loss":0.0,"gold_gain":0.0,"event_name":"Golden Idol","player_choice":"Take Damage","floor":5.0,"gold_loss":0.0,"damage_taken":17.0,"relics_obtained":["Golden Idol"]},{"damage_healed":0.0,"max_hp_gain":0.0,"max_hp_loss":0.0,"gold_gain":0.0,"event_name":"Mushrooms","player_choice":"Fought Mushrooms","floor":7.0,"gold_loss":0.0,"damage_taken":0.0},{"cards_removed":["Strike_G"],"damage_healed":0.0,"max_hp_gain":0.0,"max_hp_loss":0.0,"gold_gain":0.0,"event_name":"Living Wall","player_choice":"Forget","floor":11.0,"gold_loss":0.0,"damage_taken":0.0}],"is_beta":false,"boss_relics":[],"items_purged_floors":[8],"is_endless":false,"potions_floor_spawned":[2,4],"killed_by":"3 Sentries","ascension_level":0}