{"gold_per_floor":[217,45,65,65,65,104,104,120,120,153,153,173,173,189,189,309,309,327,368,368,368,368,368,368],"floor_reached":24,"playtime":1344,"items_purged":["Strike_B"],"score":318,"play_id":"ef24b353-7f1d-480f-8b90-7d94c391e06b","local_time":"20191011012650","is_ascension_mode":true,"campfire_choices":[{"floor":7.0,"key":"REST"},{"data":"Defragment","floor":11.0,"key":"SMITH"},{"floor":15.0,"key":"REST"},{"floor":23.0,"key":"REST"}],"neow_cost":"NONE","seed_source_timestamp":1829302306800,"circlet_count":0,"master_deck":["Strike_B+1","Strike_B+1","Defend_B+1","Defend_B+1","Defend_B+1","Defend_B+1","Zap","Dualcast","Rebound","Doom and Gloom","Conserve Battery","Defragment+1","Lockon","Ball Lightning","Cold Snap","Biased Cognition","Conserve Battery","Steam"],"special_seed":0,"relics":["Cracked Core","Bloody Idol","Mango","Emotion Chip","Peace Pipe","Cursed Key","Red Mask"],"potions_floor_usage":[24,24,24],"damage_taken":[{"damage":2.0,"enemies":"Jaw Worm","floor":1.0,"turns":3.0},{"damage":0.0,"enemies":"2 Louse","floor":3.0,"turns":1.0},{"damage":38.0,"enemies":"3 Sentries","floor":6.0,"turns":8.0},{"damage":0.0,"enemies":"Small Slimes","floor":8.0,"turns":3.0},{"damage":17.0,"enemies":"Gremlin Nob","floor":10.0,"turns":4.0},{"damage":2.0,"enemies":"Blue Slaver","floor":12.0,"turns":3.0},{"damage":2.0,"enemies":"Exordium Thugs","floor":14.0,"turns":4.0},{"damage":14.0,"enemies":"The Guardian","floor":16.0,"turns":9.0},{"damage":20.0,"enemies":"Shell Parasite","floor":18.0,"turns":4.0},{"damage":49.0,"enemies":"Masked Bandits","floor":19.0,"turns":4.0},{"damage":50,"enemies":"Gremlin Leader","floor":24,"turns":8}],"seed_played":"4265590065112475760","potions_obtained":[{"floor":6.0,"key":"SpeedPotion"},{"floor":12.0,"key":"Block Potion"},{"floor":16.0,"key":"SpeedPotion"}],"is_trial":false,"path_per_floor":["M","$","M","?","?","E","R","M","T","E","R","M","?","M","R","B",null,"M","?","?","?","?","R","E"],"character_chosen":"DEFECT","items_purchased":["Doom and Gloom","Conserve Battery"],"campfire_rested":3,"item_purchase_floors":[2,2],"current_hp_per_floor":[66,66,66,71,51,27,55,55,55,38,38,36,36,34,62,48,83,63,14,14,14,14,42,0],"gold":368,"neow_bonus":"HUNDRED_GOLD","is_prod":false,"is_daily":false,"chose_seed":false,"campfire_upgraded":1,"win_rate":0,"timestamp":1570750010,"path_taken":["M","$","M","?","?","E","R","M","T","E","R","M","?","M","R","BOSS","M","?","?","?","?","R","E"],"build_version":"2019-07-17","purchased_purges":1,"victory":false,"max_hp_per_floor":[75,75,75,80,80,94,94,94,94,94,94,94,94,94,94,94,94,94,94,94,94,94,94,94],"card_choices":[{"not_picked":["Coolheaded","Hologram"],"picked":"Rebound","floor":1.0},{"not_picked":["Turbo","Capacitor"],"picked":"Defragment","floor":3.0},{"not_picked":["Steam","Gash"],"picked":"Lockon","floor":6.0},{"not_picked":["Streamline","Gash"],"picked":"Ball Lightning","floor":8.0},{"not_picked":["Barrage","Auto Shields"],"picked":"Cold Snap","floor":10.0},{"not_picked":["Redo","Conserve Battery","Streamline"],"picked":"SKIP","floor":12.0},{"not_picked":["Hologram","Streamline","Stack"],"picked":"SKIP","floor":14.0},{"not_picked":["Meteor Strike","Hyperbeam"],"picked":"Biased Cognition","floor":16.0},{"not_picked":["Rebound","Leap"],"picked":"Conserve Battery","floor":18.0},{"not_picked":["Gash","Sunder"],"picked":"Steam","floor":19.0}],"player_experience":239492,"relics_obtained":[{"floor":6.0,"key":"Mango"},{"floor":9.0,"key":"Emotion Chip"},{"floor":10.0,"key":"Peace Pipe"},{"floor":19.0,"key":"Red Mask"}],"event_choices":[{"damage_healed":0.0,"max_hp_gain":5.0,"max_hp_loss":0.0,"gold_gain":0.0,"event_name":"Big Fish","player_choice":"Donut","floor":4.0,"gold_loss":0.0,"damage_taken":0.0},{"damage_healed":0.0,"max_hp_gain":0.0,"max_hp_loss":0.0,"gold_gain":0.0,"event_name":"Golden Idol","player_choice":"Take Damage","floor":5.0,"gold_loss":0.0,"damage_taken":20.0,"relics_obtained":["Golden Idol"]},{"cards_removed":["Strike_B"],"damage_healed":0.0,"max_hp_gain":0.0,"max_hp_loss":0.0,"gold_gain":0.0,"event_name":"Living Wall","player_choice":"Forget","floor":13.0,"gold_loss":0.0,"damage_taken":0.0},{"damage_healed":0.0,"max_hp_gain":0.0,"max_hp_loss":0.0,"gold_gain":0.0,"event_name":"Masked Bandits","player_choice":"Fought Bandits","floor":19.0,"gold_loss":0.0,"damage_taken":0.0},{"damage_healed":0.0,"max_hp_gain":0.0,"max_hp_loss":0.0,"gold_gain":0.0,"event_name":"Back to Basics","player_choice":"Simplicity","floor":20.0,"gold_loss":0.0,"damage_taken":0.0,"cards_upgraded":["Strike_B","Strike_B","Defend_B","Defend_B","Defend_B","Defend_B"]},{"damage_healed":0.0,"max_hp_gain":0.0,"max_hp_loss":0.0,"gold_gain":0.0,"event_name":"The Mausoleum","player_choice":"Ignored","floor":21.0,"gold_loss":0.0,"damage_taken":0.0},{"damage_healed":0.0,"max_hp_gain":0.0,"max_hp_loss":0.0,"gold_gain":0.0,"event_name":"Forgotten Altar","player_choice":"Gave Idol","floor":22.0,"relics_lost":["Golden Idol"],"gold_loss":0.0,"damage_taken":0.0,"relics_obtained":["Bloody Idol"]}],"is_beta":false,"boss_relics":[{"not_picked":["Calling Bell","Eternal Feather"],"picked":"Cursed Key"}],"items_purged_floors":[2],"is_endless":false,"potions_floor_spawned":[6,12,16,19],"killed_by":"Gremlin Leader","ascension_level":9}