{"gold_per_floor":[113,113,127,16,36,67,67,80,80,91,101,101,135,155,155,251,251,261,261,17,17,36,36,70,70,70,18,18,46,57,75,75,173,173,184,184,6,25,38,38,64,75,75,75,75,75,126,155,155,155,155,155,5,38,38],"floor_reached":55,"playtime":3597,"items_purged":["Strike_G"],"score":1498,"play_id":"0920ced8-a704-4e51-aee3-d078aeffbb4d","local_time":"20191013010142","is_ascension_mode":true,"campfire_choices":[{"data":"Noxious Fumes","floor":7,"key":"SMITH"},{"floor":12,"key":"REST"},{"floor":15,"key":"REST"},{"floor":23,"key":"REST"},{"floor":25,"key":"REST"},{"data":"Footwork","floor":32,"key":"SMITH"},{"data":"Crippling Poison","floor":40,"key":"SMITH"},{"floor":46,"key":"RECALL"},{"floor":49,"key":"REST"},{"floor":52,"key":"REST"}],"neow_cost":"NONE","seed_source_timestamp":143118153189100,"circlet_count":0,"master_deck":["AscendersBane","Strike_G+1","Strike_G+1","Defend_G+1","Defend_G+1","Defend_G+1","Defend_G+1","Survivor+1","Neutralize+1","Dagger Throw+1","Noxious Fumes+1","Footwork+1","Riddle With Holes+1","Blur+1","Flying Knee+1","Dash+1","Cloak And Dagger+1","Malaise+1","Leg Sweep+1","Crippling Poison+1","Wraith Form v2+1","Acrobatics+1","Underhanded Strike+1","Bullet Time+1","Bullet Time+1","Masterful Stab+1","Setup+1","Well Laid Plans+1","Envenom+1","Blur+1","Leg Sweep+1","Caltrops+1","Choke+1","Cloak And Dagger+1","Wraith Form v2+1"],"relics":["Ring of the Snake","Bottled Tornado","Bottled Flame","Kunai","Snecko Eye","Paper Crane","FossilizedHelix","Ginger","Question Card","Astrolabe","Oddly Smooth Stone","Mark of the Bloom","Lizard Tail","Eternal Feather","DollysMirror","Thread and Needle"],"potions_floor_usage":[10,16,24,33,41,42,42,42,55],"damage_taken":[{"damage":1,"enemies":"Jaw Worm","floor":1,"turns":6},{"damage":0,"enemies":"Cultist","floor":3,"turns":4},{"damage":0,"enemies":"2 Louse","floor":5,"turns":4},{"damage":41,"enemies":"Gremlin Nob","floor":6,"turns":6},{"damage":9,"enemies":"Exordium Wildlife","floor":8,"turns":6},{"damage":0,"enemies":"3 Louse","floor":10,"turns":4},{"damage":5,"enemies":"Red Slaver","floor":11,"turns":4},{"damage":9,"enemies":"Lagavulin","floor":13,"turns":8},{"damage":5,"enemies":"2 Fungi Beasts","floor":14,"turns":3},{"damage":0,"enemies":"The Guardian","floor":16,"turns":11},{"damage":1,"enemies":"Shell Parasite","floor":18,"turns":8},{"damage":0,"enemies":"Chosen","floor":22,"turns":6},{"damage":71,"enemies":"Slavers","floor":24,"turns":6},{"damage":1,"enemies":"Gremlin Leader","floor":29,"turns":8},{"damage":0,"enemies":"Snake Plant","floor":30,"turns":6},{"damage":0,"enemies":"Centurion and Healer","floor":31,"turns":8},{"damage":0,"enemies":"Champ","floor":33,"turns":27},{"damage":0,"enemies":"Orb Walker","floor":35,"turns":5},{"damage":0,"enemies":"3 Darklings","floor":38,"turns":5},{"damage":0,"enemies":"Maw","floor":39,"turns":8},{"damage":0,"enemies":"Nemesis","floor":41,"turns":9},{"damage":0,"enemies":"4 Shapes","floor":42,"turns":6},{"damage":0,"enemies":"2 Orb Walkers","floor":47,"turns":5},{"damage":9,"enemies":"Reptomancer","floor":48,"turns":6},{"damage":0,"enemies":"Donu and Deca","floor":50,"turns":11},{"damage":6,"enemies":"Shield and Spear","floor":54,"turns":8},{"damage":52,"enemies":"The Heart","floor":55,"turns":3}],"seed_played":"6930441430349451899","potions_obtained":[{"floor":1,"key":"FairyPotion"},{"floor":8,"key":"SpeedPotion"},{"floor":13,"key":"SteroidPotion"},{"floor":22,"key":"LiquidBronze"},{"floor":24,"key":"Swift Potion"},{"floor":28,"key":"EntropicBrew"},{"floor":33,"key":"AttackPotion"},{"floor":41,"key":"CunningPotion"},{"floor":42,"key":"Explosive Potion"}],"is_trial":false,"path_per_floor":["M","?","M","$","M","E","R","M","T","M","M","R","E","M","R","B",null,"M","?","$","?","M","R","E","R","T","$","?","E","M","M","R","B",null,"M","?","$","M","M","R","E","M","T","?","?","R","?","E","R","B",null,"R","$","E","B"],"character_chosen":"THE_SILENT","items_purchased":["Footwork","Paper Crane","Block Potion","Envenom","Blur","DollysMirror"],"campfire_rested":6,"item_purchase_floors":[4,20,27,37,37,53],"current_hp_per_floor":[62,62,62,62,62,21,21,12,12,12,7,28,19,14,35,35,61,60,60,60,47,47,69,22,44,44,44,44,43,43,43,43,43,67,67,67,67,67,67,67,67,67,67,67,67,67,67,58,58,58,58,58,58,52,0],"gold":38,"neow_bonus":"REMOVE_CARD","is_prod":false,"is_daily":false,"chose_seed":false,"campfire_upgraded":3,"win_rate":0,"timestamp":1570924902,"path_taken":["M","?","M","$","M","E","R","?","T","M","M","R","E","M","R","BOSS","M","?","$","?","M","R","E","R","T","?","?","E","M","M","R","BOSS","M","?","$","M","M","R","E","M","T","?","?","R","?","E","R","BOSS","R","$","E","BOSS"],"build_version":"2019-10-11","purchased_purges":1,"victory":false,"max_hp_per_floor":[70,70,70,70,70,70,70,70,70,70,70,70,70,70,70,70,70,70,70,70,75,75,75,75,75,75,75,75,75,75,75,75,75,75,75,71,71,71,71,71,71,71,71,71,71,71,71,71,71,71,71,71,71,71,71],"card_choices":[{"not_picked":["Flechettes","PiercingWail"],"picked":"Dagger Throw","floor":1},{"not_picked":["Slice","Backflip"],"picked":"Noxious Fumes","floor":3},{"not_picked":["Concentrate","Footwork"],"picked":"Riddle With Holes","floor":5},{"not_picked":["Dagger Spray","Slice"],"picked":"Blur","floor":6},{"not_picked":["Dagger Throw","Predator"],"picked":"Flying Knee","floor":8},{"not_picked":["Dagger Spray","Blade Dance"],"picked":"Leg Sweep","floor":10},{"not_picked":["Eviscerate","Unload"],"picked":"Dash","floor":11},{"not_picked":["Skewer","Calculated Gamble"],"picked":"Slice","floor":13},{"not_picked":["PiercingWail","Dagger Throw"],"picked":"Cloak And Dagger","floor":14},{"not_picked":["Phantasmal Killer","Burst"],"picked":"Malaise","floor":16},{"not_picked":["Flechettes","Noxious Fumes+1","Deflect"],"picked":"SKIP","floor":18},{"not_picked":["Dodge and Roll","Deflect"],"picked":"Leg Sweep","floor":22},{"not_picked":["Glass Knife","Adrenaline"],"picked":"Crippling Poison","floor":24},{"not_picked":["Prepared","Sucker Punch"],"picked":"Wraith Form v2","floor":29},{"not_picked":["Escape Plan","PiercingWail","Prepared+1"],"picked":"Acrobatics","floor":30},{"not_picked":["Poisoned Stab","Concentrate","Accuracy"],"picked":"Underhanded Strike","floor":31},{"not_picked":["Malaise","Storm of Steel","Envenom"],"picked":"Bullet Time","floor":33},{"not_picked":["Cloak And Dagger","Masterful Stab+1","Outmaneuver+1"],"picked":"Well Laid Plans","floor":35},{"not_picked":["Deadly Poison+1","Dodge and Roll","Eviscerate"],"picked":"Leg Sweep","floor":38},{"not_picked":["Calculated Gamble","Prepared","Acrobatics+1"],"picked":"Caltrops+1","floor":39},{"not_picked":["Noxious Fumes","Flechettes+1","Distraction+1"],"picked":"Choke+1","floor":41},{"not_picked":["Finisher+1","Expertise","Deflect+1","Deadly Poison+1"],"picked":"SKIP","floor":42},{"not_picked":["Setup","Outmaneuver+1","Dash"],"picked":"Cloak And Dagger+1","floor":48},{"not_picked":["Quick Slash+1","Eviscerate+1","Concentrate+1","Finisher+1"],"picked":"SKIP","floor":54}],"player_experience":1636838,"relics_obtained":[{"floor":6,"key":"Bottled Tornado"},{"floor":9,"key":"Bottled Flame"},{"floor":13,"key":"Kunai"},{"floor":24,"key":"FossilizedHelix"},{"floor":26,"key":"Ginger"},{"floor":29,"key":"Question Card"},{"floor":41,"key":"Oddly Smooth Stone"},{"floor":47,"key":"Lizard Tail"},{"floor":48,"key":"Eternal Feather"},{"floor":54,"key":"Thread and Needle"}],"event_choices":[{"cards_removed":["Strike_G"],"damage_healed":0,"gold_gain":0,"player_choice":"Took Card","damage_taken":0,"max_hp_gain":0,"max_hp_loss":0,"event_name":"NoteForYourself","floor":2,"gold_loss":0,"cards_obtained":["Warcry"]},{"damage_healed":0,"gold_gain":0,"player_choice":"Ignored","damage_taken":0,"max_hp_gain":0,"max_hp_loss":0,"event_name":"Vampires","floor":19,"gold_loss":0},{"damage_healed":0,"gold_gain":0,"player_choice":"Shed Blood","damage_taken":18,"max_hp_gain":5,"max_hp_loss":0,"event_name":"Forgotten Altar","floor":21,"gold_loss":0},{"damage_healed":0,"gold_gain":0,"player_choice":"Got Potions","damage_taken":0,"max_hp_gain":0,"max_hp_loss":0,"event_name":"Lab","floor":28,"gold_loss":0},{"damage_healed":0,"gold_gain":0,"player_choice":"Max HP","damage_taken":0,"max_hp_gain":0,"max_hp_loss":4,"event_name":"Winding Halls","floor":36,"gold_loss":0},{"damage_healed":0,"gold_gain":0,"player_choice":"Upgrade","damage_taken":0,"relics_obtained":["Mark of the Bloom"],"max_hp_gain":0,"max_hp_loss":0,"event_name":"MindBloom","floor":44,"gold_loss":0,"cards_upgraded":["Strike_G","Strike_G","Defend_G","Defend_G","Defend_G","Defend_G","Survivor","Neutralize","Dagger Throw","Riddle With Holes","Blur","Flying Knee","Leg Sweep","Dash","Cloak And Dagger","Malaise","Leg Sweep","Wraith Form v2","Acrobatics","Underhanded Strike","Bullet Time","Well Laid Plans","Envenom","Blur","Leg Sweep"]},{"cards_removed":["Leg Sweep"],"damage_healed":0,"gold_gain":0,"player_choice":"Removed Skill","damage_taken":0,"max_hp_gain":0,"max_hp_loss":0,"event_name":"Falling","floor":45,"gold_loss":0},{"damage_healed":0,"gold_gain":0,"player_choice":"Fight","damage_taken":0,"max_hp_gain":0,"max_hp_loss":0,"event_name":"Mysterious Sphere","floor":47,"gold_loss":0}],"is_beta":true,"boss_relics":[{"not_picked":["Calling Bell","Sozu"],"picked":"Snecko Eye"},{"not_picked":["Runic Dome","Philosopher\u0027s Stone"],"picked":"Astrolabe"}],"items_purged_floors":[4],"is_endless":false,"potions_floor_spawned":[1,8,13,14,22,24,30,33,35,41,42,47,48],"killed_by":"The Heart","ascension_level":11}