{"gold_per_floor":[111,111,61,61,71,96,96,109,134,153,163,163,163,163,163,265,265,282,282,381,397,397,83,83,93,93,93,120,120,154,154],"floor_reached":31,"playtime":2131,"items_purged":["Strike_G"],"score":401,"play_id":"b5c8a7bf-807c-4f6b-a808-a6690f657901","local_time":"20191001134530","is_ascension_mode":true,"campfire_choices":[{"data":"Terror","floor":7.0,"key":"SMITH"},{"data":"Poisoned Stab","floor":13.0,"key":"SMITH"},{"data":"Glass Knife","floor":15.0,"key":"SMITH"},{"data":"Envenom","floor":24.0,"key":"SMITH"},{"data":"Catalyst","floor":27.0,"key":"SMITH"},{"data":"After Image","floor":29,"key":"SMITH"}],"neow_cost":"NONE","seed_source_timestamp":0,"circlet_count":0,"master_deck":["Strike_G","Strike_G","Defend_G","Defend_G","Defend_G","Defend_G","Defend_G","Survivor","Neutralize+1","Footwork+1","Terror+1","Catalyst+1","Poisoned Stab+1","Glass Knife+1","Dagger Spray","Leg Sweep","Envenom+1","Setup+1","Deadly Poison","Poisoned Stab+1","After Image+1","Poisoned Stab+1"],"special_seed":0,"relics":["Happy Flower","Calipers","Snake Skull","Sozu","Nloth\u0027s Gift","Question Card","Molten Egg 2","Paper Crane"],"potions_floor_usage":[28],"damage_taken":[{"damage":0.0,"enemies":"2 Louse","floor":1.0,"turns":2.0},{"damage":1.0,"enemies":"Jaw Worm","floor":5.0,"turns":5.0},{"damage":9.0,"enemies":"Lagavulin","floor":6.0,"turns":10.0},{"damage":0.0,"enemies":"Cultist","floor":8.0,"turns":4.0},{"damage":0.0,"enemies":"Looter","floor":10.0,"turns":3.0},{"damage":5.0,"enemies":"Large Slime","floor":11.0,"turns":6.0},{"damage":0.0,"enemies":"The Guardian","floor":16.0,"turns":9.0},{"damage":0.0,"enemies":"3 Byrds","floor":18.0,"turns":5.0},{"damage":0.0,"enemies":"Chosen","floor":21.0,"turns":4.0},{"damage":8.0,"enemies":"Snecko","floor":25.0,"turns":4.0},{"damage":26,"enemies":"Slavers","floor":28,"turns":5},{"damage":30,"enemies":"Gremlin Leader","floor":30,"turns":7},{"damage":11,"enemies":"Centurion and Healer","floor":31,"turns":1}],"seed_played":"-481495139976901200","potions_obtained":[{"floor":5.0,"key":"Ancient Potion"},{"floor":6.0,"key":"SpeedPotion"},{"floor":16.0,"key":"Block Potion"}],"is_trial":false,"path_per_floor":["M","?","?","?","M","E","R","M","T","M","M","?","R","?","R","B",null,"M","?","?","M","?","$","R","M","T","R","E","R","E","M"],"character_chosen":"THE_SILENT","items_purchased":["Question Card"],"campfire_rested":0,"item_purchase_floors":[23],"current_hp_per_floor":[70,63,63,63,62,53,53,53,53,53,48,70,70,70,70,70,70,70,70,70,70,70,70,70,62,62,62,36,36,6,0],"gold":154,"neow_bonus":"UPGRADE_CARD","is_prod":false,"is_daily":false,"chose_seed":false,"campfire_upgraded":6,"win_rate":0,"timestamp":1569955530,"path_taken":["M","?","?","?","M","E","R","?","T","M","M","?","R","?","R","BOSS","M","?","?","M","?","$","R","?","T","R","E","R","E","M"],"build_version":"2019-07-17","purchased_purges":1,"victory":false,"max_hp_per_floor":[70,70,70,70,70,70,70,70,70,70,70,70,70,70,70,70,70,70,70,70,70,70,70,70,70,70,70,70,70,70,70],"card_choices":[{"not_picked":["Cloak And Dagger","Prepared"],"picked":"Footwork","floor":1.0},{"not_picked":["Deflect","Dodge and Roll"],"picked":"Terror","floor":5.0},{"not_picked":["Bane","Reflex"],"picked":"Catalyst","floor":6.0},{"not_picked":["Sucker Punch","Dodge and Roll"],"picked":"Poisoned Stab","floor":8.0},{"not_picked":["Heel Hook","Underhanded Strike"],"picked":"Glass Knife","floor":10.0},{"not_picked":["Tactician","Cloak And Dagger"],"picked":"Dagger Spray","floor":11.0},{"not_picked":["Doppelganger","Phantasmal Killer"],"picked":"Envenom","floor":16.0},{"not_picked":["Reflex+1","PiercingWail"],"picked":"Setup+1","floor":18.0},{"not_picked":["Deflect","Well Laid Plans"],"picked":"Deadly Poison","floor":21.0},{"not_picked":["Choke","Phantasmal Killer","Glass Knife"],"picked":"Poisoned Stab+1","floor":25.0},{"not_picked":["Die Die Die","Storm of Steel","Quick Slash+1"],"picked":"After Image","floor":28},{"not_picked":["Backstab+1","Wraith Form v2","Infinite Blades+1"],"picked":"Poisoned Stab+1","floor":30}],"player_experience":248739,"relics_obtained":[{"floor":6.0,"key":"Calipers"},{"floor":9.0,"key":"Snake Skull"},{"floor":28,"key":"Molten Egg 2"},{"floor":30,"key":"Paper Crane"}],"event_choices":[{"damage_healed":0.0,"max_hp_gain":0.0,"max_hp_loss":0.0,"gold_gain":0.0,"event_name":"Scrap Ooze","player_choice":"Success","floor":2.0,"gold_loss":0.0,"damage_taken":7.0,"relics_obtained":["Happy Flower"]},{"cards_removed":["Strike_G"],"damage_healed":0.0,"max_hp_gain":0.0,"max_hp_loss":0.0,"gold_gain":0.0,"event_name":"The Cleric","player_choice":"Card Removal","floor":3.0,"gold_loss":50.0,"damage_taken":0.0},{"damage_healed":0.0,"max_hp_gain":0.0,"max_hp_loss":0.0,"gold_gain":0.0,"event_name":"Upgrade Shrine","player_choice":"Upgraded","floor":4.0,"gold_loss":0.0,"damage_taken":0.0,"cards_upgraded":["Footwork"]},{"damage_healed":23.0,"max_hp_gain":0.0,"max_hp_loss":0.0,"gold_gain":0.0,"event_name":"Big Fish","player_choice":"Banana","floor":12.0,"gold_loss":0.0,"damage_taken":0.0},{"damage_healed":0.0,"max_hp_gain":0.0,"max_hp_loss":0.0,"gold_gain":0.0,"cards_transformed":["Strike_G"],"event_name":"Living Wall","player_choice":"Change","floor":14.0,"gold_loss":0.0,"damage_taken":0.0,"cards_obtained":["Leg Sweep"]},{"damage_healed":0.0,"max_hp_gain":0.0,"max_hp_loss":0.0,"gold_gain":0.0,"event_name":"Ghosts","player_choice":"Ignored","floor":19.0,"gold_loss":0.0,"damage_taken":0.0},{"damage_healed":0.0,"max_hp_gain":0.0,"max_hp_loss":0.0,"gold_gain":99.0,"event_name":"Nest","player_choice":"Stole From Cult","floor":20.0,"gold_loss":0.0,"damage_taken":0.0},{"damage_healed":0.0,"max_hp_gain":0.0,"max_hp_loss":0.0,"gold_gain":0.0,"event_name":"N\u0027loth","player_choice":"Traded Relic","floor":22.0,"relics_lost":["Ring of the Snake"],"gold_loss":0.0,"damage_taken":0.0,"relics_obtained":["Nloth\u0027s Gift"]}],"is_beta":false,"boss_relics":[{"not_picked":["Cursed Key","Eternal Feather"],"picked":"Sozu"}],"items_purged_floors":[23],"is_endless":false,"potions_floor_spawned":[5,6,16,21,25,28],"killed_by":"Centurion and Healer","ascension_level":5}