{"gold_per_floor":[117,133,152,31,47,47,47,47,129,129,161,161,171,190,190,190],"floor_reached":16,"playtime":804,"items_purged":["Strike_R"],"score":117,"play_id":"ee3a571c-aee6-4d0d-b046-daddb63693bc","local_time":"20190930114400","is_ascension_mode":true,"campfire_choices":[{"data":"Rampage","floor":6,"key":"SMITH"},{"data":"Warcry","floor":8,"key":"SMITH"},{"data":"Warcry","floor":10,"key":"SMITH"},{"data":"Whirlwind","floor":12,"key":"SMITH"},{"data":"Ghostly Armor","floor":15,"key":"SMITH"}],"neow_cost":"TEN_PERCENT_HP_LOSS","seed_source_timestamp":1019746819100,"circlet_count":0,"master_deck":["Strike_R","Strike_R","Strike_R","Defend_R","Defend_R","Defend_R","Bash","Cleave","Rampage+1","Warcry+1","Warcry+1","Whirlwind+1","Ghostly Armor+1"],"relics":["Burning Blood","Matryoshka","Dream Catcher"],"potions_floor_usage":[11,11,13],"damage_taken":[{"damage":8,"enemies":"Jaw Worm","floor":1,"turns":4},{"damage":6,"enemies":"Cultist","floor":2,"turns":3},{"damage":10,"enemies":"Small Slimes","floor":3,"turns":3},{"damage":5,"enemies":"2 Fungi Beasts","floor":5,"turns":3},{"damage":20,"enemies":"3 Sentries","floor":11,"turns":6},{"damage":19,"enemies":"Large Slime","floor":13,"turns":5},{"damage":1,"enemies":"Exordium Wildlife","floor":14,"turns":3},{"damage":64,"enemies":"Hexaghost","floor":16,"turns":9}],"seed_played":"5979701340700371819","potions_obtained":[{"floor":1,"key":"SteroidPotion"},{"floor":5,"key":"AttackPotion"},{"floor":7,"key":"BloodPotion"},{"floor":7,"key":"AttackPotion"}],"is_trial":false,"path_per_floor":["M","M","M","$","M","R","?","R","T","R","E","R","M","M","R","B"],"character_chosen":"IRONCLAD","items_purchased":["Warcry"],"campfire_rested":0,"item_purchase_floors":[4],"current_hp_per_floor":[70,70,66,66,67,67,67,67,67,67,53,53,58,63,63,0],"gold":190,"neow_bonus":"REMOVE_TWO","is_prod":false,"is_daily":false,"chose_seed":false,"campfire_upgraded":5,"win_rate":0,"timestamp":1569861840,"path_taken":["M","M","M","$","M","R","?","R","T","R","E","R","M","?","R","BOSS"],"build_version":"2019-07-17","purchased_purges":1,"victory":false,"max_hp_per_floor":[72,72,72,72,72,72,72,72,72,72,72,72,72,72,72,72],"card_choices":[{"not_picked":["Sever Soul","Perfected Strike"],"picked":"Cleave","floor":1},{"not_picked":["Iron Wave","Burning Pact"],"picked":"Rampage","floor":2},{"not_picked":["Impervious","Sword Boomerang"],"picked":"Warcry","floor":3},{"not_picked":["Sword Boomerang","Clothesline","Body Slam"],"picked":"SKIP","floor":5},{"not_picked":["Hemokinesis","Reckless Charge"],"picked":"Whirlwind","floor":11},{"not_picked":["Havoc","Carnage"],"picked":"Ghostly Armor","floor":13},{"not_picked":["Reckless Charge","Juggernaut","Clash"],"picked":"SKIP","floor":14}],"player_experience":227392,"relics_obtained":[{"floor":9,"key":"Matryoshka"},{"floor":11,"key":"Dream Catcher"}],"event_choices":[{"damage_healed":0,"gold_gain":0,"player_choice":"Got Potions","damage_taken":0,"max_hp_gain":0,"max_hp_loss":0,"event_name":"Lab","floor":7,"gold_loss":0}],"is_beta":false,"boss_relics":[],"items_purged_floors":[4],"is_endless":false,"potions_floor_spawned":[1,5],"killed_by":"Hexaghost","ascension_level":3}