{"gold_per_floor":[115,15,90,90,90,124,124,154,200,215,230,230,246,259,259,354,354,370,370,387,302,302,331,331,331],"floor_reached":25,"playtime":1305,"items_purged":["Defend_R"],"score":240,"play_id":"ffcf0255-ef4b-47b7-b4d5-ec595c8b9f47","local_time":"20180722121322","is_ascension_mode":true,"campfire_choices":[{"floor":7,"key":"REST"},{"floor":12,"key":"REST"},{"data":"Infernal Blade","floor":15,"key":"SMITH"},{"data":"Limit Break","floor":24,"key":"SMITH"}],"neow_cost":"NONE","seed_source_timestamp":681562254414336,"circlet_count":0,"master_deck":["Bash","Flex","Power Through","Armaments+1","Shrug It Off","Whirlwind","Infernal Blade+1","Thunderclap","Battle Trance","Offering","Infernal Blade","Flex","Disarm","Ghostly Armor+1","Thunderclap","Inflame+1","Juggernaut","RitualDagger","Limit Break+1"],"relics":["Burning Blood","Matryoshka","Art of War","Juzu Bracelet","Regal Pillow","Pandora\u0027s Box","Strawberry","War Paint"],"potions_floor_usage":[8,16,16,20],"damage_taken":[{"damage":11,"enemies":"Jaw Worm","floor":1,"turns":3},{"damage":35,"enemies":"Lagavulin","floor":6,"turns":6},{"damage":48,"enemies":"Gremlin Nob","floor":8,"turns":6},{"damage":0,"enemies":"2 Louse","floor":10,"turns":4},{"damage":8,"enemies":"Small Slimes","floor":11,"turns":3},{"damage":13,"enemies":"Red Slaver","floor":13,"turns":2},{"damage":13,"enemies":"Lots of Slimes","floor":14,"turns":3},{"damage":53,"enemies":"The Guardian","floor":16,"turns":17},{"damage":41,"enemies":"Spheric Guardian","floor":18,"turns":6},{"damage":5,"enemies":"3 Byrds","floor":20,"turns":3},{"damage":28,"enemies":"Gremlin Leader","floor":23,"turns":7},{"damage":35,"enemies":"Slavers","floor":25,"turns":3}],"seed_played":"-6959635048865883737","potions_obtained":[{"floor":1,"key":"Dexterity Potion"},{"floor":10,"key":"Swift Potion"},{"floor":13,"key":"SteroidPotion"},{"floor":18,"key":"Regen Potion"}],"is_trial":false,"path_per_floor":["M","$","?","?","?","E","R","E","T","M","M","R","M","M","R","B",null,"M","?","M","?","?","E","R"],"character_chosen":"IRONCLAD","items_purchased":["Armaments"],"campfire_rested":2,"item_purchase_floors":[2],"current_hp_per_floor":[75,75,64,64,64,35,59,17,17,23,21,60,53,66,66,19,80,45,45,51,58,52,30,30,0],"gold":331,"neow_bonus":"TRANSFORM_CARD","is_prod":false,"is_daily":false,"chose_seed":false,"campfire_upgraded":2,"win_rate":0,"timestamp":1532250802,"path_taken":["M","$","?","?","?","E","R","E","T","M","M","R","M","M","R","BOSS","M","?","M","?","?","E","R","E"],"build_version":"2018-07-19v2","purchased_purges":1,"victory":false,"max_hp_per_floor":[80,80,80,80,80,80,80,80,80,80,80,80,80,80,80,80,80,80,80,80,87,87,87,87,87],"card_choices":[{"not_picked":["Shrug It Off","Rupture"],"picked":"Power Through","floor":1},{"not_picked":["Second Wind","Corruption"],"picked":"Shrug It Off","floor":6},{"not_picked":["Twin Strike","Clash","Berserk"],"picked":"SKIP","floor":8},{"not_picked":["Clash","Metallicize"],"picked":"Whirlwind","floor":10},{"not_picked":["Feel No Pain","Pommel Strike"],"picked":"Infernal Blade","floor":11},{"not_picked":["Warcry","Clothesline"],"picked":"Thunderclap","floor":13},{"not_picked":["Searing Blow","Reckless Charge"],"picked":"Battle Trance","floor":14},{"not_picked":["Barricade","Bludgeon"],"picked":"Offering","floor":16},{"not_picked":["Metallicize","Hemokinesis+1"],"picked":"Inflame+1","floor":18},{"not_picked":["Sword Boomerang+1","Clash","Ghostly Armor"],"picked":"SKIP","floor":20},{"not_picked":["Clothesline","Warcry"],"picked":"Limit Break","floor":23}],"player_experience":168216,"relics_obtained":[{"floor":6,"key":"Matryoshka"},{"floor":8,"key":"Art of War"},{"floor":9,"key":"Juzu Bracelet"},{"floor":9,"key":"Regal Pillow"},{"floor":23,"key":"War Paint"}],"event_choices":[{"event_name":"World of Goop","player_choice":"Gather Gold","floor":3,"damage_taken":0},{"event_name":"The Woman in Blue","player_choice":"Bought 0 Potions","floor":4,"damage_taken":0},{"event_name":"Purifier","player_choice":"One Purge","floor":5,"damage_taken":0},{"event_name":"Transmorgrifier","player_choice":"Transform","floor":19,"damage_taken":0},{"event_name":"Addict","player_choice":"Obtained Relic","floor":21,"damage_taken":0},{"event_name":"Nest","player_choice":"Joined the Cult","floor":22,"damage_taken":0}],"is_beta":false,"boss_relics":[{"not_picked":["Astrolabe","Tiny House"],"picked":"Pandora\u0027s Box"}],"items_purged_floors":[2],"is_endless":false,"potions_floor_spawned":[1,10,13,18],"killed_by":"Slavers","ascension_level":1}