{"gold_per_floor":[119,119,144,159,159,192,142,142,211,211,211,242,242,276,276,402,402,418,432,432,447,460,460,485,485,511,511,360,360,390,409,409,511,511,528,528,539,162,179,205,217,217,264,291,82,82,99,99,99,99,99,99,18,47,47],"floor_reached":56,"playtime":2744,"items_purged":["Perfected Strike","Strike_R","Strike_R"],"score":1311,"play_id":"b551f50c-9183-4119-ae7f-274cdaa4da40","local_time":"20190623140832","is_ascension_mode":false,"campfire_choices":[{"data":"Cleave","floor":11,"key":"SMITH"},{"data":"Metallicize","floor":15,"key":"SMITH"},{"data":"Shrug It Off","floor":23,"key":"SMITH"},{"data":"Barricade","floor":25,"key":"SMITH"},{"data":"Rampage","floor":29,"key":"SMITH"},{"data":"Pommel Strike","floor":32,"key":"SMITH"},{"data":"Juggernaut","floor":42,"key":"SMITH"},{"data":"Impervious","floor":46,"key":"SMITH"},{"floor":49,"key":"RECALL"},{"data":"Offering","floor":52,"key":"SMITH"}],"neow_cost":"NONE","seed_source_timestamp":678722900572376,"circlet_count":0,"master_deck":["Strike_R","Defend_R","Defend_R","Defend_R","Defend_R","Bash+1","Shrug It Off+1","Cleave+1","Metallicize+1","Offering+1","Wild Strike","Barricade+1","Iron Wave+1","Iron Wave+1","Body Slam+1","Rampage+1","Pommel Strike+1","Juggernaut+1","Madness","Madness","Sword Boomerang+1","Offering","Shrug It Off","Headbutt","Impervious+1","Finesse","Finesse","Feel No Pain","Seeing Red+1"],"relics":["Burning Blood","Bloody Idol","Boot","Blue Candle","Question Card","hubris:Spice","hubris:Metronome","Runic Dome","Bronze Scales","Vajra","Juzu Bracelet","Ornamental Fan","Pantograph"],"potions_floor_usage":[6,16,24,55,55,55],"damage_taken":[{"damage":6,"enemies":"Cultist","floor":1,"turns":3},{"damage":0,"enemies":"2 Louse","floor":3,"turns":3},{"damage":0,"enemies":"Small Slimes","floor":4,"turns":3},{"damage":20,"enemies":"Gremlin Nob","floor":6,"turns":4},{"damage":36,"enemies":"Lagavulin","floor":12,"turns":6},{"damage":11,"enemies":"Gremlin Nob","floor":14,"turns":3},{"damage":23,"enemies":"The Guardian","floor":16,"turns":13},{"damage":9,"enemies":"Shell Parasite","floor":18,"turns":8},{"damage":6,"enemies":"Chosen","floor":19,"turns":3},{"damage":6,"enemies":"Sentry and Sphere","floor":21,"turns":3},{"damage":21,"enemies":"Centurion and Healer","floor":22,"turns":4},{"damage":13,"enemies":"Book of Stabbing","floor":24,"turns":5},{"damage":8,"enemies":"Gremlin Leader","floor":30,"turns":4},{"damage":16,"enemies":"Cultist and Chosen","floor":31,"turns":3},{"damage":36,"enemies":"Champ","floor":33,"turns":8},{"damage":11,"enemies":"3 Shapes","floor":35,"turns":5},{"damage":6,"enemies":"Orb Walker","floor":37,"turns":2},{"damage":12,"enemies":"Sphere and 2 Shapes","floor":39,"turns":3},{"damage":12,"enemies":"Reptomancer","floor":40,"turns":5},{"damage":7,"enemies":"Spire Growth","floor":41,"turns":4},{"damage":35,"enemies":"Nemesis","floor":44,"turns":5},{"damage":6,"enemies":"Jaw Worm Horde","floor":47,"turns":3},{"damage":31,"enemies":"Awakened One","floor":50,"turns":7},{"damage":12,"enemies":"Shield and Spear","floor":54,"turns":4},{"damage":54,"enemies":"The Heart","floor":55,"turns":7}],"seed_played":"-4013806139257319021","potions_obtained":[{"floor":3,"key":"Ancient Potion"},{"floor":12,"key":"Block Potion"},{"floor":19,"key":"SpeedPotion"},{"floor":21,"key":"Dexterity Potion"},{"floor":22,"key":"Weak Potion"},{"floor":31,"key":"Swift Potion"},{"floor":39,"key":"LiquidBronze"}],"is_trial":false,"path_per_floor":["M","?","M","M","?","E","?","?","T","T","R","E","?","E","R","B",null,"M","M","?","M","M","R","E","R","T","?","$","R","E","M","R","B",null,"M","?","M","$","M","E","M","R","T","E","$","R","M","?","R","B",null,"R","$","E","B",null],"character_chosen":"IRONCLAD","items_purchased":["Rampage","Offering","Shrug It Off","Vajra","Finesse","Feel No Pain"],"campfire_rested":0,"item_purchase_floors":[28,38,38,38,45,53],"current_hp_per_floor":[88,66,72,78,83,69,69,69,69,69,69,47,47,42,42,25,101,98,98,98,101,91,91,89,89,94,94,94,94,105,100,100,75,101,101,88,93,93,92,91,95,95,100,76,76,76,81,71,71,46,101,101,101,100,53],"gold":47,"neow_bonus":"TEN_PERCENT_HP_BONUS","is_prod":false,"is_daily":false,"chose_seed":false,"campfire_upgraded":9,"win_rate":0,"timestamp":1561295312,"path_taken":["M","?","M","M","?","E","?","?","T","?","R","E","?","E","R","BOSS","M","?","?","M","M","R","E","R","T","?","$","R","E","M","R","BOSS","M","?","M","$","M","E","M","R","T","E","$","R","M","?","R","BOSS","R","$","E","BOSS"],"build_version":"2019-01-23","purchased_purges":3,"victory":true,"max_hp_per_floor":[88,88,88,88,93,93,93,93,93,93,93,101,101,101,101,101,101,101,101,101,101,101,101,101,101,101,101,101,101,109,109,109,109,101,101,101,101,101,101,101,101,101,101,101,101,101,101,101,101,101,101,101,101,101,101],"card_choices":[{"not_picked":["True Grit","Warcry"],"picked":"Shrug It Off","floor":1},{"not_picked":["Shrug It Off","Evolve"],"picked":"Cleave","floor":3},{"not_picked":["Metallicize","hubris:ReadiedAction"],"picked":"Perfected Strike","floor":4},{"not_picked":["Evolve","True Grit"],"picked":"Metallicize","floor":6},{"not_picked":["Pommel Strike","Clothesline","Sever Soul"],"picked":"Offering","floor":12},{"not_picked":["Body Slam","Havoc","Warcry"],"picked":"Wild Strike","floor":14},{"not_picked":["hubris:StunningStrike","Fiend Fire","Exhume"],"picked":"Barricade","floor":16},{"not_picked":["Twin Strike","Thunderclap","Anger"],"picked":"Iron Wave+1","floor":18},{"not_picked":["Flex","Cleave","Armaments","Anger"],"picked":"SKIP","floor":19},{"not_picked":["Headbutt","Thunderclap","Flex+1","Sentinel+1"],"picked":"SKIP","floor":21},{"not_picked":["Fire Breathing+1","Headbutt+1","Clothesline"],"picked":"Iron Wave+1","floor":22},{"not_picked":["Exhume","Anger","Rupture+1"],"picked":"Body Slam+1","floor":24},{"not_picked":["Infernal Blade","Pommel Strike","Warcry","Heavy Blade"],"picked":"SKIP","floor":30},{"not_picked":["Bloodletting+1","Thunderclap","Flex"],"picked":"Pommel Strike","floor":31},{"not_picked":["Fiend Fire","Offering","Immolate"],"picked":"Juggernaut","floor":33},{"not_picked":["hubris:ReadiedAction","hubris:SpiceAddiction","Infernal Blade","hubris:SpiceAddiction"],"picked":"SKIP","floor":35},{"not_picked":["Inflame+1","Armaments+1","Body Slam+1"],"picked":"Sword Boomerang+1","floor":37},{"not_picked":["Sword Boomerang+1","Rampage+1","Rupture+1"],"picked":"Headbutt","floor":39},{"not_picked":["Flex+1","hubris:ReadiedAction+1","Blood for Blood","Armaments+1"],"picked":"SKIP","floor":40},{"not_picked":["True Grit","Rupture","Clash+1","Havoc"],"picked":"SKIP","floor":41},{"not_picked":["Fire Breathing","Rampage","hubris:CleavingFinish"],"picked":"Impervious","floor":44},{"not_picked":["hubris:SpiceAddiction","Flex+1","hubris:CleavingFinish","Havoc+1"],"picked":"SKIP","floor":47},{"not_picked":["Impatience","Dark Shackles","Jack Of All Trades"],"picked":"Finesse","floor":48},{"not_picked":["hubris:ReadiedAction","Body Slam","Perfected Strike+1"],"picked":"Seeing Red+1","floor":54}],"player_experience":1629786,"relics_obtained":[{"floor":6,"key":"Boot"},{"floor":9,"key":"Blue Candle"},{"floor":10,"key":"Question Card"},{"floor":12,"key":"hubris:Spice"},{"floor":14,"key":"hubris:Metronome"},{"floor":24,"key":"Bronze Scales"},{"floor":30,"key":"hubris:Spice"},{"floor":40,"key":"Juzu Bracelet"},{"floor":44,"key":"Ornamental Fan"},{"floor":54,"key":"Pantograph"}],"event_choices":[{"damage_healed":0,"gold_gain":0,"player_choice":"Take Damage","damage_taken":22,"relics_obtained":["Golden Idol"],"max_hp_gain":0,"max_hp_loss":0,"event_name":"Golden Idol","floor":2,"gold_loss":0},{"damage_healed":0,"gold_gain":0,"player_choice":"Donut","damage_taken":0,"max_hp_gain":5,"max_hp_loss":0,"event_name":"Big Fish","floor":5,"gold_loss":0},{"cards_removed":["Strike_R"],"damage_healed":0,"gold_gain":0,"player_choice":"Card Removal","damage_taken":0,"max_hp_gain":0,"max_hp_loss":0,"event_name":"The Cleric","floor":7,"gold_loss":50},{"damage_healed":0,"gold_gain":0,"player_choice":"Grow","damage_taken":0,"max_hp_gain":0,"max_hp_loss":0,"event_name":"Living Wall","floor":8,"gold_loss":0,"cards_upgraded":["Bash"]},{"cards_removed":["Strike_R"],"damage_healed":0,"gold_gain":0,"player_choice":"Offered Basic","damage_taken":0,"max_hp_gain":0,"max_hp_loss":0,"event_name":"Bonfire Elementals","floor":13,"gold_loss":0},{"damage_healed":0,"gold_gain":0,"player_choice":"Gave Idol","damage_taken":0,"relics_obtained":["Bloody Idol"],"max_hp_gain":0,"max_hp_loss":0,"event_name":"Forgotten Altar","floor":20,"relics_lost":["Golden Idol"],"gold_loss":0},{"damage_healed":0,"gold_gain":0,"player_choice":"Ignored","damage_taken":0,"max_hp_gain":0,"max_hp_loss":0,"event_name":"Vampires","floor":27,"gold_loss":0},{"damage_healed":0,"gold_gain":0,"player_choice":"Embrace Madness","damage_taken":13,"max_hp_gain":0,"max_hp_loss":0,"event_name":"Winding Halls","floor":36,"gold_loss":0,"cards_obtained":["Madness","Madness"]},{"damage_healed":0,"gold_gain":0,"player_choice":"Memory 3","damage_taken":10,"max_hp_gain":0,"max_hp_loss":0,"event_name":"SensoryStone","floor":48,"gold_loss":0}],"is_beta":false,"boss_relics":[{"not_picked":["Eternal Feather","Fusion Hammer"],"picked":"Runic Dome"},{"not_picked":["hubris:BlackHole","Sozu"],"picked":"hubris:Spice"}],"items_purged_floors":[28,38,45],"is_endless":false,"potions_floor_spawned":[3,12,19,21,22,31,39,41],"ascension_level":0}