{"gold_per_floor":[112,123,123,123,11,39,53,85,85,85,105,117,148,160,160,259,259,273,29,49,49,60,60,70,101,124,34,47,81,100,129,129,226,226,242,242,262,262,273,273,305,83,106,120,147,147,158,191,191,191,191,191,9,36,36],"floor_reached":56,"playtime":2967,"items_purged":["Strike_G","Strike_G","Strike_G"],"score":1569,"play_id":"b647cfa0-e862-46f4-a436-6fe65e13cc52","local_time":"20190627205052","is_ascension_mode":false,"campfire_choices":[{"data":"Noxious Fumes","floor":10,"key":"SMITH"},{"data":"Well Laid Plans","floor":15,"key":"SMITH"},{"data":"Flechettes","floor":23,"key":"SMITH"},{"data":"Deadly Poison","floor":32,"key":"SMITH"},{"data":"Footwork","floor":40,"key":"SMITH"},{"floor":46,"key":"RECALL"},{"data":"Panache","floor":49,"key":"SMITH"},{"data":"Defend_G","floor":52,"key":"SMITH"}],"neow_cost":"NONE","seed_source_timestamp":1048253999010776,"circlet_count":0,"master_deck":["Defend_G+1","Defend_G","Defend_G","Defend_G+1","Defend_G+1","Strike_G+1","Survivor+1","Neutralize+1","Deadly Poison+1","Bouncing Flask+1","Noxious Fumes+1","Well Laid Plans+1","Burst+1","Flechettes+1","Outmaneuver+1","Expertise+1","Backflip+1","Adrenaline+1","Dodge and Roll+1","Blur+1","Flying Knee+1","Deadly Poison+1","Acrobatics+1","Tactician+1","Acrobatics+1","Corpse Explosion+1","PiercingWail+1","Adrenaline+1","Footwork+1","Acrobatics+1","Caltrops+1","Panache+1","Parasite","Blur+1","Deflect+1","Tools of the Trade+1"],"relics":["Ring of the Snake","Toxic Egg 2","Whetstone","Sundial","Matryoshka","Mercury Hourglass","Eternal Feather","Snake Skull","Mummified Hand","Smiling Mask","Lantern","Question Card","War Paint","Busted Crown","Oddly Smooth Stone","Blue Candle","Frozen Egg 2","Blood Vial","Bag of Marbles"],"potions_floor_usage":[8,16,22,31,33,45,55,55,55,55,55],"damage_taken":[{"damage":0,"enemies":"Cultist","floor":1,"turns":4},{"damage":1,"enemies":"Jaw Worm","floor":2,"turns":4},{"damage":8,"enemies":"Gremlin Nob","floor":6,"turns":4},{"damage":0,"enemies":"2 Louse","floor":7,"turns":2},{"damage":19,"enemies":"3 Sentries","floor":8,"turns":7},{"damage":6,"enemies":"Exordium Thugs","floor":11,"turns":4},{"damage":7,"enemies":"Blue Slaver","floor":12,"turns":3},{"damage":16,"enemies":"Gremlin Nob","floor":13,"turns":4},{"damage":3,"enemies":"Red Slaver","floor":14,"turns":3},{"damage":0,"enemies":"Hexaghost","floor":16,"turns":6},{"damage":5,"enemies":"Chosen","floor":18,"turns":3},{"damage":0,"enemies":"3 Byrds","floor":20,"turns":3},{"damage":0,"enemies":"Cultist and Chosen","floor":22,"turns":5},{"damage":0,"enemies":"Snecko","floor":24,"turns":2},{"damage":4,"enemies":"Book of Stabbing","floor":25,"turns":5},{"damage":0,"enemies":"3 Cultists","floor":28,"turns":2},{"damage":0,"enemies":"Gremlin Leader","floor":29,"turns":3},{"damage":0,"enemies":"Cultist and Chosen","floor":30,"turns":3},{"damage":0,"enemies":"Slavers","floor":31,"turns":5},{"damage":0,"enemies":"Collector","floor":33,"turns":8},{"damage":0,"enemies":"3 Darklings","floor":35,"turns":3},{"damage":0,"enemies":"3 Shapes","floor":37,"turns":2},{"damage":0,"enemies":"3 Darklings","floor":39,"turns":2},{"damage":0,"enemies":"Giant Head","floor":41,"turns":5},{"damage":9,"enemies":"Writhing Mass","floor":44,"turns":3},{"damage":5,"enemies":"Reptomancer","floor":45,"turns":4},{"damage":0,"enemies":"Jaw Worm Horde","floor":47,"turns":2},{"damage":0,"enemies":"Nemesis","floor":48,"turns":3},{"damage":21,"enemies":"Time Eater","floor":50,"turns":11},{"damage":0,"enemies":"Shield and Spear","floor":54,"turns":3},{"damage":2,"enemies":"The Heart","floor":55,"turns":8}],"seed_played":"-630420292591647143","potions_obtained":[{"floor":7,"key":"Swift Potion"},{"floor":11,"key":"AttackPotion"},{"floor":12,"key":"Regen Potion"},{"floor":13,"key":"Explosive Potion"},{"floor":20,"key":"Explosive Potion"},{"floor":21,"key":"EntropicBrew"},{"floor":24,"key":"Explosive Potion"},{"floor":28,"key":"PowerPotion"},{"floor":30,"key":"Dexterity Potion"},{"floor":33,"key":"Ancient Potion"},{"floor":35,"key":"Explosive Potion"},{"floor":37,"key":"EssenceOfSteel"},{"floor":47,"key":"GamblersBrew"},{"floor":54,"key":"Dexterity Potion"}],"is_trial":false,"path_per_floor":["M","M","?","T","$","E","M","E","T","R","M","M","E","M","R","B",null,"M","$","M","?","M","R","M","E","T","?","M","E","M","E","R","B",null,"M","?","M","?","M","R","E","$","T","M","E","R","M","E","R","B",null,"R","$","E","B",null],"character_chosen":"THE_SILENT","items_purchased":["Noxious Fumes","Snake Skull","Panache","Deflect+1","Tools of the Trade+1"],"campfire_rested":0,"item_purchase_floors":[5,19,42,53,53],"current_hp_per_floor":[77,76,76,76,76,68,68,49,49,49,43,36,20,17,17,32,77,72,72,72,72,72,77,77,73,73,73,73,73,73,73,77,77,77,77,77,77,73,73,73,73,73,73,64,59,73,73,73,73,52,73,73,73,73,73],"gold":36,"neow_bonus":"TEN_PERCENT_HP_BONUS","is_prod":false,"is_daily":false,"chose_seed":false,"campfire_upgraded":7,"win_rate":0,"timestamp":1561665052,"path_taken":["M","M","?","?","?","E","?","E","T","R","M","M","E","M","R","BOSS","M","$","M","?","?","R","M","E","T","?","M","E","M","E","R","BOSS","M","?","?","?","M","R","E","$","T","M","E","R","M","E","R","BOSS","R","$","E","BOSS"],"build_version":"2019-01-23","purchased_purges":3,"victory":true,"max_hp_per_floor":[77,77,77,77,77,77,77,77,77,77,77,77,77,77,77,77,77,77,77,77,77,77,77,77,77,77,77,77,77,77,77,77,77,77,77,77,77,73,73,73,73,73,73,73,73,73,73,73,73,73,73,73,73,73,73],"card_choices":[{"not_picked":["Backflip","Flechettes"],"picked":"Deadly Poison","floor":1},{"not_picked":["Sucker Punch","Riddle With Holes"],"picked":"Bouncing Flask","floor":2},{"not_picked":["Escape Plan+1","Cloak And Dagger+1"],"picked":"Well Laid Plans","floor":6},{"not_picked":["Masterful Stab","Dagger Throw"],"picked":"Burst+1","floor":7},{"not_picked":["Flying Knee","Reflex+1","Choke"],"picked":"SKIP","floor":8},{"not_picked":["Dagger Throw","Blade Dance+1"],"picked":"Flechettes","floor":11},{"not_picked":["Terror+1","Dagger Throw"],"picked":"Outmaneuver+1","floor":12},{"not_picked":["Dagger Throw","Poisoned Stab"],"picked":"Expertise+1","floor":13},{"not_picked":["Footwork","Setup+1"],"picked":"Backflip+1","floor":14},{"not_picked":["A Thousand Cuts","Grand Finale"],"picked":"Adrenaline+1","floor":16},{"not_picked":["Quick Slash+1","Riddle With Holes+1","Dagger Throw"],"picked":"SKIP","floor":18},{"not_picked":["Terror+1","Quick Slash"],"picked":"Dodge and Roll+1","floor":20},{"not_picked":["Blade Dance+1","Heel Hook"],"picked":"Blur+1","floor":22},{"not_picked":["Choke","Outmaneuver+1"],"picked":"Flying Knee+1","floor":24},{"not_picked":["Venomology+1","Dodge and Roll+1"],"picked":"Deadly Poison+1","floor":25},{"not_picked":["Infinite Blades","Blade Dance+1","Dagger Throw"],"picked":"SKIP","floor":28},{"not_picked":["Slice+1","Dodge and Roll+1"],"picked":"Acrobatics+1","floor":29},{"not_picked":["All Out Attack+1","Underhanded Strike","Deadly Poison+1"],"picked":"Tactician+1","floor":30},{"not_picked":["Blade Dance+1","Heel Hook","Escape Plan+1"],"picked":"Acrobatics+1","floor":31},{"not_picked":["Doppelganger+1","Die Die Die","Venomology+1"],"picked":"Corpse Explosion+1","floor":33},{"not_picked":["Flying Knee+1"],"picked":"PiercingWail+1","floor":35},{"not_picked":["Deflect+1"],"picked":"Footwork","floor":37},{"not_picked":["Bouncing Flask+1"],"picked":"Acrobatics+1","floor":39},{"not_picked":["Dagger Spray"],"picked":"Caltrops+1","floor":41},{"not_picked":["Dagger Throw","Setup+1"],"picked":"SKIP","floor":44},{"not_picked":["Escape Plan+1","Infinite Blades"],"picked":"SKIP","floor":45},{"not_picked":["Riddle With Holes+1","Sucker Punch"],"picked":"SKIP","floor":47},{"not_picked":["Well Laid Plans+1"],"picked":"Blur+1","floor":48},{"not_picked":["Riddle With Holes","Dodge and Roll+1"],"picked":"SKIP","floor":54}],"player_experience":1647810,"relics_obtained":[{"floor":4,"key":"Toxic Egg 2"},{"floor":6,"key":"Whetstone"},{"floor":8,"key":"Sundial"},{"floor":9,"key":"Matryoshka"},{"floor":13,"key":"Mercury Hourglass"},{"floor":25,"key":"Mummified Hand"},{"floor":26,"key":"Smiling Mask"},{"floor":26,"key":"Lantern"},{"floor":29,"key":"Question Card"},{"floor":31,"key":"War Paint"},{"floor":41,"key":"Oddly Smooth Stone"},{"floor":43,"key":"Blue Candle"},{"floor":45,"key":"Frozen Egg 2"},{"floor":48,"key":"Blood Vial"},{"floor":54,"key":"Bag of Marbles"}],"event_choices":[{"damage_healed":0,"gold_gain":0,"player_choice":"Grow","damage_taken":0,"max_hp_gain":0,"max_hp_loss":0,"event_name":"Living Wall","floor":3,"gold_loss":0,"cards_upgraded":["Bouncing Flask"]},{"damage_healed":0,"gold_gain":0,"player_choice":"Got Potions","damage_taken":0,"max_hp_gain":0,"max_hp_loss":0,"event_name":"Lab","floor":21,"gold_loss":0},{"cards_removed":["Strike_G"],"damage_healed":0,"gold_gain":0,"player_choice":"Upgrade and Remove","damage_taken":0,"max_hp_gain":0,"max_hp_loss":0,"event_name":"Designer","floor":27,"gold_loss":90,"cards_upgraded":["Defend_G"]},{"damage_healed":0,"gold_gain":0,"player_choice":"Copied","damage_taken":0,"max_hp_gain":0,"max_hp_loss":0,"event_name":"Duplicator","floor":36,"gold_loss":0,"cards_obtained":["Adrenaline"]},{"damage_healed":0,"gold_gain":0,"player_choice":"Max HP","damage_taken":0,"max_hp_gain":0,"max_hp_loss":4,"event_name":"Winding Halls","floor":38,"gold_loss":0}],"is_beta":false,"boss_relics":[{"not_picked":["Coffee Dripper","Philosopher\u0027s Stone"],"picked":"Eternal Feather"},{"not_picked":["Astrolabe","Empty Cage"],"picked":"Busted Crown"}],"items_purged_floors":[5,19,42],"is_endless":false,"potions_floor_spawned":[7,11,12,13,14,20,24,28,29,30,33,35,37,47,54],"ascension_level":0}