{"gold_per_floor":[114,114,35,49,69,69,80,80,106,137,149,149,10,43,43,139,139,159,171,188,42,58,58,58],"floor_reached":24,"playtime":1824,"items_purged":[],"score":218,"play_id":"4cbcea15-5807-4a20-a901-ced0fab5b371","local_time":"20190915165521","is_ascension_mode":true,"campfire_choices":[{"data":"Crippling Poison","floor":6.0,"key":"SMITH"},{"data":"Tactician","floor":8.0,"key":"SMITH"},{"floor":15.0,"key":"REST"},{"floor":23,"key":"REST"}],"neow_cost":"NONE","seed_source_timestamp":0,"circlet_count":0,"master_deck":["Strike_G","Strike_G","Strike_G","Strike_G","Strike_G+1","Defend_G","Defend_G+1","Defend_G","Defend_G","Defend_G","Survivor","Neutralize","Crippling Poison+1","Deadly Poison","Quick Slash","Deadly Poison","Tactician+1","Poisoned Stab","After Image","Acrobatics","Eviscerate","Prepared","Dodge and Roll","Underhanded Strike","Burst","Infinite Blades+1","Masterful Stab","Slice+1","Noxious Fumes","Reflex","Slice"],"special_seed":0,"relics":["Ring of the Snake","Snake Skull","Boot","Potion Belt","Vajra","Runic Pyramid"],"potions_floor_usage":[],"damage_taken":[{"damage":0.0,"enemies":"2 Louse","floor":1.0,"turns":3.0},{"damage":0.0,"enemies":"Cultist","floor":4.0,"turns":3.0},{"damage":3.0,"enemies":"Small Slimes","floor":5.0,"turns":3.0},{"damage":4.0,"enemies":"Blue Slaver","floor":7.0,"turns":4.0},{"damage":14.0,"enemies":"Gremlin Nob","floor":10.0,"turns":4.0},{"damage":13.0,"enemies":"Large Slime","floor":11.0,"turns":5.0},{"damage":15.0,"enemies":"Lagavulin","floor":14.0,"turns":5.0},{"damage":11.0,"enemies":"Hexaghost","floor":16.0,"turns":8.0},{"damage":10,"enemies":"Shell Parasite","floor":18,"turns":4},{"damage":0,"enemies":"3 Byrds","floor":19,"turns":4},{"damage":21,"enemies":"Sentry and Sphere","floor":20,"turns":7},{"damage":23,"enemies":"Snake Plant","floor":22,"turns":4},{"damage":38,"enemies":"Book of Stabbing","floor":24,"turns":5}],"seed_played":"-7890690505794527034","potions_obtained":[{"floor":1.0,"key":"FearPotion"},{"floor":2.0,"key":"EssenceOfSteel"},{"floor":2.0,"key":"SkillPotion"},{"floor":2.0,"key":"Ancient Potion"},{"floor":10.0,"key":"Poison Potion"},{"floor":16.0,"key":"SteroidPotion"},{"floor":19,"key":"SteroidPotion"},{"floor":20,"key":"Ancient Potion"}],"is_trial":false,"path_per_floor":["M","?","$","M","M","R","M","R","T","E","M","?","$","E","R","B",null,"M","M","M","$","M","R","E"],"character_chosen":"THE_SILENT","items_purchased":["Deadly Poison","Quick Slash","Eviscerate","Prepared","Dodge and Roll","Noxious Fumes","Reflex"],"campfire_rested":2,"item_purchase_floors":[3,3,13,13,13,21,21],"current_hp_per_floor":[70,70,70,70,67,67,63,63,63,49,36,22,22,7,28,17,70,60,60,39,39,16,37,0],"gold":58,"neow_bonus":"RANDOM_COMMON_RELIC","is_prod":false,"is_daily":false,"chose_seed":false,"campfire_upgraded":2,"win_rate":0,"timestamp":1568591721,"path_taken":["M","?","?","M","M","R","M","R","T","E","M","?","$","E","R","BOSS","M","M","M","$","M","R","E"],"build_version":"2019-07-17","purchased_purges":0,"victory":false,"max_hp_per_floor":[70,70,70,70,70,70,70,70,70,70,70,70,70,70,70,70,70,70,70,70,70,70,70,70],"card_choices":[{"not_picked":["Dash","Backflip"],"picked":"Crippling Poison","floor":1.0},{"not_picked":["Riddle With Holes","Dash"],"picked":"Deadly Poison","floor":4.0},{"not_picked":["Sucker Punch","Masterful Stab"],"picked":"Tactician","floor":5.0},{"not_picked":["Deadly Poison","Underhanded Strike"],"picked":"Poisoned Stab","floor":7.0},{"not_picked":["Flying Knee","Finisher"],"picked":"After Image","floor":10.0},{"not_picked":["Masterful Stab","Eviscerate"],"picked":"Acrobatics","floor":11.0},{"not_picked":["Dodge and Roll","Distraction"],"picked":"Underhanded Strike","floor":14.0},{"not_picked":["Night Terror","Unload"],"picked":"Burst","floor":16.0},{"not_picked":["Backflip","Dagger Spray"],"picked":"Infinite Blades+1","floor":18},{"not_picked":["Acrobatics","Choke"],"picked":"Masterful Stab","floor":19},{"not_picked":["Poisoned Stab","Finisher"],"picked":"Slice+1","floor":20},{"not_picked":["Outmaneuver","Dagger Spray"],"picked":"Slice","floor":22}],"player_experience":74745,"relics_obtained":[{"floor":9.0,"key":"Boot"},{"floor":10.0,"key":"Potion Belt"},{"floor":14.0,"key":"Vajra"}],"event_choices":[{"damage_healed":0.0,"max_hp_gain":0.0,"max_hp_loss":0.0,"gold_gain":0.0,"event_name":"Lab","player_choice":"Got Potions","floor":2.0,"gold_loss":0.0,"damage_taken":0.0},{"damage_healed":0.0,"max_hp_gain":0.0,"max_hp_loss":0.0,"gold_gain":0.0,"event_name":"Shining Light","player_choice":"Entered Light","floor":12.0,"gold_loss":0.0,"damage_taken":14.0,"cards_upgraded":["Defend_G","Strike_G"]}],"is_beta":false,"boss_relics":[{"not_picked":["Orrery","Cursed Key"],"picked":"Runic Pyramid"}],"items_purged_floors":[],"is_endless":false,"potions_floor_spawned":[1,7,10,16,19,20],"killed_by":"Book of Stabbing","ascension_level":1}