{"gold_per_floor":[119,294,144,157,157,157,182,48,48,74,89,89,52,81,81,81],"floor_reached":16,"playtime":526,"items_purged":["Doubt","Defend_R"],"score":122,"play_id":"c7100bb5-27b8-4b3b-a92d-8fc5a47bcb67","local_time":"20181002180803","is_ascension_mode":true,"campfire_choices":[{"data":"True Grit","floor":6,"key":"SMITH"},{"floor":15,"key":"REST"}],"neow_cost":"TEN_PERCENT_HP_LOSS","seed_source_timestamp":249621885744296,"circlet_count":0,"master_deck":["Strike_R","Strike_R","Strike_R","Strike_R","Defend_R","Defend_R","Defend_R","Bash","True Grit+1","Inflame","Havoc","Feel No Pain","Inflame","Armaments","Warcry","Metallicize","Battle Trance"],"relics":["Burning Blood","Turnip","Dodecahedron","PreservedInsect","Lantern","Bottled Tornado"],"potions_floor_usage":[14],"damage_taken":[{"damage":0,"enemies":"Small Slimes","floor":1,"turns":3},{"damage":5,"enemies":"2 Louse","floor":4,"turns":3},{"damage":32,"enemies":"Gremlin Nob","floor":7,"turns":5},{"damage":27,"enemies":"3 Sentries","floor":10,"turns":9},{"damage":10,"enemies":"Cultist","floor":11,"turns":4},{"damage":3,"enemies":"Gremlin Nob","floor":14,"turns":4},{"damage":60,"enemies":"The Guardian","floor":16,"turns":15}],"seed_played":"7455931978173386029","potions_obtained":[{"floor":4,"key":"FairyPotion"},{"floor":11,"key":"FearPotion"}],"is_trial":false,"path_per_floor":["M","?","$","M","?","R","E","$","T","E","M","?","$","E","R"],"character_chosen":"IRONCLAD","items_purchased":["Inflame","Inflame","Metallicize"],"campfire_rested":1,"item_purchase_floors":[3,8,13],"current_hp_per_floor":[72,72,72,72,72,72,46,46,46,25,21,14,14,17,38,0],"gold":81,"neow_bonus":"ONE_RARE_RELIC","is_prod":false,"is_daily":false,"chose_seed":false,"campfire_upgraded":1,"win_rate":0,"timestamp":1538492883,"path_taken":["M","?","$","?","?","R","E","?","T","E","?","?","$","E","R","BOSS"],"build_version":"2018-09-27","purchased_purges":2,"victory":false,"max_hp_per_floor":[72,72,72,72,72,72,72,72,72,72,72,72,72,72,72,72],"card_choices":[{"not_picked":["Wild Strike","Perfected Strike"],"picked":"True Grit","floor":1},{"not_picked":["Shockwave","Rupture"],"picked":"Havoc","floor":4},{"not_picked":["Havoc","Brutality"],"picked":"Feel No Pain","floor":7},{"not_picked":["Clash","Iron Wave"],"picked":"Armaments","floor":10},{"not_picked":["Havoc","Dual Wield"],"picked":"Warcry","floor":11},{"not_picked":["True Grit","Twin Strike","Battle Trance"],"picked":"SKIP","floor":14},{"not_picked":["True Grit","Twin Strike"],"picked":"Battle Trance","floor":14}],"player_experience":228915,"relics_obtained":[{"floor":7,"key":"Dodecahedron"},{"floor":9,"key":"PreservedInsect"},{"floor":10,"key":"Lantern"},{"floor":14,"key":"Bottled Tornado"}],"event_choices":[{"event_name":"Liars Game","player_choice":"agreed","floor":2,"damage_taken":0},{"event_name":"Scrap Ooze","player_choice":"unsuccessful","floor":5,"damage_taken":0},{"event_name":"Golden Wing","player_choice":"Card Removal","floor":12,"damage_taken":0}],"is_beta":false,"boss_relics":[],"items_purged_floors":[3,8],"is_endless":false,"potions_floor_spawned":[4,11],"killed_by":"The Guardian","ascension_level":1}