{"gold_per_floor":[10,25,25,25,25,25,43,8,8,8,8,22,22,66,66,191,191,204,204,36,50,50,50,50,50,102,102,22,53,71,102,102,221,221,246,1245,162,495,8,36,63,124,136,183,195,207,219,248,260,272],"floor_reached":51,"playtime":1385,"items_purged":["Defend_R","Shame","Normality","Normality"],"score":868,"play_id":"796287dd-a26a-4890-abf1-d85dd15672e2","local_time":"20190406184300","is_ascension_mode":true,"campfire_choices":[{"data":"Heavy Blade","floor":6,"key":"SMITH"},{"data":"Searing Blow","floor":11,"key":"SMITH"},{"data":"Inflame","floor":15,"key":"SMITH"},{"data":"Uppercut","floor":23,"key":"SMITH"},{"data":"Shrug It Off","floor":25,"key":"SMITH"},{"data":"Shrug It Off","floor":27,"key":"SMITH"},{"data":"Searing Blow+1","floor":32,"key":"SMITH"},{"data":"Searing Blow+3","floor":47,"key":"SMITH"},{"data":"Searing Blow+4","floor":49,"key":"SMITH"}],"neow_cost":"NO_GOLD","seed_source_timestamp":1210452090385400,"circlet_count":0,"master_deck":["Strike_R+1","Strike_R+1","Strike_R+1","Strike_R+1","Defend_R+1","Defend_R+1","Bash","Shockwave+1","Searing Blow+5","Pommel Strike","Heavy Blade+1","Shrug It Off+1","Inflame+1","Reaper+1","Shrug It Off+1","Uppercut+1","True Grit+1","Reckless Charge+1","Dropkick+1","Reckless Charge+1","Impervious+1","Cleave+1","Inflame+1","Apotheosis","Clothesline+1","Flex","Reaper"],"relics":["Burning Blood","Happy Flower","The Courier","Regal Pillow","Velvet Choker","Boot","Ancient Tea Set","Pantograph","Pear","Coffee Dripper","War Paint","Whetstone","Ginger","Frozen Egg 2","Oddly Smooth Stone","Ornamental Fan","Juzu Bracelet","Blood Vial","MawBank","Thread and Needle","Sundial","Omamori"],"potions_floor_usage":[14,14,16,29,30,31,31,40,40,42,44,50,50,50],"damage_taken":[{"damage":6,"enemies":"2 Louse","floor":1,"turns":4},{"damage":8,"enemies":"Jaw Worm","floor":2,"turns":4},{"damage":0,"enemies":"Small Slimes","floor":7,"turns":2},{"damage":2,"enemies":"Red Slaver","floor":12,"turns":3},{"damage":17,"enemies":"Gremlin Nob","floor":14,"turns":4},{"damage":14,"enemies":"Hexaghost","floor":16,"turns":9},{"damage":23,"enemies":"Spheric Guardian","floor":18,"turns":5},{"damage":27,"enemies":"Colosseum Slavers","floor":19,"turns":5},{"damage":20,"enemies":"Shell Parasite","floor":21,"turns":3},{"damage":1,"enemies":"Book of Stabbing","floor":29,"turns":5},{"damage":4,"enemies":"Shelled Parasite and Fungi","floor":30,"turns":3},{"damage":35,"enemies":"Slavers","floor":31,"turns":7},{"damage":65,"enemies":"Automaton","floor":33,"turns":9},{"damage":31,"enemies":"3 Shapes","floor":35,"turns":3},{"damage":27,"enemies":"Giant Head","floor":40,"turns":6},{"damage":36,"enemies":"2 Orb Walkers","floor":42,"turns":4},{"damage":0,"enemies":"Reptomancer","floor":44,"turns":5},{"damage":0,"enemies":"Orb Walker","floor":48,"turns":2},{"damage":50,"enemies":"Donu and Deca","floor":50,"turns":9}],"seed_played":"2291232957955407100","potions_obtained":[{"floor":1,"key":"Energy Potion"},{"floor":7,"key":"Fire Potion"},{"floor":14,"key":"EssenceOfSteel"},{"floor":29,"key":"PowerPotion"},{"floor":30,"key":"Poison Potion"},{"floor":35,"key":"FearPotion"},{"floor":42,"key":"Block Potion"},{"floor":46,"key":"Swift Potion"},{"floor":46,"key":"Explosive Potion"},{"floor":46,"key":"EssenceOfSteel"},{"floor":48,"key":"LiquidBronze"}],"is_trial":false,"path_per_floor":["M","M","?","?","$","R","M","?","T","?","R","M","?","E","R","B",null,"M","?","$","M","?","R","?","R","T","R","$","E","M","E","R","B",null,"M","?","$","?","$","E","T","?","T","E","?","?","R","M","R","B",null],"character_chosen":"IRONCLAD","items_purchased":["Uppercut","Fire Potion","Strength Potion","War Paint","Whetstone","Ginger","Frozen Egg 2","Oddly Smooth Stone","Ornamental Fan","Juzu Bracelet","Inflame+1","Poison Potion","Poison Potion","Apotheosis"],"campfire_rested":0,"item_purchase_floors":[20,20,20,37,37,37,37,37,37,39,39,39,39,39],"current_hp_per_floor":[80,78,75,75,75,75,80,80,80,80,80,80,73,62,62,54,80,63,59,59,45,45,45,45,45,45,45,45,63,65,56,56,29,90,84,84,84,84,84,63,63,51,51,71,71,71,71,79,79,52],"gold":284,"neow_bonus":"TRANSFORM_TWO_CARDS","is_prod":false,"is_daily":false,"chose_seed":false,"campfire_upgraded":9,"win_rate":0,"timestamp":1554565380,"path_taken":["M","M","?","?","$","R","M","?","T","?","R","?","?","E","R","BOSS","M","?","?","?","?","R","?","R","T","R","$","E","M","E","R","BOSS","M","?","$","?","$","E","?","?","T","E","?","?","R","M","R","BOSS"],"build_version":"2019-01-23","purchased_purges":4,"victory":true,"max_hp_per_floor":[80,80,80,80,80,80,80,80,80,80,80,80,80,80,80,80,80,80,80,80,80,80,80,80,80,80,80,80,80,80,90,90,90,90,90,90,90,90,90,90,90,90,90,90,85,85,85,85,85,85],"card_choices":[{"not_picked":["Entrench","True Grit"],"picked":"Pommel Strike","floor":1},{"not_picked":["Clash","Whirlwind"],"picked":"Heavy Blade","floor":2},{"not_picked":["Power Through","Warcry"],"picked":"Shrug It Off","floor":7},{"not_picked":["Reckless Charge","Rampage","Battle Trance"],"picked":"SKIP","floor":12},{"not_picked":["Havoc","Perfected Strike"],"picked":"Inflame","floor":14},{"not_picked":["Double Tap","Exhume"],"picked":"Reaper","floor":16},{"not_picked":["Headbutt","Entrench+1"],"picked":"Shrug It Off","floor":18},{"not_picked":["Clash","Sentinel"],"picked":"True Grit+1","floor":21},{"not_picked":["Burning Pact+1","Warcry"],"picked":"Reckless Charge+1","floor":29},{"not_picked":["Searing Blow","Battle Trance+1"],"picked":"Dropkick+1","floor":30},{"not_picked":["Bloodletting","Clothesline"],"picked":"Reckless Charge+1","floor":31},{"not_picked":["Dark Embrace","Fiend Fire"],"picked":"Impervious","floor":33},{"not_picked":["Whirlwind","Disarm"],"picked":"Cleave+1","floor":35},{"not_picked":["Pommel Strike","Perfected Strike+1","Twin Strike+1"],"picked":"SKIP","floor":40},{"not_picked":["Twin Strike","Dual Wield"],"picked":"Clothesline+1","floor":42},{"not_picked":["Body Slam+1","Heavy Blade"],"picked":"Flex","floor":44},{"not_picked":["Shrug It Off","Sever Soul"],"picked":"Reaper","floor":48}],"player_experience":257399,"relics_obtained":[{"floor":9,"key":"The Courier"},{"floor":14,"key":"Regal Pillow"},{"floor":26,"key":"Ancient Tea Set"},{"floor":29,"key":"Pantograph"},{"floor":31,"key":"Pear"},{"floor":40,"key":"Blood Vial"},{"floor":41,"key":"MawBank"},{"floor":42,"key":"Thread and Needle"},{"floor":43,"key":"Sundial"},{"floor":44,"key":"Omamori"}],"event_choices":[{"damage_healed":0,"gold_gain":0,"player_choice":"Success","damage_taken":3,"relics_obtained":["Happy Flower"],"max_hp_gain":0,"max_hp_loss":0,"event_name":"Scrap Ooze","floor":3,"gold_loss":0},{"damage_healed":0,"gold_gain":0,"player_choice":"Take Wound","damage_taken":0,"relics_obtained":["Golden Idol"],"max_hp_gain":0,"max_hp_loss":0,"event_name":"Golden Idol","floor":4,"gold_loss":0,"cards_obtained":["Injury"]},{"damage_healed":20,"gold_gain":0,"player_choice":"Healed","damage_taken":0,"max_hp_gain":0,"max_hp_loss":0,"event_name":"The Cleric","floor":8,"gold_loss":35},{"damage_healed":0,"gold_gain":0,"player_choice":"Forge","damage_taken":0,"max_hp_gain":0,"max_hp_loss":0,"event_name":"Accursed Blacksmith","floor":10,"gold_loss":0,"cards_upgraded":["Shockwave"]},{"cards_removed":["Injury"],"damage_healed":0,"gold_gain":0,"player_choice":"Card Removal","damage_taken":7,"max_hp_gain":0,"max_hp_loss":0,"event_name":"Golden Wing","floor":13,"gold_loss":0},{"damage_healed":0,"gold_gain":0,"player_choice":"Fight","damage_taken":0,"max_hp_gain":0,"max_hp_loss":0,"event_name":"Colosseum","floor":19,"gold_loss":0},{"damage_healed":0,"gold_gain":0,"player_choice":"Fled From Nobs","damage_taken":0,"max_hp_gain":0,"max_hp_loss":0,"event_name":"Colosseum","floor":19,"gold_loss":0},{"damage_healed":0,"gold_gain":0,"player_choice":"Simplicity","damage_taken":0,"max_hp_gain":0,"max_hp_loss":0,"event_name":"Back to Basics","floor":22,"gold_loss":0,"cards_upgraded":["Strike_R","Strike_R","Strike_R","Strike_R","Defend_R","Defend_R"]},{"damage_healed":0,"gold_gain":0,"player_choice":"Stole Relic","damage_taken":0,"relics_obtained":["Boot"],"max_hp_gain":0,"max_hp_loss":0,"event_name":"Addict","floor":24,"gold_loss":0,"cards_obtained":["Shame"]},{"damage_healed":0,"gold_gain":999,"player_choice":"Gold","damage_taken":0,"max_hp_gain":0,"max_hp_loss":0,"event_name":"MindBloom","floor":36,"gold_loss":0,"cards_obtained":["Normality","Normality"]},{"damage_healed":0,"gold_gain":333,"player_choice":"Gave Idol","damage_taken":0,"max_hp_gain":0,"max_hp_loss":0,"event_name":"The Moai Head","floor":38,"relics_lost":["Golden Idol"],"gold_loss":0},{"damage_healed":0,"gold_gain":0,"player_choice":"Fight","damage_taken":0,"max_hp_gain":0,"max_hp_loss":0,"event_name":"Mysterious Sphere","floor":42,"gold_loss":0},{"damage_healed":0,"gold_gain":0,"player_choice":"Max HP","damage_taken":0,"max_hp_gain":0,"max_hp_loss":5,"event_name":"Winding Halls","floor":45,"gold_loss":0},{"damage_healed":0,"gold_gain":0,"player_choice":"Got Potions","damage_taken":0,"max_hp_gain":0,"max_hp_loss":0,"event_name":"Lab","floor":46,"gold_loss":0}],"is_beta":false,"boss_relics":[{"not_picked":["Pandora\u0027s Box","Eternal Feather"],"picked":"Velvet Choker"},{"not_picked":["Philosopher\u0027s Stone","Calling Bell"],"picked":"Coffee Dripper"}],"items_purged_floors":[20,28,37,39],"is_endless":false,"potions_floor_spawned":[1,7,14,29,30,35,42,48],"ascension_level":1}