{"gold_per_floor":[112,129,148,160,175,201,220,220,220,220,220,220,254,272,272,374,374,386,386,48,63,63,63],"floor_reached":23,"playtime":2167,"items_purged":[],"score":203,"play_id":"01500308-2f78-4834-b868-5c1f7e334648","local_time":"20190912220302","is_ascension_mode":false,"campfire_choices":[{"floor":8,"key":"REST"},{"data":"Rampage","floor":10,"key":"SMITH"},{"data":"Rampage","floor":12,"key":"SMITH"},{"floor":15,"key":"REST"}],"neow_cost":"NONE","seed_source_timestamp":46986010654400,"circlet_count":0,"master_deck":["Strike_R","Strike_R","Strike_R","Strike_R","Strike_R","Defend_R+1","Defend_R","Defend_R","Defend_R","Bash","Body Slam","Fire Breathing","Second Wind","Twin Strike","Shrug It Off","Rampage+1","Rampage+1","Flex","True Grit","Battle Trance","Forethought","Heavy Blade","Rampage","Armaments","Barricade","Anger","RitualDagger","Fire Breathing","Swift Strike","RitualDagger","Shockwave+1"],"relics":["Burning Blood","Dream Catcher","Kunai","Bottled Tornado","Sozu","DollysMirror","Juzu Bracelet"],"potions_floor_usage":[6,6,16,16,16],"damage_taken":[{"damage":0,"enemies":"Cultist","floor":1,"turns":3},{"damage":1,"enemies":"2 Louse","floor":2,"turns":4},{"damage":0,"enemies":"Small Slimes","floor":3,"turns":3},{"damage":2,"enemies":"3 Louse","floor":4,"turns":4},{"damage":12,"enemies":"Looter","floor":5,"turns":3},{"damage":20,"enemies":"3 Sentries","floor":6,"turns":7},{"damage":16,"enemies":"Red Slaver","floor":7,"turns":3},{"damage":24,"enemies":"Gremlin Nob","floor":13,"turns":5},{"damage":13,"enemies":"3 Louse","floor":14,"turns":4},{"damage":82,"enemies":"Hexaghost","floor":16,"turns":13},{"damage":16,"enemies":"Shell Parasite","floor":18,"turns":6},{"damage":11,"enemies":"Spheric Guardian","floor":21,"turns":4},{"damage":65,"enemies":"Gremlin Leader","floor":23,"turns":6}],"seed_played":"-4485609051387428707","potions_obtained":[{"floor":1,"key":"Strength Potion"},{"floor":4,"key":"SneckoOil"},{"floor":5,"key":"LiquidBronze"},{"floor":6,"key":"SneckoOil"},{"floor":7,"key":"Regen Potion"}],"is_trial":false,"path_per_floor":["M","M","M","M","M","E","M","R","T","R","?","R","E","M","R","B",null,"M","?","$","M","?","E"],"character_chosen":"IRONCLAD","items_purchased":["Fire Breathing","Swift Strike","DollysMirror"],"campfire_rested":2,"item_purchase_floors":[20,20,20],"current_hp_per_floor":[80,80,80,80,74,60,50,74,74,74,74,74,56,49,73,10,80,70,64,64,59,59,0],"gold":63,"neow_bonus":"UPGRADE_CARD","is_prod":false,"is_daily":false,"chose_seed":false,"campfire_upgraded":2,"win_rate":0.0,"timestamp":1568350982,"path_taken":["M","M","M","M","M","E","M","R","T","R","?","R","E","?","R","BOSS","M","?","$","M","?","E"],"build_version":"2019-07-17","purchased_purges":0,"victory":false,"max_hp_per_floor":[80,80,80,80,80,80,80,80,80,80,80,80,80,80,80,80,80,80,80,80,80,80,80],"card_choices":[{"not_picked":["Bloodletting","Twin Strike"],"picked":"Body Slam","floor":1},{"not_picked":["Warcry","Clothesline"],"picked":"Fire Breathing","floor":2},{"not_picked":["Searing Blow","Sword Boomerang"],"picked":"Second Wind","floor":3},{"not_picked":["Dark Embrace","Whirlwind"],"picked":"Twin Strike","floor":4},{"not_picked":["Clash","Warcry"],"picked":"Shrug It Off","floor":5},{"not_picked":["Limit Break","Warcry"],"picked":"Rampage","floor":6},{"not_picked":["Clothesline","Dual Wield"],"picked":"Rampage","floor":7},{"not_picked":["Shrug It Off","Iron Wave"],"picked":"Flex","floor":8},{"not_picked":["Body Slam","Intimidate"],"picked":"Heavy Blade","floor":13},{"not_picked":["Sword Boomerang","Inflame"],"picked":"Rampage","floor":14},{"not_picked":["Clothesline","Shrug It Off"],"picked":"Armaments","floor":15},{"not_picked":["Feed","Immolate"],"picked":"Barricade","floor":16},{"not_picked":["Flame Barrier","Wild Strike+1"],"picked":"Anger","floor":18},{"not_picked":["Iron Wave","Intimidate"],"picked":"Shockwave+1","floor":21}],"player_experience":26996,"relics_obtained":[{"floor":6,"key":"Dream Catcher"},{"floor":9,"key":"Kunai"},{"floor":13,"key":"Bottled Tornado"}],"event_choices":[{"damage_healed":0,"gold_gain":0,"player_choice":"3 cards matched","damage_taken":0,"max_hp_gain":0,"max_hp_loss":0,"event_name":"Match and Keep!","floor":11,"gold_loss":0,"cards_obtained":["True Grit","Battle Trance","Forethought"]},{"damage_healed":0,"gold_gain":0,"player_choice":"Joined the Cult","damage_taken":6,"max_hp_gain":0,"max_hp_loss":0,"event_name":"Nest","floor":19,"gold_loss":0,"cards_obtained":["RitualDagger"]},{"damage_healed":0,"gold_gain":0,"player_choice":"Opened","damage_taken":0,"relics_obtained":["Juzu Bracelet"],"max_hp_gain":0,"max_hp_loss":0,"event_name":"The Mausoleum","floor":22,"gold_loss":0}],"is_beta":false,"boss_relics":[{"not_picked":["Tiny House","Snecko Eye"],"picked":"Sozu"}],"items_purged_floors":[],"is_endless":false,"potions_floor_spawned":[1,4,5,6,7,21],"killed_by":"Gremlin Leader","ascension_level":0}