{"gold_per_floor":[115,131,131,149,164,164,189,189,213,232,262,278,293,307,307,411,411,429,441,460,460],"floor_reached":21,"playtime":1300,"items_purged":[],"score":296,"play_id":"b29a76e0-30fc-4027-8e9e-9858de42a7fc","local_time":"20191023172820","is_ascension_mode":true,"campfire_choices":[{"data":"Zap","floor":6.0,"key":"SMITH"},{"data":"Creative AI","floor":8.0,"key":"SMITH"},{"floor":15,"key":"REST"}],"neow_cost":"NONE","seed_source_timestamp":0,"circlet_count":0,"master_deck":["AscendersBane","Strike_B","Strike_B","Strike_B","Strike_B","Defend_B","Defend_B","Defend_B","Defend_B","Zap+1","Dualcast","Biased Cognition","Glacier","Conserve Battery","Rebound","Auto Shields","Creative AI+1","Coolheaded","Capacitor","Hologram","Ball Lightning","Hologram","Core Surge","Coolheaded","Barrage","Meteor Strike"],"special_seed":0,"relics":["Cracked Core","DataDisk","Bag of Marbles","Strawberry","Mummified Hand","Snecko Eye"],"potions_floor_usage":[14,16],"damage_taken":[{"damage":1.0,"enemies":"Cultist","floor":1.0,"turns":4.0},{"damage":8.0,"enemies":"2 Louse","floor":2.0,"turns":3.0},{"damage":0.0,"enemies":"Jaw Worm","floor":4.0,"turns":5.0},{"damage":4.0,"enemies":"Red Slaver","floor":5.0,"turns":4.0},{"damage":9.0,"enemies":"Gremlin Nob","floor":7.0,"turns":5.0},{"damage":0.0,"enemies":"3 Louse","floor":10.0,"turns":4.0},{"damage":13.0,"enemies":"3 Sentries","floor":11.0,"turns":10.0},{"damage":16.0,"enemies":"Blue Slaver","floor":12.0,"turns":4.0},{"damage":16.0,"enemies":"Lots of Slimes","floor":13.0,"turns":4.0},{"damage":0,"enemies":"Gremlin Gang","floor":14,"turns":3},{"damage":7,"enemies":"Hexaghost","floor":16,"turns":10},{"damage":6,"enemies":"Chosen","floor":18,"turns":3},{"damage":20,"enemies":"2 Thieves","floor":19,"turns":5},{"damage":37,"enemies":"Snake Plant","floor":20,"turns":5},{"damage":8,"enemies":"Masked Bandits","floor":21,"turns":2}],"seed_played":"-3044896285623605645","potions_obtained":[{"floor":1.0,"key":"SkillPotion"},{"floor":5.0,"key":"FearPotion"},{"floor":7.0,"key":"PowerPotion"}],"is_trial":false,"path_per_floor":["M","M","T","M","M","R","E","R","T","M","E","M","M","M","R","B",null,"M","M","M","?"],"character_chosen":"DEFECT","items_purchased":[],"campfire_rested":1,"item_purchase_floors":[],"current_hp_per_floor":[67,59,59,59,55,55,46,46,53,53,40,24,8,8,32,25,68,62,42,5,0],"gold":460,"neow_bonus":"ONE_RANDOM_RARE_CARD","is_prod":false,"is_daily":false,"chose_seed":false,"campfire_upgraded":2,"win_rate":0,"timestamp":1571876900,"path_taken":["M","?","?","M","M","R","E","R","T","?","E","M","M","M","R","BOSS","M","?","M","?"],"build_version":"2019-07-17","purchased_purges":0,"victory":false,"max_hp_per_floor":[75,75,75,75,75,75,75,75,82,82,82,82,82,82,82,82,82,82,82,82,82],"card_choices":[{"not_picked":["Chaos","Sweeping Beam"],"picked":"Glacier","floor":1.0},{"not_picked":["Redo","Hello World"],"picked":"Conserve Battery","floor":2.0},{"not_picked":["Stack","Leap"],"picked":"Rebound","floor":4.0},{"not_picked":["Hologram","Turbo"],"picked":"Auto Shields","floor":5.0},{"not_picked":["Leap","Skim"],"picked":"Creative AI","floor":7.0},{"not_picked":["Barrage","Beam Cell"],"picked":"Coolheaded","floor":10.0},{"not_picked":["Tempest","Scrape"],"picked":"Capacitor","floor":11.0},{"not_picked":["Streamline","Conserve Battery"],"picked":"Hologram","floor":12.0},{"not_picked":["Barrage","Hyperbeam"],"picked":"Ball Lightning","floor":13.0},{"not_picked":["Conserve Battery","Rebound"],"picked":"Hologram","floor":14},{"not_picked":["Electrodynamics","Multi-Cast"],"picked":"Core Surge","floor":16},{"not_picked":["Beam Cell+1","Turbo"],"picked":"Coolheaded","floor":18},{"not_picked":["Conserve Battery","Rebound"],"picked":"Barrage","floor":19},{"not_picked":["Sweeping Beam","Lockon"],"picked":"Meteor Strike","floor":20}],"player_experience":428940,"relics_obtained":[{"floor":3.0,"key":"DataDisk"},{"floor":7.0,"key":"Bag of Marbles"},{"floor":9.0,"key":"Strawberry"},{"floor":11.0,"key":"Mummified Hand"}],"event_choices":[{"damage_healed":0,"gold_gain":0,"player_choice":"Fought Bandits","damage_taken":0,"max_hp_gain":0,"max_hp_loss":0,"event_name":"Masked Bandits","floor":21,"gold_loss":0}],"is_beta":false,"boss_relics":[{"not_picked":["Fusion Hammer","Calling Bell"],"picked":"Snecko Eye"}],"items_purged_floors":[],"is_endless":false,"potions_floor_spawned":[1,5,7,10],"killed_by":"Masked Bandits","ascension_level":10}