{"gold_per_floor":[111,111,111,130,146,146,476,476,502,502,531,546,564,582,582,681,681,700,711,711,723,734,754,771,389,389,419,419,35,35,35],"floor_reached":31,"playtime":3512,"items_purged":["Strike_R","Decay"],"score":319,"play_id":"c3863271-cfe2-4849-bb47-17fb32ca8509","local_time":"20190911191301","is_ascension_mode":false,"campfire_choices":[{"data":"Anger","floor":6,"key":"SMITH"},{"floor":10,"key":"REST"},{"data":"Barricade","floor":15,"key":"SMITH"}],"neow_cost":"NONE","seed_source_timestamp":2268744265067200,"circlet_count":0,"master_deck":["Strike_R","Strike_R","Strike_R","Defend_R","Defend_R+1","Defend_R","Defend_R+1","Bash","Intimidate","Anger+1","Metallicize","Combust","Headbutt","Barricade+1","Spot Weakness","Armaments","Feed","Headbutt+1","Rupture","Burning Pact+1","Reaper","Pummel+1","Cleave+1","Good Instincts","Thunderclap","Armaments","Blood for Blood","Fire Breathing"],"relics":["Burning Blood","Happy Flower","Old Coin","Vajra","Bronze Scales","Runic Pyramid","Lantern","Kunai","Centennial Puzzle","Pantograph","Enchiridion"],"potions_floor_usage":[7,11,14,16,22,24,24],"damage_taken":[{"damage":16,"enemies":"Jaw Worm","floor":1,"turns":5},{"damage":0,"enemies":"2 Louse","floor":4,"turns":3},{"damage":0,"enemies":"Small Slimes","floor":5,"turns":3},{"damage":19,"enemies":"3 Sentries","floor":7,"turns":8},{"damage":12,"enemies":"Gremlin Nob","floor":11,"turns":4},{"damage":4,"enemies":"Blue Slaver","floor":12,"turns":4},{"damage":8,"enemies":"Gremlin Gang","floor":13,"turns":4},{"damage":2,"enemies":"2 Fungi Beasts","floor":14,"turns":3},{"damage":12,"enemies":"Slime Boss","floor":16,"turns":9},{"damage":10,"enemies":"Chosen","floor":18,"turns":5},{"damage":10,"enemies":"Spheric Guardian","floor":19,"turns":4},{"damage":12,"enemies":"3 Cultists","floor":21,"turns":5},{"damage":10,"enemies":"Snake Plant","floor":22,"turns":3},{"damage":42,"enemies":"Centurion and Healer","floor":23,"turns":4},{"damage":18,"enemies":"Shelled Parasite and Fungi","floor":24,"turns":4},{"damage":44,"enemies":"Slavers","floor":27,"turns":4},{"damage":5,"enemies":"Cultist and Chosen","floor":31,"turns":1}],"seed_played":"-3928376541334505831","potions_obtained":[{"floor":1,"key":"Poison Potion"},{"floor":4,"key":"PowerPotion"},{"floor":5,"key":"FearPotion"},{"floor":11,"key":"SkillPotion"},{"floor":12,"key":"EssenceOfSteel"},{"floor":19,"key":"SneckoOil"},{"floor":21,"key":"Ancient Potion"},{"floor":23,"key":"SteroidPotion"},{"floor":27,"key":"EssenceOfSteel"}],"is_trial":false,"path_per_floor":["M","?","?","M","M","R","E","?","T","R","E","M","M","M","R","B",null,"M","M","?","M","M","M","M","$","T","E","?","$","?","M"],"character_chosen":"IRONCLAD","items_purchased":["Good Instincts","Lantern","Thunderclap","Armaments","Pantograph","Fire Breathing"],"campfire_rested":1,"item_purchase_floors":[25,25,25,25,29,29],"current_hp_per_floor":[78,60,53,59,65,65,52,45,45,71,65,67,65,69,69,63,88,87,86,86,83,83,50,54,54,54,19,19,19,3,0],"gold":35,"neow_bonus":"TEN_PERCENT_HP_BONUS","is_prod":false,"is_daily":false,"chose_seed":false,"campfire_upgraded":2,"win_rate":0.0,"timestamp":1568254381,"path_taken":["M","?","?","M","M","R","E","?","T","R","E","M","M","M","R","BOSS","M","M","?","M","M","M","M","$","T","E","?","$","?","M"],"build_version":"2019-07-17","purchased_purges":2,"victory":false,"max_hp_per_floor":[88,88,88,88,88,88,88,88,88,88,88,88,88,88,88,88,88,91,94,94,97,101,104,107,107,107,110,110,110,110,110],"card_choices":[{"not_picked":["Dual Wield","Clothesline"],"picked":"Intimidate","floor":1},{"not_picked":["Metallicize","Infernal Blade"],"picked":"Anger","floor":4},{"not_picked":["Cleave","Pommel Strike"],"picked":"Metallicize","floor":5},{"not_picked":["Perfected Strike","True Grit"],"picked":"Combust","floor":7},{"not_picked":["Disarm","True Grit"],"picked":"Headbutt","floor":11},{"not_picked":["Bloodletting","Rage"],"picked":"Barricade","floor":12},{"not_picked":["Shrug It Off","Pummel"],"picked":"Spot Weakness","floor":13},{"not_picked":["Disarm","Clothesline"],"picked":"Armaments","floor":14},{"not_picked":["Offering","Juggernaut"],"picked":"Feed","floor":16},{"not_picked":["Battle Trance","Spot Weakness+1"],"picked":"Headbutt+1","floor":18},{"not_picked":["True Grit","Whirlwind"],"picked":"Rupture","floor":19},{"not_picked":["Body Slam","Perfected Strike"],"picked":"Burning Pact+1","floor":21},{"not_picked":["True Grit","Armaments"],"picked":"Reaper","floor":22},{"not_picked":["Disarm+1","Perfected Strike"],"picked":"Pummel+1","floor":23},{"not_picked":["Uppercut+1","Twin Strike"],"picked":"Cleave+1","floor":24},{"not_picked":["Offering","Twin Strike+1"],"picked":"Blood for Blood","floor":27}],"player_experience":5621,"relics_obtained":[{"floor":7,"key":"Old Coin"},{"floor":9,"key":"Vajra"},{"floor":11,"key":"Bronze Scales"},{"floor":26,"key":"Kunai"},{"floor":27,"key":"Centennial Puzzle"},{"floor":30,"key":"Enchiridion"}],"event_choices":[{"damage_healed":0,"gold_gain":0,"player_choice":"Entered Light","damage_taken":18,"max_hp_gain":0,"max_hp_loss":0,"event_name":"Shining Light","floor":2,"gold_loss":0,"cards_upgraded":["Defend_R","Defend_R"]},{"damage_healed":0,"gold_gain":0,"player_choice":"Success","damage_taken":7,"relics_obtained":["Happy Flower"],"max_hp_gain":0,"max_hp_loss":0,"event_name":"Scrap Ooze","floor":3,"gold_loss":0},{"cards_removed":["Strike_R"],"damage_healed":0,"gold_gain":0,"player_choice":"Card Removal","damage_taken":7,"max_hp_gain":0,"max_hp_loss":0,"event_name":"Golden Wing","floor":8,"gold_loss":0},{"damage_healed":0,"gold_gain":0,"player_choice":"Ignored","damage_taken":0,"max_hp_gain":0,"max_hp_loss":0,"event_name":"Ghosts","floor":20,"gold_loss":0},{"damage_healed":0,"gold_gain":0,"player_choice":"Smashed Altar","damage_taken":0,"max_hp_gain":0,"max_hp_loss":0,"event_name":"Forgotten Altar","floor":28,"gold_loss":0,"cards_obtained":["Decay"]},{"damage_healed":0,"gold_gain":0,"player_choice":"Obtained Book","damage_taken":16,"max_hp_gain":0,"max_hp_loss":0,"event_name":"Cursed Tome","floor":30,"gold_loss":0}],"is_beta":false,"boss_relics":[{"not_picked":["Runic Cube","Tiny House"],"picked":"Runic Pyramid"}],"items_purged_floors":[25,29],"is_endless":false,"potions_floor_spawned":[1,4,5,11,12,19,21,23,27],"killed_by":"Cultist and Chosen","ascension_level":0}