{"gold_per_floor":[114,134,153,153,51,51,65,65,65,85,85,85,97,116,116,219,219,230,11,28,28,28,28,42,42,68,84,94,111,111,111,111,214,214,224,22,22,22,39,139,185,185,254,254,254,15,15,30,30,30],"floor_reached":50,"playtime":4574,"items_purged":["Strike_B"],"score":507,"play_id":"d8d5b40b-4597-4e07-b61c-6f7315e1facb","local_time":"20191013031124","is_ascension_mode":false,"campfire_choices":[{"data":"Zap","floor":6,"key":"SMITH"},{"data":"Leap","floor":8,"key":"SMITH"},{"data":"Dualcast","floor":11,"key":"SMITH"},{"floor":15,"key":"REST"},{"data":"Biased Cognition","floor":23,"key":"SMITH"},{"floor":25,"key":"REST"},{"floor":32,"key":"REST"},{"floor":42,"key":"REST"},{"floor":44,"key":"REST"},{"floor":47,"key":"REST"},{"floor":49,"key":"REST"}],"neow_cost":"NONE","seed_source_timestamp":276696100539900,"circlet_count":0,"master_deck":["Strike_B+1","Defend_B","Defend_B+1","Defend_B","Defend_B","Zap+1","Dualcast+1","Compile Driver","Leap+1","Ball Lightning","FTL","Leap+1","Gash","Ball Lightning","Coolheaded","Ball Lightning","Biased Cognition+1","Ball Lightning+1","FTL","Capacitor","Hologram","Undo+1","Reinforced Body","Compile Driver+1","Cold Snap","Biased Cognition","Hologram+1","Darkness","Self Repair","Leap","Good Instincts","Coolheaded+1","Loop+1","Go for the Eyes+1","Madness","Madness","Loop","Mayhem","Hologram+1"],"relics":["Cracked Core","PreservedInsect","Inserter","Juzu Bracelet","Sozu","Gambling Chip","Ice Cream","Pantograph"],"potions_floor_usage":[16,16,20,24,24,27,33],"damage_taken":[{"damage":2,"enemies":"Small Slimes","floor":1,"turns":4},{"damage":1,"enemies":"Cultist","floor":2,"turns":4},{"damage":1,"enemies":"2 Louse","floor":3,"turns":2},{"damage":0,"enemies":"Blue Slaver","floor":7,"turns":3},{"damage":1,"enemies":"Looter","floor":10,"turns":2},{"damage":2,"enemies":"Exordium Wildlife","floor":13,"turns":2},{"damage":0,"enemies":"2 Fungi Beasts","floor":14,"turns":3},{"damage":17,"enemies":"Slime Boss","floor":16,"turns":8},{"damage":12,"enemies":"Shell Parasite","floor":18,"turns":4},{"damage":0,"enemies":"Chosen","floor":20,"turns":3},{"damage":2,"enemies":"3 Cultists","floor":24,"turns":4},{"damage":3,"enemies":"Snecko","floor":27,"turns":4},{"damage":8,"enemies":"Centurion and Healer","floor":28,"turns":6},{"damage":27,"enemies":"Shelled Parasite and Fungi","floor":29,"turns":4},{"damage":23,"enemies":"Colosseum Slavers","floor":31,"turns":4},{"damage":48,"enemies":"Collector","floor":33,"turns":10},{"damage":18,"enemies":"Orb Walker","floor":35,"turns":4},{"damage":9,"enemies":"3 Darklings","floor":39,"turns":5},{"damage":0,"enemies":"Mind Bloom Boss Battle","floor":40,"turns":6},{"damage":52,"enemies":"2 Orb Walkers","floor":41,"turns":4},{"damage":11,"enemies":"Maw","floor":48,"turns":8},{"damage":92,"enemies":"Awakened One","floor":50,"turns":4}],"seed_played":"8327819186627747168","potions_obtained":[{"floor":2,"key":"Explosive Potion"},{"floor":3,"key":"Swift Potion"},{"floor":10,"key":"SpeedPotion"},{"floor":13,"key":"Energy Potion"},{"floor":16,"key":"FearPotion"},{"floor":18,"key":"EssenceOfSteel"},{"floor":24,"key":"Block Potion"},{"floor":29,"key":"PowerPotion"}],"is_trial":false,"path_per_floor":["M","M","M","?","$","R","M","R","T","M","R","?","M","M","R","B",null,"M","$","M","?","?","R","M","R","T","M","M","M","?","?","R","B",null,"M","$","?","?","M","?","?","R","T","R","?","$","R","M","R","B"],"character_chosen":"DEFECT","items_purchased":["FTL","Leap","FTL","Capacitor","Darkness","Self Repair","Leap","Loop","Mayhem"],"campfire_rested":7,"item_purchase_floors":[5,5,19,19,36,36,36,46,46],"current_hp_per_floor":[73,72,71,56,56,56,56,56,56,55,55,55,53,53,75,58,75,63,63,63,63,47,47,45,67,67,64,56,29,54,31,53,5,75,57,57,57,57,55,62,10,32,32,54,45,45,67,63,75,0],"gold":30,"neow_bonus":"REMOVE_CARD","is_prod":false,"is_daily":false,"chose_seed":false,"campfire_upgraded":4,"win_rate":0,"timestamp":1570957884,"path_taken":["M","M","M","?","$","R","M","R","T","M","R","?","?","M","R","BOSS","M","?","M","?","?","R","M","R","T","M","M","M","?","?","R","BOSS","M","$","?","?","M","?","?","R","T","R","?","$","R","M","R","BOSS"],"build_version":"2019-07-17","purchased_purges":1,"victory":false,"max_hp_per_floor":[75,75,75,75,75,75,75,75,75,75,75,75,75,75,75,75,75,75,75,75,75,75,75,75,75,75,75,75,75,75,75,75,75,75,75,75,75,75,75,75,75,75,75,75,75,75,75,75,75,75],"card_choices":[{"not_picked":["Turbo","Static Discharge"],"picked":"Compile Driver","floor":1},{"not_picked":["Coolheaded","Lockon"],"picked":"Leap","floor":2},{"not_picked":["Recycle","Leap"],"picked":"Ball Lightning","floor":3},{"not_picked":["Tempest","Go for the Eyes"],"picked":"Gash","floor":7},{"not_picked":["Steam","Rainbow"],"picked":"Ball Lightning","floor":10},{"not_picked":["BootSequence","Rebound"],"picked":"Coolheaded","floor":13},{"not_picked":["Stack","Cold Snap"],"picked":"Ball Lightning","floor":14},{"not_picked":["All For One","Thunder Strike"],"picked":"Biased Cognition","floor":16},{"not_picked":["Consume","Storm"],"picked":"Ball Lightning+1","floor":18},{"not_picked":["Ball Lightning+1","Go for the Eyes"],"picked":"Hologram","floor":20},{"not_picked":["Ball Lightning","Loop"],"picked":"Undo+1","floor":24},{"not_picked":["Go for the Eyes","Rip and Tear"],"picked":"Reinforced Body","floor":27},{"not_picked":["Chaos","Stack"],"picked":"Compile Driver+1","floor":28},{"not_picked":["Hologram","Double Energy"],"picked":"Cold Snap","floor":29},{"not_picked":["Fission","Reboot"],"picked":"Biased Cognition","floor":33},{"not_picked":["Beam Cell","Heatsinks+1"],"picked":"Hologram+1","floor":35},{"not_picked":["Chrysalis","Trip"],"picked":"Good Instincts","floor":37},{"not_picked":["Ball Lightning","Undo"],"picked":"Coolheaded+1","floor":39},{"not_picked":["Blizzard","Ball Lightning"],"picked":"Loop+1","floor":40},{"not_picked":["Barrage","Turbo+1"],"picked":"Go for the Eyes+1","floor":41},{"not_picked":["Go for the Eyes+1","Reprogram"],"picked":"Hologram+1","floor":48}],"player_experience":396465,"relics_obtained":[{"floor":9,"key":"PreservedInsect"},{"floor":26,"key":"Juzu Bracelet"},{"floor":40,"key":"Gambling Chip"},{"floor":41,"key":"Ice Cream"},{"floor":43,"key":"Pantograph"}],"event_choices":[{"damage_healed":0,"gold_gain":0,"player_choice":"Entered Light","damage_taken":15,"max_hp_gain":0,"max_hp_loss":0,"event_name":"Shining Light","floor":4,"gold_loss":0,"cards_upgraded":["Strike_B","Defend_B"]},{"damage_healed":0,"gold_gain":0,"player_choice":"Upgraded","damage_taken":0,"max_hp_gain":0,"max_hp_loss":0,"event_name":"Upgrade Shrine","floor":12,"gold_loss":0,"cards_upgraded":["Leap"]},{"damage_healed":0,"gold_gain":0,"player_choice":"Ignored","damage_taken":0,"max_hp_gain":0,"max_hp_loss":0,"event_name":"Vampires","floor":21,"gold_loss":0},{"damage_healed":0,"gold_gain":0,"player_choice":"Obtained Book","damage_taken":16,"max_hp_gain":0,"max_hp_loss":0,"event_name":"Cursed Tome","floor":22,"gold_loss":0},{"damage_healed":25,"gold_gain":0,"player_choice":"Heal","damage_taken":0,"max_hp_gain":0,"max_hp_loss":0,"event_name":"The Library","floor":30,"gold_loss":0},{"damage_healed":0,"gold_gain":0,"player_choice":"Fight","damage_taken":0,"max_hp_gain":0,"max_hp_loss":0,"event_name":"Colosseum","floor":31,"gold_loss":0},{"damage_healed":0,"gold_gain":0,"player_choice":"Fled From Nobs","damage_taken":0,"max_hp_gain":0,"max_hp_loss":0,"event_name":"Colosseum","floor":31,"gold_loss":0},{"damage_healed":0,"gold_gain":0,"player_choice":"Memory 1","damage_taken":0,"max_hp_gain":0,"max_hp_loss":0,"event_name":"SensoryStone","floor":37,"gold_loss":0},{"cards_removed":["Strike_B"],"damage_healed":0,"gold_gain":0,"player_choice":"Removed Attack","damage_taken":0,"max_hp_gain":0,"max_hp_loss":0,"event_name":"Falling","floor":38,"gold_loss":0},{"damage_healed":0,"gold_gain":0,"player_choice":"Fight","damage_taken":0,"max_hp_gain":0,"max_hp_loss":0,"event_name":"MindBloom","floor":40,"gold_loss":0},{"damage_healed":0,"gold_gain":0,"player_choice":"Fight","damage_taken":0,"max_hp_gain":0,"max_hp_loss":0,"event_name":"Mysterious Sphere","floor":41,"gold_loss":0},{"damage_healed":0,"gold_gain":0,"player_choice":"Embrace Madness","damage_taken":9,"max_hp_gain":0,"max_hp_loss":0,"event_name":"Winding Halls","floor":45,"gold_loss":0,"cards_obtained":["Madness","Madness"]}],"is_beta":false,"boss_relics":[{"not_picked":["Eternal Feather","Busted Crown"],"picked":"Inserter"},{"not_picked":["Astrolabe","Runic Pyramid"],"picked":"Sozu"}],"items_purged_floors":[19],"is_endless":false,"potions_floor_spawned":[2,3,10,13,16,18,24,29,31,40,48],"killed_by":"Awakened One","ascension_level":0}