{"gold_per_floor":[116,130,130,145,157,192,192,222,248,304,322,337,368,385,385,485,485,469,488,488,505,4,29,53,65,77,89,101,113,139,251,263,379,391,415,427,3,15,15,15,28,42,67,67,67],"floor_reached":45,"playtime":3665,"items_purged":[],"score":507,"play_id":"9dd92efd-abb2-4515-9eed-7f24a41cb1d4","local_time":"20190911224610","is_ascension_mode":false,"campfire_choices":[{"data":"Rupture","floor":7,"key":"SMITH"},{"floor":15,"key":"REST"},{"floor":25,"key":"REST"},{"data":"Demon Form","floor":29,"key":"SMITH"},{"floor":32,"key":"REST"},{"data":"Inflame","floor":40,"key":"SMITH"}],"neow_cost":"NONE","seed_source_timestamp":2281381283007000,"circlet_count":0,"master_deck":["Defend_R","Defend_R","Defend_R","Bash","Blind","Blood for Blood","Anger","Heavy Blade","Inflame+1","Flex","Ghostly Armor","Demon Form+1","Clash","Metallicize","Blood for Blood","Feed","Flex+1","Seeing Red","Hemokinesis","Finesse","Thinking Ahead","Carnage","Feed","Anger","Bite","Bite","Bite","Bite","Bite","Cleave","Heavy Blade+1","Double Tap","Headbutt","Madness","Madness","Bandage Up","Seeing Red+1","Seeing Red+1","Infernal Blade","Anger+1","Sadistic Nature","Bandage Up"],"relics":["Burning Blood","Self Forming Clay","Question Card","Ice Cream","Happy Flower","Mango","Regal Pillow","Eternal Feather","Potion Belt","MawBank","Bronze Scales","Juzu Bracelet","Peace Pipe","Bottled Tornado","Empty Cage","Oddly Smooth Stone","Boot","Lantern"],"potions_floor_usage":[8,8,11,13,13,16,16,23,23,31,33,33,45],"damage_taken":[{"damage":1,"enemies":"Cultist","floor":1,"turns":4},{"damage":4,"enemies":"2 Louse","floor":2,"turns":2},{"damage":6,"enemies":"Jaw Worm","floor":4,"turns":3},{"damage":11,"enemies":"Blue Slaver","floor":5,"turns":4},{"damage":24,"enemies":"3 Sentries","floor":6,"turns":7},{"damage":17,"enemies":"Lagavulin","floor":8,"turns":8},{"damage":14,"enemies":"Gremlin Nob","floor":10,"turns":3},{"damage":0,"enemies":"Large Slime","floor":11,"turns":5},{"damage":6,"enemies":"Exordium Wildlife","floor":12,"turns":4},{"damage":10,"enemies":"Gremlin Nob","floor":13,"turns":3},{"damage":33,"enemies":"Gremlin Gang","floor":14,"turns":5},{"damage":24,"enemies":"Hexaghost","floor":16,"turns":7},{"damage":28,"enemies":"2 Thieves","floor":18,"turns":4},{"damage":21,"enemies":"Spheric Guardian","floor":19,"turns":4},{"damage":25,"enemies":"3 Cultists","floor":21,"turns":6},{"damage":12,"enemies":"Book of Stabbing","floor":23,"turns":4},{"damage":16,"enemies":"Centurion and Healer","floor":24,"turns":5},{"damage":28,"enemies":"Snecko","floor":30,"turns":5},{"damage":16,"enemies":"Colosseum Slavers","floor":31,"turns":4},{"damage":26,"enemies":"Colosseum Nobs","floor":31,"turns":4},{"damage":65,"enemies":"Champ","floor":33,"turns":8},{"damage":32,"enemies":"3 Darklings","floor":35,"turns":5},{"damage":6,"enemies":"3 Shapes","floor":38,"turns":3},{"damage":35,"enemies":"Sphere and 2 Shapes","floor":41,"turns":4},{"damage":19,"enemies":"Maw","floor":42,"turns":6},{"damage":37,"enemies":"Nemesis","floor":45,"turns":2}],"seed_played":"7154648293202927525","potions_obtained":[{"floor":2,"key":"Regen Potion"},{"floor":5,"key":"EntropicBrew"},{"floor":8,"key":"Block Potion"},{"floor":13,"key":"SkillPotion"},{"floor":14,"key":"Swift Potion"},{"floor":16,"key":"PowerPotion"},{"floor":21,"key":"AttackPotion"},{"floor":23,"key":"FearPotion"},{"floor":30,"key":"SpeedPotion"},{"floor":31,"key":"Dexterity Potion"},{"floor":33,"key":"SkillPotion"},{"floor":41,"key":"Explosive Potion"}],"is_trial":false,"path_per_floor":["M","M","T","M","M","E","R","E","T","?","M","M","E","M","R","B",null,"M","M","?","M","$","E","M","R","T","?","?","R","M","?","R","B",null,"M","?","$","M","?","R","M","M","T","?","E"],"character_chosen":"IRONCLAD","items_purchased":["Finesse","Thinking Ahead","Carnage","Potion Belt","Oddly Smooth Stone","Boot","Bandage Up","PowerPotion"],"campfire_rested":3,"item_purchase_floors":[22,22,22,22,37,37,37,37],"current_hp_per_floor":[80,80,80,80,75,57,57,55,55,61,67,67,63,36,79,61,94,72,57,57,41,41,35,28,91,91,69,69,69,51,34,72,17,72,50,41,41,46,46,67,44,39,39,34,0],"gold":67,"neow_bonus":"RANDOM_COLORLESS","is_prod":false,"is_daily":false,"chose_seed":false,"campfire_upgraded":3,"win_rate":0.0,"timestamp":1568267170,"path_taken":["M","M","?","M","M","E","R","E","T","?","M","M","E","M","R","BOSS","M","M","?","M","$","E","M","R","T","?","?","R","M","?","R","BOSS","M","?","$","M","?","R","M","M","T","?","E"],"build_version":"2019-07-17","purchased_purges":0,"victory":false,"max_hp_per_floor":[80,80,80,80,80,80,80,80,80,94,94,94,94,94,94,94,94,94,94,94,97,97,97,100,100,100,69,69,69,69,72,72,72,72,72,72,72,75,75,75,75,75,75,75,75],"card_choices":[{"not_picked":["True Grit","Cleave"],"picked":"Blood for Blood","floor":1},{"not_picked":["Dropkick","Headbutt"],"picked":"Anger","floor":2},{"not_picked":["Flex","Spot Weakness"],"picked":"Heavy Blade","floor":4},{"not_picked":["Cleave","Body Slam"],"picked":"Inflame","floor":5},{"not_picked":["Warcry","Body Slam"],"picked":"Rupture","floor":6},{"not_picked":["Body Slam","Sever Soul","Second Wind"],"picked":"Flex","floor":8},{"not_picked":["Bloodletting","Twin Strike","Hemokinesis"],"picked":"Ghostly Armor","floor":10},{"not_picked":["Ghostly Armor","Sword Boomerang","Clothesline"],"picked":"Demon Form","floor":11},{"not_picked":["Rupture","Pummel","Dropkick"],"picked":"Clash","floor":12},{"not_picked":["Pommel Strike","Headbutt","Dual Wield"],"picked":"Metallicize","floor":13},{"not_picked":["Sever Soul","Perfected Strike","Armaments"],"picked":"Blood for Blood","floor":14},{"not_picked":["Limit Break","Brutality","Barricade"],"picked":"Feed","floor":16},{"not_picked":["Sword Boomerang","Warcry","Pommel Strike"],"picked":"Flex+1","floor":18},{"not_picked":["Flex","Intimidate","Clothesline"],"picked":"Seeing Red","floor":19},{"not_picked":["Flex","Whirlwind","Clash"],"picked":"Hemokinesis","floor":21},{"not_picked":["Second Wind","Combust","Body Slam"],"picked":"Feed","floor":23},{"not_picked":["Pommel Strike+1","Perfected Strike","Iron Wave"],"picked":"Anger","floor":24},{"not_picked":["Thunderclap","Hemokinesis","Flex"],"picked":"Cleave","floor":30},{"not_picked":["Burning Pact","Pommel Strike","Infernal Blade"],"picked":"Heavy Blade+1","floor":31},{"not_picked":["Fiend Fire","Barricade","Impervious"],"picked":"Double Tap","floor":33},{"not_picked":["Clothesline","Perfected Strike","Thunderclap"],"picked":"Headbutt","floor":35},{"not_picked":["Second Wind","Cleave","Limit Break"],"picked":"Seeing Red+1","floor":38},{"not_picked":["Rupture+1","Flex+1","Shrug It Off"],"picked":"Infernal Blade","floor":41},{"not_picked":["Iron Wave+1","Body Slam+1","Heavy Blade+1"],"picked":"Anger+1","floor":42},{"not_picked":["Jack Of All Trades","Impatience","Blind"],"picked":"Sadistic Nature","floor":44},{"not_picked":["Swift Strike","Chrysalis","Good Instincts"],"picked":"Bandage Up","floor":44}],"player_experience":18065,"relics_obtained":[{"floor":3,"key":"Self Forming Clay"},{"floor":6,"key":"Question Card"},{"floor":8,"key":"Ice Cream"},{"floor":9,"key":"Happy Flower"},{"floor":10,"key":"Mango"},{"floor":13,"key":"Regal Pillow"},{"floor":23,"key":"MawBank"},{"floor":26,"key":"Bronze Scales"},{"floor":31,"key":"Peace Pipe"},{"floor":31,"key":"Bottled Tornado"},{"floor":43,"key":"Lantern"}],"event_choices":[{"damage_healed":0,"gold_gain":0,"player_choice":"Searched \u00271\u0027 times","damage_taken":0,"max_hp_gain":0,"max_hp_loss":0,"event_name":"Dead Adventurer","floor":10,"gold_loss":0},{"damage_healed":0,"gold_gain":0,"player_choice":"Ignored","damage_taken":0,"max_hp_gain":0,"max_hp_loss":0,"event_name":"Ghosts","floor":20,"gold_loss":0},{"damage_healed":0,"gold_gain":0,"player_choice":"Became a vampire","damage_taken":0,"max_hp_gain":0,"max_hp_loss":31,"event_name":"Vampires","floor":27,"gold_loss":0,"cards_obtained":["Bite","Bite","Bite","Bite","Bite"]},{"damage_healed":0,"gold_gain":0,"player_choice":"Opened","damage_taken":0,"relics_obtained":["Juzu Bracelet"],"max_hp_gain":0,"max_hp_loss":0,"event_name":"The Mausoleum","floor":28,"gold_loss":0},{"damage_healed":0,"gold_gain":0,"player_choice":"Fight","damage_taken":0,"max_hp_gain":0,"max_hp_loss":0,"event_name":"Colosseum","floor":31,"gold_loss":0},{"damage_healed":0,"gold_gain":0,"player_choice":"Fought Nobs","damage_taken":0,"max_hp_gain":0,"max_hp_loss":0,"event_name":"Colosseum","floor":31,"gold_loss":0},{"damage_healed":0,"gold_gain":0,"player_choice":"Embrace Madness","damage_taken":9,"max_hp_gain":0,"max_hp_loss":0,"event_name":"Winding Halls","floor":36,"gold_loss":0,"cards_obtained":["Madness","Madness"]},{"damage_healed":0,"gold_gain":0,"player_choice":"Copied","damage_taken":0,"max_hp_gain":0,"max_hp_loss":0,"event_name":"Duplicator","floor":39,"gold_loss":0,"cards_obtained":["Seeing Red"]},{"damage_healed":0,"gold_gain":0,"player_choice":"Memory 2","damage_taken":5,"max_hp_gain":0,"max_hp_loss":0,"event_name":"SensoryStone","floor":44,"gold_loss":0}],"is_beta":false,"boss_relics":[{"not_picked":["Philosopher\u0027s Stone","Tiny House"],"picked":"Eternal Feather"},{"not_picked":["Runic Dome","Snecko Eye"],"picked":"Empty Cage"}],"items_purged_floors":[],"is_endless":false,"potions_floor_spawned":[2,5,8,13,14,16,21,23,30,31,33,41],"killed_by":"Nemesis","ascension_level":0}