{"gold_per_floor":[19,19,39,59,59,90,117,161,173,212,224,271,283,324,336,445,457,480,502,174,192,204,204,219,219,271,304,317,76,16,46,46,46],"floor_reached":33,"playtime":1257,"items_purged":["Strike_R","Strike_R"],"score":470,"play_id":"66905dff-ec6a-496f-8f84-00493b7dd46c","local_time":"20190406170920","is_ascension_mode":true,"campfire_choices":[{"data":"Seeing Red","floor":11,"key":"SMITH"},{"data":"Armaments","floor":13,"key":"SMITH"},{"floor":15,"key":"REST"},{"data":"Armaments","floor":23,"key":"SMITH"},{"data":"Bash","floor":32,"key":"SMITH"}],"neow_cost":"NO_GOLD","seed_source_timestamp":1204967580306200,"circlet_count":0,"master_deck":["Strike_R","Defend_R","Defend_R","Defend_R","Bash+1","Feed","Headbutt","Iron Wave","Seeing Red+1","Clash","Clash","Bloodletting","Dropkick","Armaments+1","Flex","Iron Wave","Berserk","Shrug It Off","Body Slam+1","Armaments+1","Shrug It Off","Pommel Strike","Feed","Dropkick","Power Through+1","Metallicize+1"],"relics":["Burning Blood","Pocketwatch","Sundial","MawBank","Red Skull","Bag of Preparation","Dream Catcher","Letter Opener","Smiling Mask","Sozu","Mercury Hourglass","Regal Pillow","Pear","Membership Card","Ancient Tea Set"],"potions_floor_usage":[6,8,12,22,22,27],"damage_taken":[{"damage":6,"enemies":"Jaw Worm","floor":1,"turns":3},{"damage":6,"enemies":"Cultist","floor":3,"turns":4},{"damage":4,"enemies":"2 Louse","floor":4,"turns":3},{"damage":31,"enemies":"Lagavulin","floor":6,"turns":6},{"damage":28,"enemies":"Gremlin Gang","floor":7,"turns":5},{"damage":0,"enemies":"Gremlin Nob","floor":8,"turns":2},{"damage":22,"enemies":"Lagavulin","floor":10,"turns":4},{"damage":6,"enemies":"Gremlin Nob","floor":12,"turns":3},{"damage":3,"enemies":"Lagavulin","floor":14,"turns":2},{"damage":28,"enemies":"Slime Boss","floor":16,"turns":7},{"damage":23,"enemies":"2 Thieves","floor":18,"turns":3},{"damage":25,"enemies":"3 Byrds","floor":19,"turns":5},{"damage":29,"enemies":"Sentry and Sphere","floor":21,"turns":4},{"damage":3,"enemies":"Chosen and Byrds","floor":22,"turns":3},{"damage":3,"enemies":"Centurion and Healer","floor":24,"turns":4},{"damage":14,"enemies":"Slavers","floor":27,"turns":4},{"damage":3,"enemies":"Snake Plant","floor":28,"turns":2},{"damage":16,"enemies":"Gremlin Leader","floor":31,"turns":6},{"damage":79,"enemies":"Collector","floor":33,"turns":7}],"seed_played":"1282859104464451429","potions_obtained":[{"floor":3,"key":"AttackPotion"},{"floor":7,"key":"Dexterity Potion"},{"floor":10,"key":"Block Potion"},{"floor":12,"key":"SteroidPotion"},{"floor":14,"key":"Ancient Potion"},{"floor":16,"key":"FearPotion"}],"is_trial":false,"path_per_floor":["M","?","M","M","T","E","M","E","T","E","R","E","R","E","R","B",null,"M","M","$","M","M","R","M","?","T","E","M","$","?","E","R","B"],"character_chosen":"IRONCLAD","items_purchased":["Armaments","Mercury Hourglass","Membership Card"],"campfire_rested":1,"item_purchase_floors":[20,20,29],"current_hp_per_floor":[83,83,86,89,89,67,48,54,54,38,38,38,38,41,69,47,95,81,62,62,43,49,49,52,52,52,58,61,61,61,51,51,0],"gold":46,"neow_bonus":"TRANSFORM_TWO_CARDS","is_prod":false,"is_daily":false,"chose_seed":false,"campfire_upgraded":4,"win_rate":0,"timestamp":1554559760,"path_taken":["M","?","M","?","?","E","M","E","T","E","R","E","R","E","R","BOSS","M","M","$","?","?","R","M","?","T","E","M","$","?","E","R","BOSS"],"build_version":"2019-01-23","purchased_purges":2,"victory":false,"max_hp_per_floor":[83,83,86,89,89,92,95,95,95,95,95,95,95,95,95,95,95,98,98,98,102,105,105,105,105,105,119,119,119,119,119,119,119],"card_choices":[{"not_picked":["True Grit","Rupture"],"picked":"Headbutt","floor":1},{"not_picked":["Rampage","Perfected Strike"],"picked":"Iron Wave","floor":3},{"not_picked":["Corruption","Armaments"],"picked":"Seeing Red","floor":4},{"not_picked":["Sentinel","Pommel Strike"],"picked":"Clash","floor":6},{"not_picked":["Ghostly Armor","Pummel"],"picked":"Clash","floor":7},{"not_picked":["True Grit","Intimidate"],"picked":"Bloodletting","floor":8},{"not_picked":["Seeing Red","Ghostly Armor"],"picked":"Dropkick","floor":10},{"not_picked":["Juggernaut","Ghostly Armor"],"picked":"Armaments","floor":12},{"not_picked":["Brutality","Rupture"],"picked":"Flex","floor":14},{"not_picked":["Corruption","Fire Breathing"],"picked":"Iron Wave","floor":15},{"not_picked":["Brutality","Barricade"],"picked":"Berserk","floor":16},{"not_picked":["Spot Weakness","Thunderclap"],"picked":"Shrug It Off","floor":18},{"not_picked":["Whirlwind","Clothesline"],"picked":"Body Slam+1","floor":19},{"not_picked":["Twin Strike+1","Rage"],"picked":"Shrug It Off","floor":21},{"not_picked":["Headbutt","Power Through"],"picked":"Pommel Strike","floor":22},{"not_picked":["Body Slam","Ghostly Armor"],"picked":"Feed","floor":24},{"not_picked":["Pommel Strike","Reckless Charge"],"picked":"Dropkick","floor":27},{"not_picked":["Spot Weakness","Wild Strike"],"picked":"Power Through+1","floor":28},{"not_picked":["Fire Breathing+1","True Grit"],"picked":"Metallicize+1","floor":31}],"player_experience":252388,"relics_obtained":[{"floor":5,"key":"Sundial"},{"floor":6,"key":"MawBank"},{"floor":8,"key":"Red Skull"},{"floor":9,"key":"Bag of Preparation"},{"floor":10,"key":"Dream Catcher"},{"floor":12,"key":"Letter Opener"},{"floor":14,"key":"Smiling Mask"},{"floor":26,"key":"Regal Pillow"},{"floor":27,"key":"Pear"},{"floor":31,"key":"Ancient Tea Set"}],"event_choices":[{"cards_removed":["Inflame"],"damage_healed":0,"gold_gain":0,"player_choice":"Gave Card","damage_taken":0,"relics_obtained":["Pocketwatch"],"max_hp_gain":0,"max_hp_loss":0,"event_name":"WeMeetAgain","floor":2,"gold_loss":0},{"damage_healed":0,"gold_gain":0,"player_choice":"Ignored","damage_taken":0,"max_hp_gain":0,"max_hp_loss":0,"event_name":"Vampires","floor":25,"gold_loss":0},{"cards_removed":["Strike_R"],"damage_healed":0,"gold_gain":0,"player_choice":"Single Remove","damage_taken":0,"max_hp_gain":0,"max_hp_loss":0,"event_name":"Designer","floor":30,"gold_loss":60}],"is_beta":false,"boss_relics":[{"not_picked":["Fusion Hammer","Empty Cage"],"picked":"Sozu"}],"items_purged_floors":[20,29],"is_endless":false,"potions_floor_spawned":[3,7,10,12,14,16,18,22,24,27,31],"killed_by":"Collector","ascension_level":1}