{"gold_per_floor":[118,118,118,43,43,43,68,88,114,128,128,161,161,181,181,276,276,293,216,235,235,255,255,273,273,299,299],"floor_reached":27,"playtime":1269,"items_purged":["Defend_R"],"score":232,"play_id":"c2a1ebca-8c48-4960-9d98-3a7c7e2403c7","local_time":"20180722125247","is_ascension_mode":true,"campfire_choices":[{"data":"Flex","floor":6,"key":"SMITH"},{"floor":11,"key":"REST"},{"floor":13,"key":"REST"},{"data":"Power Through","floor":15,"key":"SMITH"},{"floor":23,"key":"REST"},{"data":"True Grit","floor":25,"key":"SMITH"}],"neow_cost":"NONE","seed_source_timestamp":683963089702144,"circlet_count":0,"master_deck":["Strike_R+1","Strike_R","Strike_R","Strike_R+1","Strike_R","Defend_R","Defend_R","Defend_R","Bash","Flex+1","Twin Strike","Battle Trance","Power Through+1","Burning Pact","Double Tap","True Grit+1","J.A.X.","Inflame+1","Bandage Up","Spot Weakness"],"relics":["Black Blood","Mummified Hand","Bronze Scales","Ancient Tea Set","Self Forming Clay","Orichalcum"],"potions_floor_usage":[16,22,24],"damage_taken":[{"damage":15,"enemies":"Small Slimes","floor":1,"turns":6},{"damage":31,"enemies":"Gremlin Nob","floor":7,"turns":4},{"damage":6,"enemies":"Jaw Worm","floor":8,"turns":2},{"damage":1,"enemies":"2 Louse","floor":10,"turns":2},{"damage":36,"enemies":"Lagavulin","floor":12,"turns":3},{"damage":6,"enemies":"Exordium Wildlife","floor":14,"turns":4},{"damage":49,"enemies":"The Guardian","floor":16,"turns":11},{"damage":5,"enemies":"3 Byrds","floor":18,"turns":3},{"damage":37,"enemies":"2 Thieves","floor":20,"turns":4},{"damage":24,"enemies":"Cultist and Chosen","floor":22,"turns":7},{"damage":27,"enemies":"Centurion and Healer","floor":24,"turns":6},{"damage":61,"enemies":"Gremlin Leader","floor":27,"turns":9}],"seed_played":"-6312612292558448864","potions_obtained":[{"floor":12,"key":"Swift Potion"},{"floor":14,"key":"FearPotion"},{"floor":18,"key":"FearPotion"},{"floor":22,"key":"SteroidPotion"}],"is_trial":false,"path_per_floor":["M","?","?","$","$","R","E","M","T","M","R","E","R","M","R","B",null,"M","?","M","?","M","R","M","R","T"],"character_chosen":"IRONCLAD","items_purchased":[],"campfire_rested":3,"item_purchase_floors":[],"current_hp_per_floor":[79,76,58,58,58,58,33,33,33,38,64,34,60,60,60,17,88,88,88,61,45,35,61,48,48,48,0],"gold":299,"neow_bonus":"TEN_PERCENT_HP_BONUS","is_prod":false,"is_daily":false,"chose_seed":false,"campfire_upgraded":3,"win_rate":0,"timestamp":1532253167,"path_taken":["M","?","?","?","$","R","E","M","T","M","R","E","R","?","R","BOSS","M","?","M","?","M","R","M","R","T","E"],"build_version":"2018-07-19v2","purchased_purges":1,"victory":false,"max_hp_per_floor":[88,88,88,88,88,88,88,88,88,88,88,88,88,88,88,88,88,88,88,88,88,88,88,88,88,88,88],"card_choices":[{"not_picked":["Heavy Blade","Twin Strike"],"picked":"Flex","floor":1},{"not_picked":["Clothesline","Havoc"],"picked":"Twin Strike","floor":7},{"not_picked":["Rupture","Fire Breathing","Havoc"],"picked":"SKIP","floor":8},{"not_picked":["Second Wind","Clothesline"],"picked":"Battle Trance","floor":10},{"not_picked":["Shockwave","Blood for Blood"],"picked":"Power Through","floor":12},{"not_picked":["Iron Wave","Clothesline"],"picked":"Burning Pact","floor":14},{"not_picked":["Immolate","Bludgeon"],"picked":"Double Tap","floor":16},{"not_picked":["Body Slam+1","Battle Trance"],"picked":"True Grit","floor":18},{"not_picked":["Clash","Thunderclap+1"],"picked":"Inflame+1","floor":20},{"not_picked":["Armaments","Carnage"],"picked":"Spot Weakness","floor":22},{"not_picked":["Anger","Corruption","True Grit"],"picked":"SKIP","floor":24}],"player_experience":170565,"relics_obtained":[{"floor":7,"key":"Bronze Scales"},{"floor":9,"key":"Ancient Tea Set"},{"floor":12,"key":"Self Forming Clay"},{"floor":26,"key":"Orichalcum"}],"event_choices":[{"event_name":"Scrap Ooze","player_choice":"success","floor":2,"damage_taken":3},{"event_name":"Shining Light","player_choice":"Entered Light","floor":3,"damage_taken":0},{"event_name":"Drug Dealer","player_choice":"Got JAXXED","floor":19,"damage_taken":0},{"event_name":"Knowing Skull","player_choice":"CARD ","floor":21,"damage_taken":0}],"is_beta":false,"boss_relics":[{"not_picked":["Ectoplasm","Lizard Tail"],"picked":"Black Blood"}],"items_purged_floors":[4],"is_endless":false,"potions_floor_spawned":[12,14,18,22],"killed_by":"Gremlin Leader","ascension_level":1}