{"gold_per_floor":[114,114,124,124,141,141,161,161,161,176,187,187,1,19,19,124,124,135,135,235,235,235,235,252,252,252,252,281,293,293,303,303,403,403,418,418,469,488,503,503,529,546,569,584,601,601,601,611,611,611],"floor_reached":51,"playtime":1840,"items_purged":[],"score":691,"play_id":"4ed457ef-4870-4553-891c-82f3f4e71560","local_time":"20190531162118","is_ascension_mode":false,"campfire_choices":[{"data":"Beam Cell","floor":6,"key":"SMITH"},{"data":"Sweeping Beam","floor":8,"key":"SMITH"},{"data":"Strike_B","floor":12,"key":"PURGE"},{"data":"Zap","floor":15,"key":"SMITH"},{"data":"1","floor":23,"key":"LIFT"},{"data":"2","floor":25,"key":"LIFT"},{"data":"Dualcast","floor":27,"key":"PURGE"},{"data":"3","floor":30,"key":"LIFT"},{"data":"Defend_B","floor":32,"key":"PURGE"},{"data":"Strike_B+1","floor":40,"key":"PURGE"},{"data":"Strike_B+1","floor":46,"key":"PURGE"},{"data":"Strike_B+1","floor":49,"key":"PURGE"}],"neow_cost":"NONE","seed_source_timestamp":272063293549709,"circlet_count":0,"master_deck":["Defend_B+1","Defend_B","Defend_B+1","Zap+1","Sweeping Beam+1","Conserve Battery+1","Beam Cell+1","Cold Snap","Panache+1","Biased Cognition","Capacitor+1","Cold Snap","Streamline+1","Barrage","Glacier","Go for the Eyes+1","Echo Form","Finesse","Defragment+1","Coolheaded+1","Undo","Glacier+1","Reinforced Body","Compile Driver+1","Hologram+1"],"relics":["Cracked Core","Whetstone","Torii","Peace Pipe","Coffee Dripper","Girya","Pear","Omamori","Pen Nib","Cursed Key","Bird Faced Urn","War Paint","Bronze Scales"],"potions_floor_usage":[16,16,20,33,35,37,37,41],"damage_taken":[{"damage":3,"enemies":"Jaw Worm","floor":1,"turns":3},{"damage":0,"enemies":"2 Louse","floor":3,"turns":3},{"damage":0,"enemies":"Cultist","floor":5,"turns":2},{"damage":0,"enemies":"Looter","floor":7,"turns":2},{"damage":0,"enemies":"Blue Slaver","floor":10,"turns":3},{"damage":0,"enemies":"2 Fungi Beasts","floor":11,"turns":3},{"damage":0,"enemies":"Exordium Thugs","floor":14,"turns":3},{"damage":16,"enemies":"Slime Boss","floor":16,"turns":8},{"damage":6,"enemies":"3 Byrds","floor":18,"turns":4},{"damage":23,"enemies":"Colosseum Slavers","floor":20,"turns":3},{"damage":17,"enemies":"Colosseum Nobs","floor":20,"turns":4},{"damage":0,"enemies":"Chosen","floor":24,"turns":3},{"damage":19,"enemies":"Gremlin Leader","floor":28,"turns":4},{"damage":0,"enemies":"Snake Plant","floor":29,"turns":3},{"damage":1,"enemies":"Snecko","floor":31,"turns":3},{"damage":16,"enemies":"Champ","floor":33,"turns":8},{"damage":13,"enemies":"3 Darklings","floor":35,"turns":3},{"damage":11,"enemies":"2 Orb Walkers","floor":37,"turns":3},{"damage":0,"enemies":"Orb Walker","floor":38,"turns":1},{"damage":1,"enemies":"4 Shapes","floor":39,"turns":4},{"damage":23,"enemies":"Reptomancer","floor":41,"turns":7},{"damage":18,"enemies":"Writhing Mass","floor":42,"turns":7},{"damage":0,"enemies":"Sphere and 2 Shapes","floor":44,"turns":5},{"damage":1,"enemies":"Jaw Worm Horde","floor":45,"turns":4},{"damage":0,"enemies":"4 Shapes","floor":48,"turns":3},{"damage":11,"enemies":"Donu and Deca","floor":50,"turns":8}],"seed_played":"-4373852881536839901","potions_obtained":[{"floor":3,"key":"SpeedPotion"},{"floor":10,"key":"SpeedPotion"},{"floor":16,"key":"Explosive Potion"},{"floor":24,"key":"Ancient Potion"},{"floor":29,"key":"SneckoOil"},{"floor":31,"key":"Explosive Potion"},{"floor":33,"key":"Explosive Potion"},{"floor":35,"key":"EssenceOfSteel"},{"floor":38,"key":"FearPotion"},{"floor":44,"key":"SteroidPotion"},{"floor":45,"key":"Weak Potion"}],"is_trial":false,"path_per_floor":["M","?","M","?","M","R","M","R","T","M","M","R","$","M","R","B",null,"M","?","?","T","?","R","M","R","T","R","E","M","R","M","R","B",null,"M","?","?","M","M","R","E","M","T","M","M","R","?","M","R","B",null],"character_chosen":"DEFECT","items_purchased":["Panache"],"campfire_rested":0,"item_purchase_floors":[13],"current_hp_per_floor":[72,57,57,39,39,39,39,39,39,39,39,39,39,39,39,23,75,69,69,39,39,39,39,39,39,39,39,20,20,20,19,19,3,85,72,72,61,63,72,72,57,49,49,63,66,66,66,76,76,73],"gold":611,"neow_bonus":"RANDOM_COMMON_RELIC","is_prod":false,"is_daily":false,"chose_seed":false,"campfire_upgraded":3,"win_rate":0,"timestamp":1559316078,"path_taken":["M","?","M","?","M","R","M","R","T","M","?","R","$","M","R","BOSS","M","?","?","?","?","R","M","R","T","R","E","M","R","?","R","BOSS","M","?","?","M","M","R","E","M","T","M","M","R","?","?","R","BOSS"],"build_version":"2019-01-23","purchased_purges":0,"victory":true,"max_hp_per_floor":[75,75,75,75,75,75,75,75,75,75,75,75,75,75,75,75,75,75,75,85,85,85,85,85,85,85,85,85,85,85,85,85,85,85,85,85,85,85,85,85,85,85,85,85,85,85,85,85,85,85],"card_choices":[{"not_picked":["Reprogram","Redo"],"picked":"Sweeping Beam","floor":1},{"not_picked":["Leap","Tempest"],"picked":"Conserve Battery","floor":3},{"not_picked":["Conserve Battery","Multi-Cast"],"picked":"Beam Cell","floor":5},{"not_picked":["Turbo","Barrage"],"picked":"Cold Snap","floor":7},{"not_picked":["Go for the Eyes","Loop","Scrape"],"picked":"SKIP","floor":10},{"not_picked":["Steam Power","Stack","Aggregate"],"picked":"SKIP","floor":11},{"not_picked":["Storm","Barrage","Sweeping Beam"],"picked":"SKIP","floor":14},{"not_picked":["All For One","Seek"],"picked":"Biased Cognition","floor":16},{"not_picked":["Reinforced Body","BootSequence+1"],"picked":"Capacitor+1","floor":18},{"not_picked":["Lockon","Steam"],"picked":"Cold Snap","floor":20},{"not_picked":["Steam","Leap"],"picked":"Streamline+1","floor":24},{"not_picked":["Auto Shields","Stack"],"picked":"Barrage","floor":28},{"not_picked":["Cold Snap","Redo"],"picked":"Glacier","floor":29},{"not_picked":["Scrape","Melter"],"picked":"Go for the Eyes+1","floor":31},{"not_picked":["Buffer","Amplify"],"picked":"Echo Form","floor":33},{"not_picked":["Gash","Barrage+1","Rebound+1"],"picked":"SKIP","floor":35},{"not_picked":["Discovery","Forethought"],"picked":"Finesse","floor":36},{"not_picked":["Barrage+1","Genetic Algorithm+1"],"picked":"Defragment+1","floor":37},{"not_picked":["Compile Driver","Barrage"],"picked":"Coolheaded+1","floor":38},{"not_picked":["Beam Cell","Recycle"],"picked":"Undo","floor":39},{"not_picked":["Ball Lightning","Sunder"],"picked":"Glacier+1","floor":41},{"not_picked":["Steam+1","Ball Lightning"],"picked":"Reinforced Body","floor":42},{"not_picked":["Hyperbeam","Genetic Algorithm+1"],"picked":"Compile Driver+1","floor":44},{"not_picked":["Rebound","Leap"],"picked":"Hologram+1","floor":45},{"not_picked":["Leap","Force Field","Conserve Battery"],"picked":"SKIP","floor":48}],"player_experience":1533262,"relics_obtained":[{"floor":9,"key":"Peace Pipe"},{"floor":20,"key":"Girya"},{"floor":20,"key":"Pear"},{"floor":26,"key":"Omamori"},{"floor":28,"key":"Pen Nib"},{"floor":37,"key":"Bird Faced Urn"},{"floor":41,"key":"War Paint"},{"floor":43,"key":"Bronze Scales"}],"event_choices":[{"damage_healed":0,"gold_gain":0,"player_choice":"Entered Light","damage_taken":15,"max_hp_gain":0,"max_hp_loss":0,"event_name":"Shining Light","floor":2,"gold_loss":0,"cards_upgraded":["Defend_B","Strike_B"]},{"damage_healed":0,"gold_gain":0,"player_choice":"Success","damage_taken":18,"relics_obtained":["Torii"],"max_hp_gain":0,"max_hp_loss":0,"event_name":"Scrap Ooze","floor":4,"gold_loss":0},{"damage_healed":0,"gold_gain":0,"player_choice":"Ignored","damage_taken":0,"max_hp_gain":0,"max_hp_loss":0,"event_name":"Ghosts","floor":19,"gold_loss":0},{"damage_healed":0,"gold_gain":0,"player_choice":"Fight","damage_taken":0,"max_hp_gain":0,"max_hp_loss":0,"event_name":"Colosseum","floor":20,"gold_loss":0},{"damage_healed":0,"gold_gain":0,"player_choice":"Fought Nobs","damage_taken":0,"max_hp_gain":0,"max_hp_loss":0,"event_name":"Colosseum","floor":20,"gold_loss":0},{"damage_healed":0,"gold_gain":0,"player_choice":"Forge","damage_taken":0,"max_hp_gain":0,"max_hp_loss":0,"event_name":"Accursed Blacksmith","floor":22,"gold_loss":0,"cards_upgraded":["Panache"]},{"damage_healed":0,"gold_gain":0,"player_choice":"Memory 1","damage_taken":0,"max_hp_gain":0,"max_hp_loss":0,"event_name":"SensoryStone","floor":36,"gold_loss":0},{"damage_healed":0,"gold_gain":0,"player_choice":"Fight","damage_taken":0,"max_hp_gain":0,"max_hp_loss":0,"event_name":"Mysterious Sphere","floor":37,"gold_loss":0},{"damage_healed":0,"gold_gain":0,"player_choice":"0 cards matched","damage_taken":0,"max_hp_gain":0,"max_hp_loss":0,"event_name":"Match and Keep!","floor":47,"gold_loss":0,"cards_obtained":[]}],"is_beta":false,"boss_relics":[{"not_picked":["Empty Cage","Tiny House"],"picked":"Coffee Dripper"},{"not_picked":["Busted Crown","Philosopher\u0027s Stone"],"picked":"Cursed Key"}],"items_purged_floors":[],"is_endless":false,"potions_floor_spawned":[3,10,16,24,29,31,33,35,38,44,45],"ascension_level":0}