{"gold_per_floor":[19,19,19,35,54,54,54,73,73,73],"floor_reached":10,"playtime":494,"items_purged":[],"score":81,"play_id":"81a178bf-8448-4761-83cc-cfc2feccd30e","local_time":"20191008174637","is_ascension_mode":true,"campfire_choices":[{"floor":6.0,"key":"DIG"}],"neow_cost":"NO_GOLD","seed_source_timestamp":342890062849300,"circlet_count":0,"master_deck":["Strike_B","Strike_B","Strike_B","Strike_B","Defend_B","Defend_B","Defend_B","Defend_B","Zap","Dualcast","Static Discharge","Steam Power","Echo Form","Loop"],"special_seed":0,"relics":["Cracked Core","Shovel","Golden Idol","Question Card","Pantograph","DataDisk"],"potions_floor_usage":[10],"damage_taken":[{"damage":2.0,"enemies":"Jaw Worm","floor":1.0,"turns":3.0},{"damage":1.0,"enemies":"Cultist","floor":4.0,"turns":3.0},{"damage":2.0,"enemies":"2 Louse","floor":5.0,"turns":3.0},{"damage":7.0,"enemies":"Looter","floor":8.0,"turns":3.0},{"damage":28,"enemies":"3 Sentries","floor":10,"turns":4}],"seed_played":"8830813380612161870","potions_obtained":[{"floor":1.0,"key":"Dexterity Potion"}],"is_trial":false,"path_per_floor":["M","?","?","M","M","R","$","M","T","E"],"character_chosen":"DEFECT","items_purchased":[],"campfire_rested":0,"item_purchase_floors":[],"current_hp_per_floor":[66,48,30,29,27,27,27,20,20,0],"gold":73,"neow_bonus":"ONE_RARE_RELIC","is_prod":false,"is_daily":false,"chose_seed":false,"campfire_upgraded":0,"win_rate":0,"timestamp":1570549597,"path_taken":["M","?","?","?","M","R","?","M","T","E"],"build_version":"2019-07-17","purchased_purges":0,"victory":false,"max_hp_per_floor":[75,75,75,75,75,75,75,75,75,75],"card_choices":[{"not_picked":["Hologram","Recycle"],"picked":"Static Discharge","floor":1.0},{"not_picked":["Beam Cell","Static Discharge","Melter"],"picked":"Steam Power","floor":4.0},{"not_picked":["Coolheaded","Force Field","Static Discharge"],"picked":"Echo Form","floor":5.0},{"not_picked":["Redo","Rip and Tear","Coolheaded"],"picked":"Loop","floor":8.0}],"player_experience":207999,"relics_obtained":[{"floor":6.0,"key":"Pantograph"},{"floor":9.0,"key":"DataDisk"}],"event_choices":[{"damage_healed":0.0,"max_hp_gain":0.0,"max_hp_loss":0.0,"gold_gain":0.0,"event_name":"Golden Idol","player_choice":"Take Damage","floor":2.0,"gold_loss":0.0,"damage_taken":18.0,"relics_obtained":["Golden Idol"]},{"damage_healed":0.0,"max_hp_gain":0.0,"max_hp_loss":0.0,"gold_gain":0.0,"event_name":"Scrap Ooze","player_choice":"Success","floor":3.0,"gold_loss":0.0,"damage_taken":18.0,"relics_obtained":["Question Card"]}],"is_beta":false,"boss_relics":[],"items_purged_floors":[],"is_endless":false,"potions_floor_spawned":[1],"killed_by":"3 Sentries","ascension_level":8}