{"gold_per_floor":[109,12,22,34,44,71,71,88,88,88,115,127,139,171,183,293,305,304,241,1,15,35,35,63,63,63,74,74,74,89,103,103,103],"floor_reached":33,"playtime":2142,"items_purged":["Normality","Defend_B"],"score":360,"play_id":"bb01a6b3-c991-4d6b-ba49-91cd094b9ecf","local_time":"20191013143325","is_ascension_mode":true,"campfire_choices":[{"data":"Storm","floor":7,"key":"SMITH"},{"data":"Hologram","floor":13,"key":"SMITH"},{"data":"Beam Cell","floor":15,"key":"SMITH"},{"floor":23,"key":"REST"},{"floor":25,"key":"REST"},{"data":"Defragment","floor":29,"key":"SMITH"},{"floor":32,"key":"REST"}],"neow_cost":"CURSE","seed_source_timestamp":240709412340600,"circlet_count":0,"master_deck":["Strike_B","Strike_B","Strike_B","Defend_B","Defend_B","Defend_B+1","Zap","Dualcast","Hyperbeam+1","Conserve Battery","Beam Cell+1","Self Repair","Coolheaded","Storm+1","Hologram+1","Leap","Ball Lightning","Storm","Core Surge","Static Discharge","Defragment+1","Hologram","Turbo","BootSequence","Stack","Amplify","White Noise","White Noise","Hologram"],"relics":["Cracked Core","Oddly Smooth Stone","Letter Opener","MawBank","Odd Mushroom","Inserter","Bottled Tornado","Sundial"],"potions_floor_usage":[6,11,16,22,24,24,31],"damage_taken":[{"damage":0,"enemies":"Cultist","floor":1,"turns":2},{"damage":0,"enemies":"2 Louse","floor":3,"turns":1},{"damage":5,"enemies":"Small Slimes","floor":4,"turns":2},{"damage":5,"enemies":"Blue Slaver","floor":5,"turns":4},{"damage":18,"enemies":"3 Sentries","floor":6,"turns":3},{"damage":0,"enemies":"3 Louse","floor":8,"turns":3},{"damage":16,"enemies":"Gremlin Nob","floor":11,"turns":5},{"damage":0,"enemies":"The Mushroom Lair","floor":14,"turns":1},{"damage":12,"enemies":"Slime Boss","floor":16,"turns":11},{"damage":42,"enemies":"2 Thieves","floor":18,"turns":4},{"damage":20,"enemies":"Shell Parasite","floor":21,"turns":4},{"damage":29,"enemies":"Snake Plant","floor":22,"turns":3},{"damage":20,"enemies":"Book of Stabbing","floor":24,"turns":5},{"damage":21,"enemies":"Centurion and Healer","floor":27,"turns":6},{"damage":18,"enemies":"Cultist and Chosen","floor":30,"turns":5},{"damage":0,"enemies":"Sentry and Sphere","floor":31,"turns":4},{"damage":52,"enemies":"Automaton","floor":33,"turns":6}],"seed_played":"5231096025028503882","potions_obtained":[{"floor":1,"key":"LiquidBronze"},{"floor":3,"key":"Explosive Potion"},{"floor":5,"key":"SpeedPotion"},{"floor":8,"key":"FearPotion"},{"floor":14,"key":"Swift Potion"},{"floor":21,"key":"Regen Potion"},{"floor":22,"key":"SkillPotion"},{"floor":24,"key":"Energy Potion"},{"floor":31,"key":"AttackPotion"}],"is_trial":false,"path_per_floor":["M","$","M","M","M","E","R","M","T","?","E","?","R","?","R","B",null,"M","?","$","M","M","R","E","R","T","M","?","R","M","M","R","B"],"character_chosen":"DEFECT","items_purchased":["Beam Cell","Defragment","Hologram","Turbo"],"campfire_rested":3,"item_purchase_floors":[2,20,20,20],"current_hp_per_floor":[68,68,68,70,72,61,61,68,68,73,64,48,48,48,48,43,71,36,36,36,23,10,34,21,45,45,38,38,38,27,27,51,0],"gold":103,"neow_bonus":"THREE_RARE_CARDS","is_prod":false,"is_daily":false,"chose_seed":false,"campfire_upgraded":4,"win_rate":0,"timestamp":1571002405,"path_taken":["M","$","?","M","M","E","R","M","T","?","E","?","R","?","R","BOSS","M","?","$","M","M","R","E","R","T","M","?","R","M","M","R","BOSS"],"build_version":"2019-07-17","purchased_purges":2,"victory":false,"max_hp_per_floor":[75,75,75,75,75,75,75,75,75,80,80,80,80,80,80,80,80,80,80,80,80,80,80,80,80,80,80,80,80,80,80,80,80],"card_choices":[{"not_picked":["Creative AI","Reboot"],"picked":"Hyperbeam","floor":0},{"not_picked":["Steam","Steam Power"],"picked":"Conserve Battery","floor":1},{"not_picked":["BootSequence","Loop"],"picked":"Self Repair","floor":3},{"not_picked":["Streamline","Hologram"],"picked":"Coolheaded","floor":4},{"not_picked":["Steam","Capacitor"],"picked":"Storm","floor":5},{"not_picked":["Conserve Battery","Skim"],"picked":"Hologram","floor":6},{"not_picked":["Storm","Redo"],"picked":"Leap","floor":8},{"not_picked":["Reinforced Body","Melter"],"picked":"Ball Lightning","floor":11},{"not_picked":["Redo","Skim"],"picked":"Storm","floor":14},{"not_picked":["Reboot","All For One"],"picked":"Core Surge","floor":16},{"not_picked":["Rebound","Stack"],"picked":"Static Discharge","floor":18},{"not_picked":["Compile Driver","Scrape"],"picked":"BootSequence","floor":21},{"not_picked":["Tempest","Static Discharge"],"picked":"Stack","floor":22},{"not_picked":["Barrage","Beam Cell"],"picked":"Amplify","floor":24},{"not_picked":["Reinforced Body","Go for the Eyes"],"picked":"White Noise","floor":27},{"not_picked":["Compile Driver","Force Field"],"picked":"White Noise","floor":30},{"not_picked":["Sweeping Beam","Compile Driver+1"],"picked":"Hologram","floor":31}],"player_experience":313331,"relics_obtained":[{"floor":6,"key":"Oddly Smooth Stone"},{"floor":9,"key":"Letter Opener"},{"floor":11,"key":"MawBank"},{"floor":14,"key":"Odd Mushroom"},{"floor":24,"key":"Bottled Tornado"},{"floor":26,"key":"Sundial"}],"event_choices":[{"damage_healed":0,"gold_gain":0,"player_choice":"Donut","damage_taken":0,"max_hp_gain":5,"max_hp_loss":0,"event_name":"Big Fish","floor":10,"gold_loss":0},{"damage_healed":0,"gold_gain":0,"player_choice":"Entered Light","damage_taken":16,"max_hp_gain":0,"max_hp_loss":0,"event_name":"Shining Light","floor":12,"gold_loss":0,"cards_upgraded":["Defend_B","Hyperbeam"]},{"damage_healed":0,"gold_gain":0,"player_choice":"Fought Mushrooms","damage_taken":0,"max_hp_gain":0,"max_hp_loss":0,"event_name":"Mushrooms","floor":14,"gold_loss":0},{"cards_removed":["Strike_B"],"damage_healed":0,"gold_gain":0,"player_choice":"Gave Gold","damage_taken":0,"max_hp_gain":0,"max_hp_loss":0,"event_name":"Beggar","floor":19,"gold_loss":75},{"damage_healed":0,"gold_gain":0,"player_choice":"Ignored","damage_taken":0,"max_hp_gain":0,"max_hp_loss":0,"event_name":"Cursed Tome","floor":28,"gold_loss":0}],"is_beta":false,"boss_relics":[{"not_picked":["Velvet Choker","Astrolabe"],"picked":"Inserter"}],"items_purged_floors":[2,20],"is_endless":false,"potions_floor_spawned":[1,3,5,8,14,21,22,24,31],"killed_by":"Automaton","ascension_level":6}