{"gold_per_floor":[111,130,205,216,280,309,309,325,325,354,365,24,50,60,60,160,160,170,170,185,198,213,213,213],"floor_reached":24,"playtime":8932,"items_purged":[],"score":220,"play_id":"5ddf198c-da76-4c1b-bab1-7bcc84db0dc9","local_time":"20190911214210","is_ascension_mode":false,"campfire_choices":[{"data":"Blood for Blood","floor":7,"key":"SMITH"},{"floor":15,"key":"REST"},{"floor":23,"key":"REST"}],"neow_cost":"NONE","seed_source_timestamp":2272273301228200,"circlet_count":0,"master_deck":["Strike_R","Strike_R","Strike_R","Strike_R","Strike_R","Defend_R+1","Defend_R","Defend_R+1","Defend_R","Bash","Heavy Blade","Ghostly Armor","Blood for Blood+1","Demon Form","Dual Wield","Seeing Red","Clash","Infernal Blade","Feed","Anger","Feed","Infernal Blade","RitualDagger","Sword Boomerang+1","Warcry+1","Twin Strike"],"relics":["Burning Blood","War Paint","Potion Belt","Matryoshka","Bottled Lightning","Orichalcum","Philosopher\u0027s Stone"],"potions_floor_usage":[10,13,13,13,16],"damage_taken":[{"damage":0,"enemies":"2 Louse","floor":1,"turns":4},{"damage":5,"enemies":"Jaw Worm","floor":2,"turns":4},{"damage":0,"enemies":"Small Slimes","floor":4,"turns":3},{"damage":26,"enemies":"Gremlin Nob","floor":6,"turns":5},{"damage":11,"enemies":"Blue Slaver","floor":8,"turns":5},{"damage":18,"enemies":"Lagavulin","floor":10,"turns":5},{"damage":0,"enemies":"Large Slime","floor":11,"turns":3},{"damage":26,"enemies":"3 Sentries","floor":13,"turns":6},{"damage":5,"enemies":"Exordium Thugs","floor":14,"turns":5},{"damage":48,"enemies":"The Guardian","floor":16,"turns":9},{"damage":20,"enemies":"Spheric Guardian","floor":18,"turns":4},{"damage":16,"enemies":"Shell Parasite","floor":20,"turns":4},{"damage":29,"enemies":"Snake Plant","floor":21,"turns":3},{"damage":37,"enemies":"Centurion and Healer","floor":22,"turns":4},{"damage":38,"enemies":"Sentry and Sphere","floor":24,"turns":5}],"seed_played":"-5000825874894950438","potions_obtained":[{"floor":4,"key":"FearPotion"},{"floor":6,"key":"Ancient Potion"},{"floor":10,"key":"Dexterity Potion"},{"floor":11,"key":"LiquidBronze"},{"floor":14,"key":"EssenceOfSteel"},{"floor":16,"key":"SkillPotion"},{"floor":18,"key":"FearPotion"},{"floor":22,"key":"PowerPotion"}],"is_trial":false,"path_per_floor":["M","M","?","M","?","E","R","M","T","E","M","$","E","M","R","B",null,"M","?","M","M","M","R","M"],"character_chosen":"IRONCLAD","items_purchased":["Infernal Blade","Bottled Lightning"],"campfire_rested":2,"item_purchase_floors":[12,12],"current_hp_per_floor":[88,88,77,83,83,63,63,58,58,46,52,52,32,33,59,17,88,77,71,64,41,10,38,0],"gold":213,"neow_bonus":"TEN_PERCENT_HP_BONUS","is_prod":false,"is_daily":false,"chose_seed":false,"campfire_upgraded":1,"win_rate":0.0,"timestamp":1568263330,"path_taken":["M","M","?","M","?","E","R","M","T","E","M","$","E","M","R","BOSS","M","?","M","M","M","R","M"],"build_version":"2019-07-17","purchased_purges":0,"victory":false,"max_hp_per_floor":[88,88,88,88,88,88,88,88,88,88,88,88,88,88,88,88,88,91,91,94,94,94,94,94],"card_choices":[{"not_picked":["Sword Boomerang","True Grit"],"picked":"Heavy Blade","floor":1},{"not_picked":["Thunderclap","Shrug It Off"],"picked":"Ghostly Armor","floor":2},{"not_picked":["Rampage","Reckless Charge"],"picked":"Blood for Blood","floor":4},{"not_picked":["Iron Wave","Anger"],"picked":"Demon Form","floor":6},{"not_picked":["Shockwave","Infernal Blade"],"picked":"Dual Wield","floor":8},{"not_picked":["Reaper","True Grit"],"picked":"Seeing Red","floor":10},{"not_picked":["Perfected Strike","Disarm"],"picked":"Clash","floor":11},{"not_picked":["Searing Blow","Sever Soul"],"picked":"Feed","floor":13},{"not_picked":["Body Slam","Shrug It Off"],"picked":"Anger","floor":14},{"not_picked":["Dark Embrace","Juggernaut"],"picked":"Feed","floor":16},{"not_picked":["Bloodletting","Armaments"],"picked":"Infernal Blade","floor":18},{"not_picked":["Entrench","Bloodletting"],"picked":"Sword Boomerang+1","floor":20},{"not_picked":["Twin Strike","Body Slam+1"],"picked":"Warcry+1","floor":21},{"not_picked":["Clothesline","Whirlwind"],"picked":"Twin Strike","floor":22}],"player_experience":9133,"relics_obtained":[{"floor":6,"key":"War Paint"},{"floor":9,"key":"Potion Belt"},{"floor":10,"key":"Matryoshka"},{"floor":13,"key":"Orichalcum"}],"event_choices":[{"damage_healed":0,"gold_gain":75,"player_choice":"Gather Gold","damage_taken":11,"max_hp_gain":0,"max_hp_loss":0,"event_name":"World of Goop","floor":3,"gold_loss":0},{"damage_healed":0,"gold_gain":64,"player_choice":"Gained Gold","damage_taken":0,"max_hp_gain":0,"max_hp_loss":0,"event_name":"Golden Wing","floor":5,"gold_loss":0},{"damage_healed":0,"gold_gain":0,"player_choice":"Joined the Cult","damage_taken":6,"max_hp_gain":0,"max_hp_loss":0,"event_name":"Nest","floor":19,"gold_loss":0,"cards_obtained":["RitualDagger"]}],"is_beta":false,"boss_relics":[{"not_picked":["Cursed Key","Orrery"],"picked":"Philosopher\u0027s Stone"}],"items_purged_floors":[],"is_endless":false,"potions_floor_spawned":[4,6,10,11,14,16,18,22],"killed_by":"Sentry and Sphere","ascension_level":0}