{"gold_per_floor":[116,116,130,130,142,172,172,204,252,270,39,39,53,69,69,164,164,180,194,194,194,214,214,247,258,333,333,347,378,392,392],"floor_reached":31,"playtime":2953,"items_purged":["Strike_B"],"score":434,"play_id":"51c3ef6e-c92f-4d64-88b5-eb4569518604","local_time":"20191012012937","is_ascension_mode":true,"campfire_choices":[{"data":"Creative AI","floor":7,"key":"SMITH"},{"floor":15,"key":"REST"},{"data":"Buffer","floor":23,"key":"SMITH"},{"floor":27,"key":"REST"}],"neow_cost":"NONE","seed_source_timestamp":87000791126000,"circlet_count":0,"master_deck":["AscendersBane","Strike_B","Strike_B","Strike_B","Defend_B","Defend_B","Defend_B","Defend_B","Zap","Dualcast","Creative AI+1","Cold Snap","Rip and Tear+1","Amplify","Lockon","Seek","Compile Driver","Skim","Chill","Buffer+1","Leap+1","Coolheaded+1","Glacier","Steam Power+1","Leap","Echo Form","Writhe","Coolheaded+1","Defragment+1","Turbo"],"relics":["Cracked Core","Ornamental Fan","Centennial Puzzle","PreservedInsect","Bronze Scales","Cursed Key","Kunai","Dodecahedron","The Courier"],"potions_floor_usage":[8,16,18,29,29],"damage_taken":[{"damage":1,"enemies":"2 Louse","floor":1,"turns":2},{"damage":5,"enemies":"Small Slimes","floor":3,"turns":3},{"damage":0,"enemies":"Cultist","floor":5,"turns":2},{"damage":18,"enemies":"Lagavulin","floor":6,"turns":8},{"damage":8,"enemies":"Gremlin Nob","floor":8,"turns":3},{"damage":4,"enemies":"Red Slaver","floor":10,"turns":3},{"damage":13,"enemies":"Gremlin Gang","floor":13,"turns":4},{"damage":4,"enemies":"Looter","floor":14,"turns":2},{"damage":14,"enemies":"Hexaghost","floor":16,"turns":5},{"damage":11,"enemies":"2 Thieves","floor":18,"turns":4},{"damage":0,"enemies":"Chosen","floor":19,"turns":4},{"damage":20,"enemies":"Snake Plant","floor":22,"turns":3},{"damage":24,"enemies":"Slavers","floor":24,"turns":7},{"damage":0,"enemies":"Sentry and Sphere","floor":25,"turns":8},{"damage":0,"enemies":"Shelled Parasite and Fungi","floor":28,"turns":8},{"damage":6,"enemies":"Gremlin Leader","floor":29,"turns":9},{"damage":14,"enemies":"Cultist and Chosen","floor":30,"turns":7},{"damage":16,"enemies":"Snake Plant","floor":31,"turns":1}],"seed_played":"2822827791311891753","potions_obtained":[{"floor":5,"key":"Fire Potion"},{"floor":8,"key":"Ancient Potion"},{"floor":10,"key":"Block Potion"},{"floor":16,"key":"Fire Potion"},{"floor":22,"key":"SpeedPotion"},{"floor":24,"key":"GamblersBrew"},{"floor":25,"key":"Energy Potion"}],"is_trial":false,"path_per_floor":["M","?","M","?","M","E","R","E","T","M","$","$","M","M","R","B",null,"M","M","?","?","M","R","E","M","T","R","M","E","M","M"],"character_chosen":"DEFECT","items_purchased":["Bronze Scales"],"campfire_rested":2,"item_purchase_floors":[11],"current_hp_per_floor":[67,67,62,62,62,44,44,36,36,32,32,32,19,15,37,23,62,51,51,51,51,31,31,7,7,7,29,29,23,9,0],"gold":392,"neow_bonus":"ONE_RANDOM_RARE_CARD","is_prod":false,"is_daily":false,"chose_seed":false,"campfire_upgraded":2,"win_rate":0,"timestamp":1570836577,"path_taken":["M","?","M","?","M","E","R","E","T","?","?","$","M","?","R","BOSS","M","M","?","?","M","R","E","M","T","R","M","E","?","M"],"build_version":"2019-07-17","purchased_purges":1,"victory":false,"max_hp_per_floor":[75,75,75,75,75,75,75,75,75,75,75,75,75,75,75,75,75,75,75,75,75,75,75,75,75,75,75,75,75,75,75],"card_choices":[{"not_picked":["Go for the Eyes","Rebound"],"picked":"Cold Snap","floor":1},{"not_picked":["Barrage","Gash"],"picked":"Rip and Tear","floor":3},{"not_picked":["Go for the Eyes","Steam"],"picked":"Amplify","floor":5},{"not_picked":["Conserve Battery","Go for the Eyes"],"picked":"Lockon","floor":6},{"not_picked":["Beam Cell","Auto Shields"],"picked":"Seek","floor":8},{"not_picked":["Turbo","Hologram"],"picked":"Compile Driver","floor":10},{"not_picked":["Sweeping Beam","Beam Cell"],"picked":"Skim","floor":13},{"not_picked":["Beam Cell","Coolheaded"],"picked":"Chill","floor":14},{"not_picked":["All For One","Rainbow"],"picked":"Buffer","floor":16},{"not_picked":["Ball Lightning","Sweeping Beam"],"picked":"Leap+1","floor":18},{"not_picked":["Conserve Battery","Turbo"],"picked":"Coolheaded+1","floor":19},{"not_picked":["Darkness","Sweeping Beam"],"picked":"Steam Power+1","floor":22},{"not_picked":["Go for the Eyes","Heatsinks"],"picked":"Leap","floor":24},{"not_picked":["Force Field","Ball Lightning"],"picked":"Echo Form","floor":25},{"not_picked":["Beam Cell","Stack+1"],"picked":"Coolheaded+1","floor":28},{"not_picked":["Coolheaded","Ball Lightning"],"picked":"Defragment+1","floor":29},{"not_picked":["Rebound","Stack"],"picked":"Turbo","floor":30}],"player_experience":247228,"relics_obtained":[{"floor":6,"key":"Ornamental Fan"},{"floor":8,"key":"Centennial Puzzle"},{"floor":9,"key":"PreservedInsect"},{"floor":24,"key":"Kunai"},{"floor":26,"key":"Dodecahedron"},{"floor":29,"key":"The Courier"}],"event_choices":[{"damage_healed":0,"gold_gain":0,"player_choice":"Ignored","damage_taken":0,"max_hp_gain":0,"max_hp_loss":0,"event_name":"Liars Game","floor":2,"gold_loss":0},{"damage_healed":0,"gold_gain":0,"player_choice":"Upgraded","damage_taken":0,"max_hp_gain":0,"max_hp_loss":0,"event_name":"Upgrade Shrine","floor":4,"gold_loss":0,"cards_upgraded":["Rip and Tear"]},{"damage_healed":0,"gold_gain":0,"player_choice":"Ignored","damage_taken":0,"max_hp_gain":0,"max_hp_loss":0,"event_name":"Ghosts","floor":20,"gold_loss":0},{"damage_healed":0,"gold_gain":0,"player_choice":"Read","damage_taken":0,"max_hp_gain":0,"max_hp_loss":0,"event_name":"The Library","floor":21,"gold_loss":0,"cards_obtained":["Glacier"]}],"is_beta":false,"boss_relics":[{"not_picked":["White Beast Statue","Calling Bell"],"picked":"Cursed Key"}],"items_purged_floors":[11],"is_endless":false,"potions_floor_spawned":[5,8,10,16,22,24,25,28],"killed_by":"Snake Plant","ascension_level":10}