{"gold_per_floor":[116,127,127,0,20,20,37,37,37,49,49,68,98,98,98,196,196,214,214,92,7,106,106,134,134,158,158,178,178,178,194,194,290,290,308,408,453,103,116,116,130,130,130,130,158,0,16,16,16,16,16,16,16,46,46],"floor_reached":55,"playtime":3311,"items_purged":["Skim"],"score":760,"play_id":"e673975c-304c-401b-98d6-fc9ee3bd39c2","local_time":"20190925211513","is_ascension_mode":true,"campfire_choices":[{"data":"Self Repair","floor":6.0,"key":"SMITH"},{"data":"Redo","floor":8.0,"key":"SMITH"},{"data":"Genetic Algorithm","floor":11.0,"key":"SMITH"},{"data":"Dualcast","floor":15.0,"key":"SMITH"},{"data":"Recycle","floor":23.0,"key":"SMITH"},{"data":"Biased Cognition","floor":27.0,"key":"SMITH"},{"data":"Buffer","floor":30.0,"key":"SMITH"},{"data":"Streamline","floor":32.0,"key":"SMITH"},{"data":"Apotheosis","floor":40.0,"key":"SMITH"},{"data":"Machine Learning","floor":42.0,"key":"SMITH"},{"floor":44.0,"key":"RECALL"},{"floor":49.0,"key":"REST"},{"data":"Static Discharge","floor":52.0,"key":"SMITH"}],"neow_cost":"NONE","seed_source_timestamp":0,"circlet_count":0,"master_deck":["Zap+1","Dualcast+1","Gash","Streamline+1","Self Repair+1","Leap","Steam","Redo+1","Genetic Algorithm+1","Electrodynamics","Beam Cell","All For One","Buffer+1","Core Surge","Steam","Melter","Biased Cognition+1","Recycle+1","Gash","Stack","Machine Learning+1","Scrape+1","Go for the Eyes","Buffer","Go for the Eyes+1","Hologram+1","FTL","Hologram","Apotheosis+1","Static Discharge+1","Beam Cell+1","Self Repair+1","Reboot"],"special_seed":0,"relics":["Cracked Core","Gremlin Horn","Omamori","Smiling Mask","Happy Flower","Pandora\u0027s Box","Pocketwatch","Letter Opener","StoneCalendar","Art of War","Sozu","Emotion Chip","WingedGreaves","Bag of Preparation","Red Mask","Symbiotic Virus","Centennial Puzzle"],"potions_floor_usage":[],"damage_taken":[{"damage":2.0,"enemies":"Jaw Worm","floor":1.0,"turns":3.0},{"damage":2.0,"enemies":"2 Louse","floor":2.0,"turns":2.0},{"damage":2.0,"enemies":"Small Slimes","floor":5.0,"turns":3.0},{"damage":6.0,"enemies":"2 Fungi Beasts","floor":7.0,"turns":2.0},{"damage":7.0,"enemies":"Exordium Wildlife","floor":10.0,"turns":3.0},{"damage":8.0,"enemies":"Looter","floor":12.0,"turns":3.0},{"damage":47.0,"enemies":"Lagavulin","floor":13.0,"turns":6.0},{"damage":27.0,"enemies":"The Guardian","floor":16.0,"turns":10.0},{"damage":9.0,"enemies":"3 Byrds","floor":18.0,"turns":2.0},{"damage":10.0,"enemies":"Gremlin Leader","floor":24.0,"turns":4.0},{"damage":0.0,"enemies":"Spheric Guardian","floor":28.0,"turns":3.0},{"damage":12.0,"enemies":"Chosen and Byrds","floor":31.0,"turns":4.0},{"damage":49.0,"enemies":"Champ","floor":33.0,"turns":8.0},{"damage":29.0,"enemies":"3 Darklings","floor":35.0,"turns":3.0},{"damage":4.0,"enemies":"Mind Bloom Boss Battle","floor":36.0,"turns":5.0},{"damage":20.0,"enemies":"2 Orb Walkers","floor":37.0,"turns":5.0},{"damage":4.0,"enemies":"Orb Walker","floor":39.0,"turns":3.0},{"damage":0.0,"enemies":"Jaw Worm Horde","floor":41.0,"turns":2.0},{"damage":29.0,"enemies":"Reptomancer","floor":45.0,"turns":5.0},{"damage":0.0,"enemies":"4 Shapes","floor":47.0,"turns":2.0},{"damage":7.0,"enemies":"Awakened One","floor":50.0,"turns":9.0},{"damage":24.0,"enemies":"Shield and Spear","floor":54.0,"turns":5.0},{"damage":78,"enemies":"The Heart","floor":55,"turns":5}],"seed_played":"-8147432700754476304","potions_obtained":[{"floor":1.0,"key":"FearPotion"},{"floor":2.0,"key":"Dexterity Potion"},{"floor":12.0,"key":"Regen Potion"},{"floor":16.0,"key":"Poison Potion"},{"floor":31.0,"key":"Poison Potion"},{"floor":33.0,"key":"SkillPotion"}],"is_trial":false,"path_per_floor":["M","M","?","$","M","R","M","R","T","M","R","M","E","?","R","B",null,"M","?","$","?","?","R","E","?","T","R","M","?","R","M","R","B",null,"M","?","?","$","M","R","M","R","T","R","E","?","M","T","R","B",null,"R","$","E","B"],"character_chosen":"DEFECT","items_purchased":["Self Repair","Leap","Recycle","FTL","Hologram","Apotheosis","Static Discharge"],"campfire_rested":1,"item_purchase_floors":[4,4,20,38,38,38,38],"current_hp_per_floor":[73,71,64,64,69,69,73,73,73,75,75,75,50,50,50,23,75,66,66,66,66,66,66,66,66,66,66,75,61,61,59,59,10,80,51,57,47,47,43,43,43,43,43,43,24,24,24,24,48,41,80,80,80,76,0],"gold":46,"neow_bonus":"UPGRADE_CARD","is_prod":false,"is_daily":false,"chose_seed":false,"campfire_upgraded":11,"win_rate":0,"timestamp":1569471313,"path_taken":["M","M","?","$","M","R","M","R","T","M","R","M","E","?","R","BOSS","M","?","$","?","?","R","E","?","T","R","M","?","R","?","R","BOSS","M","?","?","$","M","R","M","R","T","R","E","?","M","?","R","BOSS","R","$","E","BOSS"],"build_version":"2019-07-17","purchased_purges":1,"victory":false,"max_hp_per_floor":[75,75,75,75,75,75,75,75,75,75,75,75,75,75,75,75,75,75,75,75,75,75,75,75,75,75,75,75,80,80,80,80,80,80,80,80,80,80,80,80,80,80,80,80,80,80,80,80,80,80,80,80,80,80,80],"card_choices":[{"not_picked":["Capacitor","Consume"],"picked":"Gash","floor":1.0},{"not_picked":["Rebound","Auto Shields"],"picked":"Streamline","floor":2.0},{"not_picked":["Conserve Battery","Hello World"],"picked":"Steam","floor":5.0},{"not_picked":["Glacier","Darkness"],"picked":"Redo","floor":7.0},{"not_picked":["Redo","Ball Lightning"],"picked":"Genetic Algorithm","floor":10.0},{"not_picked":["Redo","Barrage"],"picked":"Electrodynamics","floor":12.0},{"not_picked":["Tempest","Coolheaded"],"picked":"Beam Cell","floor":13.0},{"not_picked":["Meteor Strike","Creative AI"],"picked":"All For One","floor":16.0},{"not_picked":["Storm","Coolheaded","Rebound"],"picked":"SKIP","floor":18.0},{"not_picked":["Hologram","Rebound"],"picked":"Gash","floor":24.0},{"not_picked":["Conserve Battery","Steam"],"picked":"Scrape+1","floor":28.0},{"not_picked":["Consume","Conserve Battery"],"picked":"Go for the Eyes","floor":31.0},{"not_picked":["Hyperbeam","Core Surge"],"picked":"Buffer","floor":33.0},{"not_picked":["Barrage+1","Stack"],"picked":"Go for the Eyes+1","floor":35.0},{"not_picked":["Ball Lightning+1","Stack+1"],"picked":"Hologram+1","floor":36.0},{"not_picked":["Rebound","Cold Snap","Hello World+1"],"picked":"SKIP","floor":39.0},{"not_picked":["Force Field+1","Heatsinks","Barrage"],"picked":"SKIP","floor":41.0},{"not_picked":["Blizzard","Compile Driver+1"],"picked":"Beam Cell+1","floor":45.0},{"not_picked":["Coolheaded+1","Stack"],"picked":"Self Repair+1","floor":47.0},{"not_picked":["Streamline+1","Cold Snap+1"],"picked":"Reboot","floor":54.0}],"player_experience":194304,"relics_obtained":[{"floor":9.0,"key":"Omamori"},{"floor":13.0,"key":"Smiling Mask"},{"floor":24.0,"key":"StoneCalendar"},{"floor":26.0,"key":"Art of War"},{"floor":36.0,"key":"Emotion Chip"},{"floor":37.0,"key":"WingedGreaves"},{"floor":45.0,"key":"Bag of Preparation"},{"floor":48.0,"key":"Symbiotic Virus"},{"floor":54.0,"key":"Centennial Puzzle"}],"event_choices":[{"damage_healed":0.0,"max_hp_gain":0.0,"max_hp_loss":0.0,"gold_gain":0.0,"event_name":"Scrap Ooze","player_choice":"Success","floor":3.0,"gold_loss":0.0,"damage_taken":7.0,"relics_obtained":["Gremlin Horn"]},{"damage_healed":0.0,"max_hp_gain":0.0,"max_hp_loss":0.0,"gold_gain":0.0,"event_name":"Big Fish","player_choice":"Box","floor":14.0,"gold_loss":0.0,"damage_taken":0.0,"relics_obtained":["Happy Flower"],"cards_obtained":["Regret"]},{"damage_healed":0.0,"max_hp_gain":0.0,"max_hp_loss":0.0,"gold_gain":0.0,"event_name":"The Mausoleum","player_choice":"Opened","floor":19.0,"gold_loss":0.0,"damage_taken":0.0,"relics_obtained":["Pocketwatch"],"cards_obtained":["Writhe"]},{"damage_healed":0.0,"max_hp_gain":0.0,"max_hp_loss":0.0,"gold_gain":0.0,"event_name":"Addict","player_choice":"Obtained Relic","floor":21.0,"gold_loss":85.0,"damage_taken":0.0,"relics_obtained":["Letter Opener"]},{"damage_healed":0.0,"max_hp_gain":0.0,"max_hp_loss":0.0,"gold_gain":99.0,"event_name":"Nest","player_choice":"Stole From Cult","floor":22.0,"gold_loss":0.0,"damage_taken":0.0},{"damage_healed":0.0,"max_hp_gain":0.0,"max_hp_loss":0.0,"gold_gain":0.0,"cards_transformed":["Reprogram","Loop"],"event_name":"Drug Dealer","player_choice":"Became Test Subject","floor":25.0,"gold_loss":0.0,"damage_taken":0.0,"cards_obtained":["Stack","Machine Learning"]},{"damage_healed":0.0,"max_hp_gain":5.0,"max_hp_loss":0.0,"gold_gain":0.0,"event_name":"Forgotten Altar","player_choice":"Shed Blood","floor":29.0,"gold_loss":0.0,"damage_taken":19.0},{"damage_healed":0.0,"max_hp_gain":0.0,"max_hp_loss":0.0,"gold_gain":0.0,"event_name":"MindBloom","player_choice":"Fight","floor":36.0,"gold_loss":0.0,"damage_taken":0.0},{"damage_healed":0.0,"max_hp_gain":0.0,"max_hp_loss":0.0,"gold_gain":0.0,"event_name":"Mysterious Sphere","player_choice":"Fight","floor":37.0,"gold_loss":0.0,"damage_taken":0.0},{"damage_healed":0.0,"max_hp_gain":0.0,"max_hp_loss":0.0,"gold_gain":0.0,"event_name":"Tomb of Lord Red Mask","player_choice":"Paid","floor":46.0,"gold_loss":158.0,"damage_taken":0.0,"relics_obtained":["Red Mask"]}],"is_beta":false,"boss_relics":[{"not_picked":["Calling Bell","Runic Pyramid"],"picked":"Pandora\u0027s Box"},{"not_picked":["Orrery","Fusion Hammer"],"picked":"Sozu"}],"items_purged_floors":[20],"is_endless":false,"potions_floor_spawned":[1,2,12,16,31,33,36,41,54],"killed_by":"The Heart","ascension_level":3}