{"gold_per_floor":[114,68,68,84,95,127,127,161,161,161,111,111,122,140,140,240,240,257,257,257,182,201,201,227,227,252,285,301,317,332,10,10,109,109,127,127,144,158,90,90,117,117,117,117,151,204,55,74,74,74],"floor_reached":51,"playtime":5228,"items_purged":["Defend_B","Defend_B","Strike_B+1"],"score":970,"play_id":"6591008e-cb16-43de-9e8c-8d48cd81067c","local_time":"20191006012855","is_ascension_mode":true,"campfire_choices":[{"data":"Double Energy","floor":10,"key":"SMITH"},{"floor":12,"key":"REST"},{"data":"Coolheaded","floor":15,"key":"SMITH"},{"data":"Consume","floor":23,"key":"SMITH"},{"data":"Coolheaded","floor":25,"key":"SMITH"},{"floor":32,"key":"REST"},{"data":"Core Surge","floor":40,"key":"SMITH"},{"data":"Chill","floor":42,"key":"SMITH"},{"data":"Capacitor","floor":44,"key":"SMITH"},{"data":"Reboot","floor":49,"key":"SMITH"}],"neow_cost":"NONE","seed_source_timestamp":106745909088000,"circlet_count":0,"master_deck":["Strike_B+1","Defend_B","Defend_B","Zap+1","Dualcast","Scrape","Coolheaded+1","Gash","Gash","Consume+1","Self Repair","Double Energy+1","Coolheaded+1","BootSequence","Core Surge+1","Sunder","Capacitor+1","Static Discharge","Go for the Eyes","Chill+1","Reboot+1","Capacitor+1","Steam","Turbo","Buffer","Coolheaded+1","Compile Driver+1","Recycle","Loop+1","Capacitor+1","Coolheaded"],"relics":["Cracked Core","Whetstone","Ornamental Fan","Incense Burner","Pen Nib","Lizard Tail","Dead Branch","Spirit Poop","DataDisk","Potion Belt","Bottled Flame","Philosopher\u0027s Stone","Vajra","Torii","Bronze Scales","Bird Faced Urn"],"potions_floor_usage":[24,27,29,45,50,50],"damage_taken":[{"damage":5,"enemies":"Cultist","floor":1,"turns":4},{"damage":0,"enemies":"Small Slimes","floor":4,"turns":2},{"damage":6,"enemies":"2 Louse","floor":5,"turns":2},{"damage":20,"enemies":"Lagavulin","floor":6,"turns":6},{"damage":24,"enemies":"Gremlin Nob","floor":8,"turns":4},{"damage":8,"enemies":"2 Fungi Beasts","floor":13,"turns":3},{"damage":0,"enemies":"Large Slime","floor":14,"turns":5},{"damage":2,"enemies":"The Guardian","floor":16,"turns":12},{"damage":28,"enemies":"2 Thieves","floor":18,"turns":4},{"damage":2,"enemies":"Shell Parasite","floor":22,"turns":3},{"damage":38,"enemies":"Book of Stabbing","floor":24,"turns":6},{"damage":32,"enemies":"Gremlin Leader","floor":27,"turns":7},{"damage":3,"enemies":"3 Cultists","floor":28,"turns":4},{"damage":8,"enemies":"Snecko","floor":29,"turns":4},{"damage":0,"enemies":"Cultist and Chosen","floor":30,"turns":8},{"damage":4,"enemies":"Champ","floor":33,"turns":13},{"damage":0,"enemies":"Orb Walker","floor":35,"turns":4},{"damage":16,"enemies":"3 Shapes","floor":37,"turns":4},{"damage":4,"enemies":"Sphere and 2 Shapes","floor":38,"turns":7},{"damage":0,"enemies":"Reptomancer","floor":41,"turns":5},{"damage":1,"enemies":"Nemesis","floor":45,"turns":9},{"damage":20,"enemies":"2 Orb Walkers","floor":46,"turns":4},{"damage":0,"enemies":"4 Shapes","floor":48,"turns":8},{"damage":55,"enemies":"Time Eater","floor":50,"turns":9}],"seed_played":"1099783757435337385","potions_obtained":[{"floor":6,"key":"FocusPotion"},{"floor":8,"key":"Regen Potion"},{"floor":13,"key":"GamblersBrew"},{"floor":24,"key":"FairyPotion"},{"floor":27,"key":"SpeedPotion"},{"floor":33,"key":"Ancient Potion"},{"floor":37,"key":"Block Potion"},{"floor":45,"key":"LiquidBronze"}],"is_trial":false,"path_per_floor":["M","$","?","M","M","E","?","E","T","R","?","R","M","M","R","B",null,"M","?","?","$","M","R","E","R","T","E","M","M","M","$","R","B",null,"M","?","M","M","$","R","E","R","T","R","E","?","$","M","R","B",null],"character_chosen":"DEFECT","items_purchased":["Gash","Capacitor","Steam","Turbo","Energy Potion","Recycle","Coolheaded"],"campfire_rested":2,"item_purchase_floors":[2,31,31,31,31,39,47],"current_hp_per_floor":[63,63,63,63,57,37,34,17,17,17,17,39,38,45,45,50,69,48,48,48,48,53,53,36,36,36,11,15,7,14,14,36,39,66,73,73,57,60,60,60,67,67,67,67,73,60,60,75,75,35],"gold":74,"neow_bonus":"TRANSFORM_CARD","is_prod":false,"is_daily":false,"chose_seed":false,"campfire_upgraded":8,"win_rate":0,"timestamp":1570318135,"path_taken":["M","$","?","M","?","E","?","E","T","R","?","R","M","M","R","BOSS","M","?","?","$","M","R","E","R","T","E","?","M","M","$","R","BOSS","M","?","M","M","$","R","E","R","T","R","E","?","?","M","R","BOSS"],"build_version":"2019-07-17","purchased_purges":3,"victory":true,"max_hp_per_floor":[75,75,75,75,75,75,75,75,75,75,75,75,75,75,75,75,75,75,75,75,75,75,75,75,75,75,75,75,75,75,75,75,75,75,75,75,75,75,75,75,75,75,75,75,75,75,75,75,75,75],"card_choices":[{"not_picked":["Turbo","Cold Snap"],"picked":"Coolheaded","floor":1},{"not_picked":["Redo","Beam Cell"],"picked":"Gash","floor":4},{"not_picked":["Ball Lightning","Rebound"],"picked":"Consume","floor":5},{"not_picked":["Rainbow","Steam"],"picked":"Self Repair","floor":6},{"not_picked":["Beam Cell","Amplify"],"picked":"Double Energy","floor":8},{"not_picked":["Conserve Battery","Barrage"],"picked":"Coolheaded","floor":13},{"not_picked":["Coolheaded","Steam"],"picked":"BootSequence","floor":14},{"not_picked":["Amplify","Echo Form"],"picked":"Core Surge","floor":16},{"not_picked":["Beam Cell","Chaos+1"],"picked":"Sunder","floor":18},{"not_picked":["Loop+1","Double Energy"],"picked":"Capacitor+1","floor":22},{"not_picked":["Darkness+1","Hello World","Barrage+1"],"picked":"SKIP","floor":24},{"not_picked":["Chaos","Barrage+1"],"picked":"Static Discharge","floor":27},{"not_picked":["Hologram","Storm"],"picked":"Go for the Eyes","floor":28},{"not_picked":["Redo","Static Discharge"],"picked":"Chill","floor":29},{"not_picked":["Blizzard","Hologram"],"picked":"Reboot","floor":30},{"not_picked":["Hyperbeam","Amplify"],"picked":"Buffer","floor":33},{"not_picked":["Hologram","Barrage","Gash"],"picked":"SKIP","floor":35},{"not_picked":["Rebound","Gash+1"],"picked":"Coolheaded+1","floor":37},{"not_picked":["Leap","Streamline"],"picked":"Compile Driver+1","floor":38},{"not_picked":["Cold Snap","Fusion","Redo"],"picked":"SKIP","floor":41},{"not_picked":["Sweeping Beam","White Noise"],"picked":"Loop+1","floor":45},{"not_picked":["Meteor Strike","Gash"],"picked":"Capacitor+1","floor":46},{"not_picked":["Turbo","Steam+1","Leap"],"picked":"SKIP","floor":48}],"player_experience":192310,"relics_obtained":[{"floor":6,"key":"Whetstone"},{"floor":8,"key":"Incense Burner"},{"floor":9,"key":"Pen Nib"},{"floor":24,"key":"DataDisk"},{"floor":26,"key":"Potion Belt"},{"floor":27,"key":"Bottled Flame"},{"floor":41,"key":"Vajra"},{"floor":43,"key":"Torii"},{"floor":45,"key":"Bronze Scales"},{"floor":46,"key":"Bird Faced Urn"}],"event_choices":[{"damage_healed":0,"gold_gain":0,"player_choice":"Upgraded","damage_taken":0,"max_hp_gain":0,"max_hp_loss":0,"event_name":"Upgrade Shrine","floor":3,"gold_loss":0,"cards_upgraded":["Zap"]},{"damage_healed":0,"gold_gain":0,"player_choice":"Success","damage_taken":3,"relics_obtained":["Ornamental Fan"],"max_hp_gain":0,"max_hp_loss":0,"event_name":"Scrap Ooze","floor":7,"gold_loss":0},{"cards_removed":["Strike_B"],"damage_healed":0,"gold_gain":0,"player_choice":"Card Removal","damage_taken":0,"max_hp_gain":0,"max_hp_loss":0,"event_name":"The Cleric","floor":11,"gold_loss":50},{"damage_healed":0,"gold_gain":0,"player_choice":"Opened","damage_taken":0,"relics_obtained":["Dead Branch"],"max_hp_gain":0,"max_hp_loss":0,"event_name":"The Mausoleum","floor":19,"gold_loss":0,"cards_obtained":["Writhe"]},{"cards_removed":["Writhe"],"damage_healed":0,"gold_gain":0,"player_choice":"Offered Curse","damage_taken":0,"relics_obtained":["Spirit Poop"],"max_hp_gain":0,"max_hp_loss":0,"event_name":"Bonfire Elementals","floor":20,"gold_loss":0},{"damage_healed":0,"gold_gain":0,"player_choice":"Memory 1","damage_taken":0,"max_hp_gain":0,"max_hp_loss":0,"event_name":"SensoryStone","floor":36,"gold_loss":0},{"damage_healed":0,"gold_gain":0,"player_choice":"Fight","damage_taken":0,"max_hp_gain":0,"max_hp_loss":0,"event_name":"Mysterious Sphere","floor":46,"gold_loss":0}],"is_beta":false,"boss_relics":[{"not_picked":["Orrery","Coffee Dripper"],"picked":"Lizard Tail"},{"not_picked":["Runic Dome","Calling Bell"],"picked":"Philosopher\u0027s Stone"}],"items_purged_floors":[21,31,47],"is_endless":false,"potions_floor_spawned":[6,8,13,14,24,27,33,37,45],"ascension_level":6}