{"gold_per_floor":[116,116,132,143,143,143,171,183,265,275,275,309,325,339,339,437,437,453,453,453,224,236,271,282,282,282,309,320,355,43,63,63,161,161,171,71,0,100,115,150,150,182,230,230,230,258,270,292,304,316],"floor_reached":51,"playtime":4476,"items_purged":["Strike_G","Strike_G"],"score":1092,"play_id":"cbd67454-d9d6-4aa1-95f3-19416f6158ac","local_time":"20191017191532","is_ascension_mode":true,"campfire_choices":[{"data":"Noxious Fumes","floor":6.0,"key":"SMITH"},{"data":"Corpse Explosion","floor":11.0,"key":"SMITH"},{"floor":15.0,"key":"REST"},{"floor":25.0,"key":"REST"},{"data":"Footwork","floor":32.0,"key":"SMITH"},{"data":"Adrenaline","floor":41,"key":"SMITH"},{"data":"Noxious Fumes","floor":45,"key":"SMITH"},{"data":"Concentrate","floor":47,"key":"SMITH"},{"data":"Burst","floor":49,"key":"SMITH"}],"neow_cost":"NONE","seed_source_timestamp":383583732848400,"circlet_count":0,"master_deck":["Strike_G","Defend_G","Defend_G","Defend_G","Defend_G","Defend_G","Survivor","Neutralize","Backflip","Noxious Fumes+1","All Out Attack","Corpse Explosion+1","Concentrate+1","Deadly Poison","Footwork+1","Dodge and Roll","Adrenaline+1","Backflip+1","Dodge and Roll+1","Crippling Poison+1","Deadly Poison","Sucker Punch+1","PiercingWail+1","Burst+1","Bouncing Flask+1","Noxious Fumes+1","Infinite Blades+1","Parasite"],"special_seed":0,"relics":["Ring of the Snake","WarpedTongs","Turnip","Pantograph","Bag of Marbles","Runic Pyramid","Nilry\u0027s Codex","Ninja Scroll","Lantern","Mercury Hourglass","Pen Nib","Pear","Matryoshka","Thread and Needle","Philosopher\u0027s Stone","Red Mask","Anchor","Torii","Oddly Smooth Stone","Happy Flower","MawBank"],"potions_floor_usage":[50],"damage_taken":[{"damage":2.0,"enemies":"2 Louse","floor":1.0,"turns":3.0},{"damage":5.0,"enemies":"Cultist","floor":3.0,"turns":5.0},{"damage":5.0,"enemies":"Jaw Worm","floor":4.0,"turns":4.0},{"damage":9.0,"enemies":"3 Sentries","floor":7.0,"turns":5.0},{"damage":0.0,"enemies":"Looter","floor":8.0,"turns":4.0},{"damage":0.0,"enemies":"3 Louse","floor":10.0,"turns":2.0},{"damage":18.0,"enemies":"Gremlin Nob","floor":12.0,"turns":4.0},{"damage":0.0,"enemies":"2 Fungi Beasts","floor":13.0,"turns":1.0},{"damage":0.0,"enemies":"Lots of Slimes","floor":14.0,"turns":1.0},{"damage":55.0,"enemies":"Slime Boss","floor":16.0,"turns":11.0},{"damage":2.0,"enemies":"Chosen","floor":18.0,"turns":5.0},{"damage":1.0,"enemies":"Shell Parasite","floor":22.0,"turns":5.0},{"damage":11.0,"enemies":"Slavers","floor":23.0,"turns":3.0},{"damage":6.0,"enemies":"Shelled Parasite and Fungi","floor":24.0,"turns":5.0},{"damage":3.0,"enemies":"Gremlin Leader","floor":27.0,"turns":6.0},{"damage":0.0,"enemies":"Snake Plant","floor":28.0,"turns":3.0},{"damage":2.0,"enemies":"Slavers","floor":29.0,"turns":2.0},{"damage":0.0,"enemies":"Sentry and Sphere","floor":31.0,"turns":4.0},{"damage":19.0,"enemies":"Champ","floor":33.0,"turns":15.0},{"damage":0.0,"enemies":"Orb Walker","floor":35.0,"turns":3.0},{"damage":0.0,"enemies":"Mind Bloom Boss Battle","floor":38.0,"turns":7.0},{"damage":0.0,"enemies":"3 Shapes","floor":39.0,"turns":1.0},{"damage":3,"enemies":"Giant Head","floor":40,"turns":8},{"damage":7,"enemies":"Nemesis","floor":42,"turns":9},{"damage":17,"enemies":"Reptomancer","floor":46,"turns":8},{"damage":0,"enemies":"Writhing Mass","floor":48,"turns":6},{"damage":22,"enemies":"Time Eater","floor":50,"turns":12}],"seed_played":"-8360682333130153119","potions_obtained":[{"floor":3.0,"key":"SpeedPotion"},{"floor":4.0,"key":"Swift Potion"},{"floor":7.0,"key":"FairyPotion"},{"floor":16.0,"key":"Weak Potion"},{"floor":23.0,"key":"SteroidPotion"},{"floor":31.0,"key":"Energy Potion"},{"floor":33.0,"key":"Poison Potion"},{"floor":38.0,"key":"GhostInAJar"}],"is_trial":false,"path_per_floor":["M","?","M","M","?","R","E","M","T","M","R","E","M","M","R","B",null,"M","?","T","$","M","E","M","R","T","E","M","E","$","M","R","B",null,"M","$","?","?","M","E","R","E","T","?","R","E","R","M","R","B",null],"character_chosen":"THE_SILENT","items_purchased":["Lantern","Thread and Needle"],"campfire_rested":2,"item_purchase_floors":[21,30],"current_hp_per_floor":[61,61,56,51,44,44,35,35,35,35,35,17,17,17,38,8,55,53,37,37,37,36,25,19,40,40,47,47,45,45,45,45,51,73,73,73,73,80,80,77,77,70,70,70,70,53,53,53,53,56],"gold":328,"neow_bonus":"REMOVE_CARD","is_prod":false,"is_daily":false,"chose_seed":false,"campfire_upgraded":7,"win_rate":0,"timestamp":1571332532,"path_taken":["M","?","M","?","?","R","E","M","T","M","R","E","M","M","R","BOSS","M","?","?","$","M","E","M","R","T","E","M","E","$","M","R","BOSS","M","$","?","?","M","E","R","E","T","?","R","E","R","M","R","BOSS"],"build_version":"2019-07-17","purchased_purges":2,"victory":true,"max_hp_per_floor":[70,70,70,70,70,70,70,70,70,70,70,70,70,70,70,70,70,70,70,70,70,70,70,70,70,70,80,80,80,80,80,80,80,80,80,80,80,80,80,80,80,80,80,80,80,80,80,80,80,80],"card_choices":[{"not_picked":["Tactician","Acrobatics"],"picked":"Backflip","floor":1.0},{"not_picked":["Quick Slash","Dodge and Roll"],"picked":"Noxious Fumes","floor":3.0},{"not_picked":["Slice","Riddle With Holes"],"picked":"All Out Attack","floor":4.0},{"not_picked":["Riddle With Holes","Crippling Poison"],"picked":"Corpse Explosion","floor":7.0},{"not_picked":["Acrobatics","Slice"],"picked":"Concentrate","floor":8.0},{"not_picked":["Bane","Skewer"],"picked":"Deadly Poison","floor":10.0},{"not_picked":["Noxious Fumes","Sucker Punch"],"picked":"Footwork","floor":12.0},{"not_picked":["Dagger Throw","Dagger Spray","Flying Knee"],"picked":"SKIP","floor":13.0},{"not_picked":["Corpse Explosion","Bane"],"picked":"Dodge and Roll","floor":14.0},{"not_picked":["Glass Knife","After Image"],"picked":"Adrenaline","floor":16.0},{"not_picked":["Sucker Punch","Bouncing Flask"],"picked":"Backflip+1","floor":18.0},{"not_picked":["Sucker Punch","Outmaneuver","Underhanded Strike+1"],"picked":"SKIP","floor":22.0},{"not_picked":["All Out Attack+1","Phantasmal Killer","Terror"],"picked":"SKIP","floor":23.0},{"not_picked":["Flying Knee+1","Dagger Throw"],"picked":"Dodge and Roll+1","floor":24.0},{"not_picked":["Riddle With Holes","Dagger Spray"],"picked":"Crippling Poison+1","floor":27.0},{"not_picked":["Prepared","Setup"],"picked":"Deadly Poison","floor":28.0},{"not_picked":["Finisher","Reflex+1"],"picked":"Sucker Punch+1","floor":29.0},{"not_picked":["Crippling Poison","Quick Slash+1"],"picked":"PiercingWail+1","floor":31.0},{"not_picked":["Unload","Storm of Steel"],"picked":"Burst","floor":33.0},{"not_picked":["PiercingWail","Outmaneuver+1","Slice"],"picked":"SKIP","floor":35.0},{"not_picked":["Flechettes","Underhanded Strike","Quick Slash"],"picked":"SKIP","floor":39.0},{"not_picked":["Setup+1","Bouncing Flask","Slice"],"picked":"SKIP","floor":40},{"not_picked":["Poisoned Stab+1","Choke"],"picked":"Bouncing Flask+1","floor":42},{"not_picked":["Escape Plan+1","Finisher+1"],"picked":"Infinite Blades+1","floor":46},{"not_picked":["Slice+1","Dagger Spray","Underhanded Strike+1"],"picked":"SKIP","floor":48}],"player_experience":285403,"relics_obtained":[{"floor":7.0,"key":"Turnip"},{"floor":9.0,"key":"Pantograph"},{"floor":12.0,"key":"Bag of Marbles"},{"floor":19.0,"key":"Nilry\u0027s Codex"},{"floor":20.0,"key":"Ninja Scroll"},{"floor":23.0,"key":"Mercury Hourglass"},{"floor":26.0,"key":"Pen Nib"},{"floor":27.0,"key":"Pear"},{"floor":29.0,"key":"Matryoshka"},{"floor":40,"key":"Anchor"},{"floor":42,"key":"Torii"},{"floor":43,"key":"Oddly Smooth Stone"},{"floor":43,"key":"Happy Flower"},{"floor":46,"key":"MawBank"}],"event_choices":[{"damage_healed":0.0,"max_hp_gain":0.0,"max_hp_loss":0.0,"gold_gain":0.0,"event_name":"Accursed Blacksmith","player_choice":"Rummage","floor":2.0,"gold_loss":0.0,"damage_taken":0.0,"relics_obtained":["WarpedTongs"],"cards_obtained":["Pain"]},{"cards_removed":["Pain"],"damage_healed":0.0,"max_hp_gain":0.0,"max_hp_loss":0.0,"gold_gain":0.0,"event_name":"Golden Wing","player_choice":"Card Removal","floor":5.0,"gold_loss":0.0,"damage_taken":7.0},{"damage_healed":0.0,"max_hp_gain":0.0,"max_hp_loss":0.0,"gold_gain":0.0,"event_name":"Cursed Tome","player_choice":"Obtained Book","floor":19.0,"gold_loss":0.0,"damage_taken":16.0},{"damage_healed":0.0,"max_hp_gain":0.0,"max_hp_loss":0.0,"gold_gain":0.0,"event_name":"Tomb of Lord Red Mask","player_choice":"Paid","floor":37.0,"gold_loss":71.0,"damage_taken":0.0,"relics_obtained":["Red Mask"]},{"damage_healed":0.0,"max_hp_gain":0.0,"max_hp_loss":0.0,"gold_gain":0.0,"event_name":"MindBloom","player_choice":"Fight","floor":38.0,"gold_loss":0.0,"damage_taken":0.0},{"damage_healed":0,"gold_gain":0,"cards_transformed":["Strike_G"],"player_choice":"Transformed","damage_taken":0,"max_hp_gain":0,"max_hp_loss":0,"event_name":"Transmorgrifier","floor":44,"gold_loss":0,"cards_obtained":["Noxious Fumes"]}],"is_beta":false,"boss_relics":[{"not_picked":["HoveringKite","Busted Crown"],"picked":"Runic Pyramid"},{"not_picked":["Eternal Feather","Ring of the Serpent"],"picked":"Philosopher\u0027s Stone"}],"items_purged_floors":[21,36],"is_endless":false,"potions_floor_spawned":[3,4,7,14,16,23,27,31,33,35,38,42,46],"ascension_level":8}