{"gold_per_floor":[415,430,263,273,5,32,44,44,125,125,151,151,162,227,227,324,324,340,340,291,291,12,39,39,51,81,93,128,148,148,182,182,283,283,297,297,342,342,46,46,64,64,87,87,106,106,125,125,125,125],"floor_reached":51,"playtime":4721,"items_purged":["Strike_G"],"score":1120,"play_id":"cd4fa851-c647-4313-ad8f-9669cb110b4f","local_time":"20191020132026","is_ascension_mode":true,"campfire_choices":[{"floor":10.0,"key":"REST"},{"data":"Footwork","floor":12.0,"key":"SMITH"},{"data":"Well Laid Plans","floor":15.0,"key":"SMITH"},{"data":"Footwork","floor":24,"key":"SMITH"},{"data":"Noxious Fumes","floor":30,"key":"SMITH"},{"data":"Neutralize","floor":32,"key":"SMITH"},{"floor":40,"key":"REST"},{"data":"Wraith Form v2","floor":42,"key":"SMITH"},{"data":"Crippling Poison","floor":44,"key":"SMITH"},{"data":"Catalyst","floor":46,"key":"SMITH"},{"floor":49,"key":"REST"}],"neow_cost":"PERCENT_DAMAGE","seed_source_timestamp":0,"circlet_count":0,"master_deck":["Defend_G","Survivor","Neutralize+1","Cloak And Dagger","Catalyst+1","PiercingWail","Footwork+1","Crippling Poison+1","Infinite Blades","Dash","Deadly Poison","Unload","Dagger Spray","PiercingWail","Well Laid Plans+1","Glass Knife","Footwork+1","Bite","Bite","Bite","Bite","Bite","Deadly Poison+1","Die Die Die","Riddle With Holes","PiercingWail","Noxious Fumes+1","Dodge and Roll+1","Dodge and Roll","Glass Knife","Distraction+1","Phantasmal Killer+1","Poisoned Stab+1","PiercingWail","Dodge and Roll","Backflip","Wraith Form v2+1","Dodge and Roll+1","Madness","Madness"],"special_seed":0,"relics":["Ring of the Snake","Old Coin","Sling","The Specimen","Matryoshka","PreservedInsect","Torii","Velvet Choker","Medical Kit","Question Card","Tiny Chest","Potion Belt","Bag of Preparation","War Paint","Astrolabe","Calipers","Paper Crane","Happy Flower","Pen Nib"],"potions_floor_usage":[29,37,50,50,50,50,50,50,50,50,50],"damage_taken":[{"damage":0.0,"enemies":"Small Slimes","floor":1.0,"turns":4.0},{"damage":0.0,"enemies":"Cultist","floor":2.0,"turns":4.0},{"damage":0.0,"enemies":"2 Louse","floor":4.0,"turns":4.0},{"damage":33.0,"enemies":"Gremlin Nob","floor":6.0,"turns":5.0},{"damage":0.0,"enemies":"Large Slime","floor":7.0,"turns":9.0},{"damage":6.0,"enemies":"3 Sentries","floor":11.0,"turns":7.0},{"damage":0.0,"enemies":"Exordium Wildlife","floor":13.0,"turns":4.0},{"damage":0.0,"enemies":"3 Sentries","floor":14.0,"turns":4.0},{"damage":34,"enemies":"Slime Boss","floor":16,"turns":17},{"damage":9,"enemies":"Spheric Guardian","floor":18,"turns":4},{"damage":1,"enemies":"Slavers","floor":23,"turns":4},{"damage":12,"enemies":"2 Thieves","floor":25,"turns":4},{"damage":19,"enemies":"Shelled Parasite and Fungi","floor":27,"turns":4},{"damage":10,"enemies":"Gremlin Leader","floor":28,"turns":6},{"damage":1,"enemies":"Centurion and Healer","floor":29,"turns":9},{"damage":3,"enemies":"Slavers","floor":31,"turns":4},{"damage":37,"enemies":"Champ","floor":33,"turns":15},{"damage":9,"enemies":"3 Shapes","floor":35,"turns":4},{"damage":29,"enemies":"2 Orb Walkers","floor":37,"turns":5},{"damage":3,"enemies":"3 Darklings","floor":41,"turns":6},{"damage":11,"enemies":"Maw","floor":45,"turns":8},{"damage":12,"enemies":"Jaw Worm Horde","floor":47,"turns":5},{"damage":14,"enemies":"Donu and Deca","floor":50,"turns":9}],"seed_played":"845132190316017156","potions_obtained":[{"floor":1.0,"key":"Regen Potion"},{"floor":6.0,"key":"SteroidPotion"},{"floor":13.0,"key":"Regen Potion"},{"floor":14.0,"key":"Energy Potion"},{"floor":25,"key":"EntropicBrew"},{"floor":28,"key":"Strength Potion"},{"floor":37,"key":"EssenceOfSteel"},{"floor":41,"key":"SneckoOil"}],"is_trial":false,"path_per_floor":["M","M","$","M","$","E","M","?","T","R","E","R","M","?","R","B",null,"M","?","$","?","$","E","R","M","T","M","E","M","R","E","R","B",null,"M","?","?","?","$","R","M","R","T","R","M","R","M","?","R","B",null],"character_chosen":"THE_SILENT","items_purchased":["PiercingWail","Footwork","Sling","Infinite Blades","Deadly Poison","Medical Kit","Die Die Die","Paper Crane","Backflip"],"campfire_rested":3,"item_purchase_floors":[3,3,5,5,20,22,22,39,39],"current_hp_per_floor":[45,45,45,45,45,12,12,12,12,33,42,42,42,42,42,8,55,46,46,46,39,39,46,46,40,40,25,19,47,47,52,52,19,45,36,36,11,11,11,27,32,32,32,32,35,35,31,24,40,34],"gold":125,"neow_bonus":"ONE_RARE_RELIC","is_prod":false,"is_daily":false,"chose_seed":false,"campfire_upgraded":8,"win_rate":0,"timestamp":1571570426,"path_taken":["M","M","$","M","$","E","M","?","T","R","E","R","?","?","R","BOSS","M","?","$","?","?","E","R","M","T","?","E","M","R","E","R","BOSS","M","?","?","?","$","R","M","R","T","R","M","R","M","?","R","BOSS"],"build_version":"2019-07-17","purchased_purges":1,"victory":true,"max_hp_per_floor":[70,70,70,70,70,70,70,70,70,70,70,70,70,70,70,70,70,70,49,49,54,54,54,54,54,54,54,54,54,54,54,54,54,54,54,54,54,54,54,54,54,54,54,54,54,54,54,54,54,54],"card_choices":[{"not_picked":["Masterful Stab","Deadly Poison"],"picked":"Cloak And Dagger","floor":1.0},{"not_picked":["Acrobatics","Dagger Spray"],"picked":"Catalyst","floor":2.0},{"not_picked":["Escape Plan","Slice"],"picked":"Crippling Poison","floor":4.0},{"not_picked":["Venomology","Skewer"],"picked":"Dash","floor":6.0},{"not_picked":["Quick Slash","Flying Knee"],"picked":"Deadly Poison","floor":7.0},{"not_picked":["All Out Attack","Dagger Throw"],"picked":"Dagger Spray","floor":11.0},{"not_picked":["Reflex","Flying Knee"],"picked":"PiercingWail","floor":13.0},{"not_picked":["Leg Sweep","Noxious Fumes"],"picked":"Well Laid Plans","floor":14.0},{"not_picked":["Storm of Steel","Doppelganger"],"picked":"Glass Knife","floor":16},{"not_picked":["Sucker Punch+1","Underhanded Strike"],"picked":"Footwork","floor":18},{"not_picked":["Deflect","Concentrate"],"picked":"Riddle With Holes","floor":23},{"not_picked":["Underhanded Strike","Quick Slash+1","Dagger Throw"],"picked":"PiercingWail","floor":25},{"not_picked":["Dagger Throw","Slice","Dodge and Roll"],"picked":"Noxious Fumes","floor":27},{"not_picked":["Calculated Gamble","Finisher","Infinite Blades"],"picked":"Dodge and Roll+1","floor":28},{"not_picked":["Masterful Stab","Underhanded Strike+1","Poisoned Stab+1","Blade Dance"],"picked":"SKIP","floor":29},{"not_picked":["Reflex","Heel Hook+1","Escape Plan"],"picked":"Dodge and Roll","floor":31},{"not_picked":["Venomology","Storm of Steel","A Thousand Cuts"],"picked":"Glass Knife","floor":33},{"not_picked":["Poisoned Stab","Bouncing Flask+1","Riddle With Holes"],"picked":"PiercingWail","floor":35},{"not_picked":["Masterful Stab","Flying Knee","Underhanded Strike"],"picked":"Dodge and Roll","floor":37},{"not_picked":["Sucker Punch","Terror+1","Dagger Throw"],"picked":"Wraith Form v2","floor":41},{"not_picked":["Backflip","Setup","Tactician+1"],"picked":"Dodge and Roll+1","floor":45},{"not_picked":["Heel Hook","Blade Dance","Endless Agony+1","Choke"],"picked":"SKIP","floor":47}],"player_experience":289879,"relics_obtained":[{"floor":6.0,"key":"The Specimen"},{"floor":9.0,"key":"Matryoshka"},{"floor":11.0,"key":"PreservedInsect"},{"floor":14.0,"key":"Torii"},{"floor":23,"key":"Question Card"},{"floor":26,"key":"Tiny Chest"},{"floor":26,"key":"Potion Belt"},{"floor":28,"key":"Bag of Preparation"},{"floor":31,"key":"War Paint"},{"floor":37,"key":"Calipers"},{"floor":43,"key":"Happy Flower"},{"floor":43,"key":"Pen Nib"}],"event_choices":[{"damage_healed":0.0,"max_hp_gain":0.0,"max_hp_loss":0.0,"gold_gain":0.0,"event_name":"Match and Keep!","player_choice":"1 cards matched","floor":8.0,"gold_loss":0.0,"damage_taken":0.0,"cards_obtained":["Unload"]},{"damage_healed":0.0,"max_hp_gain":0.0,"max_hp_loss":0.0,"gold_gain":0.0,"event_name":"Match and Keep!","player_choice":"1 cards matched","floor":8.0,"gold_loss":0.0,"damage_taken":0.0,"cards_obtained":["Unload"]},{"damage_healed":0.0,"max_hp_gain":0.0,"max_hp_loss":0.0,"gold_gain":0.0,"event_name":"Dead Adventurer","player_choice":"Searched \u00271\u0027 times","floor":14.0,"gold_loss":0.0,"damage_taken":0.0},{"damage_healed":0,"gold_gain":0,"player_choice":"Became a vampire","damage_taken":0,"max_hp_gain":0,"max_hp_loss":21,"event_name":"Vampires","floor":19,"gold_loss":0,"cards_obtained":["Bite","Bite","Bite","Bite","Bite"]},{"damage_healed":0,"gold_gain":0,"player_choice":"Shed Blood","damage_taken":12,"max_hp_gain":5,"max_hp_loss":0,"event_name":"Forgotten Altar","floor":21,"gold_loss":0},{"cards_removed":["Defend_G"],"damage_healed":0,"gold_gain":0,"player_choice":"Removed Skill","damage_taken":0,"max_hp_gain":0,"max_hp_loss":0,"event_name":"Falling","floor":36,"gold_loss":0},{"damage_healed":0,"gold_gain":0,"player_choice":"Fight","damage_taken":0,"max_hp_gain":0,"max_hp_loss":0,"event_name":"Mysterious Sphere","floor":37,"gold_loss":0},{"damage_healed":0,"gold_gain":0,"player_choice":"Ignored","damage_taken":0,"max_hp_gain":0,"max_hp_loss":0,"event_name":"Tomb of Lord Red Mask","floor":38,"gold_loss":0},{"damage_healed":0,"gold_gain":0,"player_choice":"Embrace Madness","damage_taken":7,"max_hp_gain":0,"max_hp_loss":0,"event_name":"Winding Halls","floor":48,"gold_loss":0,"cards_obtained":["Madness","Madness"]}],"is_beta":false,"boss_relics":[{"not_picked":["HoveringKite","Ectoplasm"],"picked":"Velvet Choker"},{"not_picked":["Sozu","Snecko Eye"],"picked":"Astrolabe"}],"items_purged_floors":[3],"is_endless":false,"potions_floor_spawned":[1,6,13,14,16,18,25,28,37,41],"ascension_level":9}