{"gold_per_floor":[117,42,55,70,70,70,105,167,167,167],"floor_reached":10,"playtime":466,"items_purged":["Strike_R"],"score":69,"play_id":"2b7eb4a4-88c9-4861-8f21-60a73ad54aee","local_time":"20191024210412","is_ascension_mode":true,"campfire_choices":[{"data":"Bash","floor":6.0,"key":"SMITH"}],"neow_cost":"TEN_PERCENT_HP_LOSS","seed_source_timestamp":998918526327400,"circlet_count":0,"master_deck":["Strike_R","Strike_R","Defend_R","Defend_R","Defend_R","Defend_R","Bash+1"],"special_seed":0,"relics":["Burning Blood","Mummified Hand","Pear","Shuriken","Sundial"],"potions_floor_usage":[8,10],"damage_taken":[{"damage":1.0,"enemies":"Jaw Worm","floor":1.0,"turns":6.0},{"damage":0.0,"enemies":"Small Slimes","floor":3.0,"turns":5.0},{"damage":10.0,"enemies":"Cultist","floor":4.0,"turns":4.0},{"damage":28.0,"enemies":"Gremlin Nob","floor":7.0,"turns":4.0},{"damage":47,"enemies":"3 Sentries","floor":8,"turns":18},{"damage":24,"enemies":"3 Sentries","floor":10,"turns":5}],"seed_played":"-3290608292030196233","potions_obtained":[{"floor":1.0,"key":"LiquidBronze"},{"floor":7.0,"key":"BloodPotion"}],"is_trial":false,"path_per_floor":["M","$","M","M","?","R","E","?","T","E"],"character_chosen":"IRONCLAD","items_purchased":[],"campfire_rested":0,"item_purchase_floors":[],"current_hp_per_floor":[72,72,72,68,56,56,44,23,23,0],"gold":167,"neow_bonus":"REMOVE_TWO","is_prod":false,"is_daily":false,"chose_seed":false,"campfire_upgraded":1,"win_rate":0,"timestamp":1571943852,"path_taken":["M","$","M","M","?","R","E","?","T","E"],"build_version":"2019-07-17","purchased_purges":1,"victory":false,"max_hp_per_floor":[72,72,72,72,72,72,82,82,82,82],"card_choices":[{"not_picked":["Corruption","Sentinel","Wild Strike"],"picked":"SKIP","floor":1.0},{"not_picked":["Shrug It Off","Headbutt","Armaments"],"picked":"SKIP","floor":3.0},{"not_picked":["Warcry","Limit Break","Sword Boomerang"],"picked":"SKIP","floor":4.0},{"not_picked":["Pommel Strike","Shockwave","Evolve"],"picked":"SKIP","floor":7.0}],"player_experience":334949,"relics_obtained":[{"floor":7.0,"key":"Pear"},{"floor":8,"key":"Shuriken"},{"floor":9,"key":"Sundial"}],"event_choices":[{"damage_healed":0.0,"max_hp_gain":0.0,"max_hp_loss":0.0,"gold_gain":0.0,"event_name":"Scrap Ooze","player_choice":"Success","floor":5.0,"gold_loss":0.0,"damage_taken":12.0,"relics_obtained":["Mummified Hand"]},{"damage_healed":0,"gold_gain":0,"player_choice":"Searched \u00271\u0027 times","damage_taken":0,"max_hp_gain":0,"max_hp_loss":0,"event_name":"Dead Adventurer","floor":8,"gold_loss":0}],"is_beta":false,"boss_relics":[],"items_purged_floors":[2],"is_endless":false,"potions_floor_spawned":[1,7],"killed_by":"3 Sentries","ascension_level":1}