{"gold_per_floor":[210,222,233,3,18,18,47,47,47,147,163,175,206,223,223,318,318,335,250,250,275,294,294,329,329,329,341,385,397,419,35,35,137,137,152,164,64,75,175,203,216,216,216,216,232,249,262,278,278,278],"floor_reached":51,"playtime":4308,"items_purged":["Strike_G","Strike_G"],"score":1033,"play_id":"46b9d931-1c11-4957-bde0-5624a2146601","local_time":"20191014174555","is_ascension_mode":true,"campfire_choices":[{"data":"Noxious Fumes","floor":6.0,"key":"SMITH"},{"data":"Die Die Die","floor":8.0,"key":"SMITH"},{"data":"Neutralize","floor":15.0,"key":"SMITH"},{"data":"Footwork","floor":23.0,"key":"SMITH"},{"floor":25.0,"key":"REST"},{"data":"Catalyst","floor":27.0,"key":"SMITH"},{"data":"Footwork","floor":29.0,"key":"SMITH"},{"data":"Catalyst","floor":32.0,"key":"SMITH"},{"data":"Noxious Fumes","floor":42,"key":"SMITH"},{"data":"Bouncing Flask","floor":44,"key":"SMITH"},{"floor":49,"key":"REST"}],"neow_cost":"NONE","seed_source_timestamp":0,"circlet_count":0,"master_deck":["Strike_G","Defend_G","Defend_G","Defend_G","Defend_G","Defend_G","Survivor","Neutralize+1","Bouncing Flask+1","Footwork+1","Dodge and Roll","Noxious Fumes+1","Sucker Punch","Die Die Die+1","PiercingWail","Footwork+1","Deflect","After Image","Dodge and Roll+1","Prepared","Catalyst+1","Catalyst+1","Backstab+1","Calculated Gamble","Noxious Fumes+1","PiercingWail","Bullet Time","Dodge and Roll","Well Laid Plans+1","Cloak And Dagger","Cloak And Dagger+1","Burst","Backstab+1","Backflip+1","Catalyst"],"special_seed":0,"relics":["Ring of the Snake","TwistedFunnel","Singing Bowl","Matryoshka","Paper Crane","Philosopher\u0027s Stone","Omamori","Red Mask","Bag of Preparation","Bottled Tornado","MawBank","Centennial Puzzle","ClockworkSouvenir","WristBlade","Turnip","Torii","Orichalcum","Question Card"],"potions_floor_usage":[50],"damage_taken":[{"damage":1.0,"enemies":"Jaw Worm","floor":1.0,"turns":3.0},{"damage":2.0,"enemies":"Cultist","floor":2.0,"turns":4.0},{"damage":0.0,"enemies":"2 Louse","floor":3.0,"turns":3.0},{"damage":3.0,"enemies":"Large Slime","floor":5.0,"turns":8.0},{"damage":10.0,"enemies":"Lagavulin","floor":7.0,"turns":5.0},{"damage":1.0,"enemies":"Looter","floor":11.0,"turns":3.0},{"damage":0.0,"enemies":"Exordium Wildlife","floor":12.0,"turns":3.0},{"damage":7.0,"enemies":"3 Sentries","floor":13.0,"turns":6.0},{"damage":0.0,"enemies":"3 Louse","floor":14.0,"turns":2.0},{"damage":0.0,"enemies":"The Guardian","floor":16.0,"turns":11.0},{"damage":9.0,"enemies":"3 Byrds","floor":18.0,"turns":4.0},{"damage":3.0,"enemies":"Masked Bandits","floor":21.0,"turns":3.0},{"damage":2.0,"enemies":"2 Thieves","floor":22.0,"turns":3.0},{"damage":19.0,"enemies":"Slavers","floor":24.0,"turns":5.0},{"damage":4.0,"enemies":"Book of Stabbing","floor":28.0,"turns":4.0},{"damage":0.0,"enemies":"Snake Plant","floor":30.0,"turns":4.0},{"damage":31.0,"enemies":"Collector","floor":33.0,"turns":7.0},{"damage":0.0,"enemies":"Orb Walker","floor":35.0,"turns":4.0},{"damage":0.0,"enemies":"3 Darklings","floor":36.0,"turns":4.0},{"damage":0.0,"enemies":"Sphere and 2 Shapes","floor":38.0,"turns":3.0},{"damage":3,"enemies":"Mind Bloom Boss Battle","floor":39,"turns":8},{"damage":3,"enemies":"Reptomancer","floor":40,"turns":7},{"damage":0,"enemies":"Transient","floor":41,"turns":5},{"damage":0,"enemies":"3 Darklings","floor":45,"turns":3},{"damage":0,"enemies":"Jaw Worm Horde","floor":46,"turns":3},{"damage":0,"enemies":"Writhing Mass","floor":47,"turns":5},{"damage":9,"enemies":"Transient","floor":48,"turns":5},{"damage":30,"enemies":"Awakened One","floor":50,"turns":16}],"seed_played":"5066894998787924592","potions_obtained":[{"floor":1.0,"key":"GamblersBrew"},{"floor":2.0,"key":"Poison Potion"},{"floor":11.0,"key":"SmokeBomb"},{"floor":13.0,"key":"SteroidPotion"},{"floor":16.0,"key":"Poison Potion"},{"floor":18.0,"key":"FearPotion"},{"floor":28.0,"key":"Poison Potion"},{"floor":33.0,"key":"GamblersBrew"},{"floor":35.0,"key":"GhostInAJar"}],"is_trial":false,"path_per_floor":["M","M","M","$","M","R","E","R","T","?","M","M","E","M","R","B",null,"M","?","?","?","M","R","E","R","T","R","E","R","M","$","R","B",null,"M","M","$","M","?","E","M","R","T","R","M","M","M","M","R","B",null],"character_chosen":"THE_SILENT","items_purchased":["Noxious Fumes","TwistedFunnel","ClockworkSouvenir","Noxious Fumes","PiercingWail"],"campfire_rested":2,"item_purchase_floors":[4,4,31,31,31],"current_hp_per_floor":[62,60,60,60,57,57,47,47,47,47,46,46,41,41,41,41,64,55,55,55,54,52,52,33,55,55,55,53,53,53,53,53,22,63,63,63,63,63,62,59,59,59,59,59,59,59,61,52,76,46],"gold":278,"neow_bonus":"HUNDRED_GOLD","is_prod":false,"is_daily":false,"chose_seed":false,"campfire_upgraded":9,"win_rate":0,"timestamp":1571067955,"path_taken":["M","M","M","$","M","R","E","R","T","?","?","M","E","M","R","BOSS","M","?","?","?","?","R","E","R","T","R","E","R","M","$","R","BOSS","M","M","$","M","?","E","M","R","T","R","M","M","M","M","R","BOSS"],"build_version":"2019-07-17","purchased_purges":2,"victory":true,"max_hp_per_floor":[70,70,70,70,70,70,70,70,70,70,70,70,72,72,72,72,72,72,72,72,74,74,74,74,74,74,74,76,76,76,76,76,76,76,76,76,76,76,78,78,78,78,78,78,78,78,80,80,80,80],"card_choices":[{"not_picked":["Quick Slash","Slice"],"picked":"Bouncing Flask","floor":1.0},{"not_picked":["Deflect","Riddle With Holes"],"picked":"Footwork","floor":2.0},{"not_picked":["Bane","Flying Knee"],"picked":"Dodge and Roll","floor":3.0},{"not_picked":["Quick Slash","Prepared"],"picked":"Sucker Punch","floor":5.0},{"not_picked":["Backstab","PiercingWail"],"picked":"Die Die Die","floor":7.0},{"not_picked":["Flying Knee","Underhanded Strike"],"picked":"PiercingWail","floor":11.0},{"not_picked":["Dagger Spray","Envenom"],"picked":"Footwork","floor":12.0},{"not_picked":["Bane","Deadly Poison","Skewer"],"picked":"Singing Bowl","floor":13.0},{"not_picked":["Acrobatics","Blade Dance"],"picked":"Deflect","floor":14.0},{"not_picked":["Phantasmal Killer","A Thousand Cuts"],"picked":"After Image","floor":16.0},{"not_picked":["Slice","Deflect+1"],"picked":"Dodge and Roll+1","floor":18.0},{"not_picked":["Dagger Throw","Skewer","Prepared"],"picked":"Singing Bowl","floor":21.0},{"not_picked":["Acrobatics+1","Flechettes"],"picked":"Catalyst","floor":22.0},{"not_picked":["Dagger Spray","Endless Agony"],"picked":"Backstab+1","floor":24.0},{"not_picked":["Distraction+1","Poisoned Stab","Masterful Stab"],"picked":"Singing Bowl","floor":28.0},{"not_picked":["Accuracy","Deadly Poison"],"picked":"Calculated Gamble","floor":30.0},{"not_picked":["Tools of the Trade","Unload"],"picked":"Bullet Time","floor":33.0},{"not_picked":["Bane+1","Sucker Punch+1"],"picked":"Dodge and Roll","floor":35.0},{"not_picked":["Acrobatics+1","Concentrate"],"picked":"Well Laid Plans+1","floor":36.0},{"not_picked":["Sucker Punch","Dodge and Roll"],"picked":"Cloak And Dagger","floor":38},{"not_picked":["Bane","Quick Slash","Riddle With Holes+1"],"picked":"Singing Bowl","floor":39},{"not_picked":["Underhanded Strike","Dagger Throw+1"],"picked":"Cloak And Dagger+1","floor":40},{"not_picked":["Dagger Throw","Blade Dance+1"],"picked":"Burst","floor":41},{"not_picked":["Deadly Poison","Accuracy","Masterful Stab+1"],"picked":"Backstab+1","floor":45},{"not_picked":["Endless Agony+1","Blade Dance+1","Expertise+1"],"picked":"Backflip+1","floor":46},{"not_picked":["Masterful Stab","Flechettes+1","Predator+1","Bane+1"],"picked":"Singing Bowl","floor":47},{"not_picked":["Backflip","Quick Slash","Bouncing Flask+1"],"picked":"Catalyst","floor":48}],"player_experience":264345,"relics_obtained":[{"floor":7.0,"key":"Singing Bowl"},{"floor":9.0,"key":"Matryoshka"},{"floor":13.0,"key":"Paper Crane"},{"floor":21.0,"key":"Red Mask"},{"floor":24.0,"key":"Bag of Preparation"},{"floor":26.0,"key":"Bottled Tornado"},{"floor":26.0,"key":"MawBank"},{"floor":28.0,"key":"Centennial Puzzle"},{"floor":39,"key":"Turnip"},{"floor":40,"key":"Torii"},{"floor":43,"key":"Orichalcum"},{"floor":43,"key":"Question Card"}],"event_choices":[{"damage_healed":0.0,"max_hp_gain":0.0,"max_hp_loss":0.0,"gold_gain":100.0,"event_name":"Golden Shrine","player_choice":"Pray","floor":10.0,"gold_loss":0.0,"damage_taken":0.0},{"damage_healed":0.0,"max_hp_gain":0.0,"max_hp_loss":0.0,"gold_gain":0.0,"event_name":"Addict","player_choice":"Obtained Relic","floor":19.0,"gold_loss":85.0,"damage_taken":0.0,"relics_obtained":["Omamori"]},{"damage_healed":0.0,"max_hp_gain":0.0,"max_hp_loss":0.0,"gold_gain":0.0,"cards_transformed":["Strike_G","Strike_G"],"event_name":"Drug Dealer","player_choice":"Became Test Subject","floor":20.0,"gold_loss":0.0,"damage_taken":0.0,"cards_obtained":["Prepared","Catalyst"]},{"damage_healed":0.0,"max_hp_gain":0.0,"max_hp_loss":0.0,"gold_gain":0.0,"event_name":"Masked Bandits","player_choice":"Fought Bandits","floor":21.0,"gold_loss":0.0,"damage_taken":0.0},{"damage_healed":0,"gold_gain":0,"player_choice":"Fight","damage_taken":0,"max_hp_gain":0,"max_hp_loss":0,"event_name":"MindBloom","floor":39,"gold_loss":0}],"is_beta":false,"boss_relics":[{"not_picked":["Ectoplasm","Eternal Feather"],"picked":"Philosopher\u0027s Stone"},{"not_picked":["Coffee Dripper","Pandora\u0027s Box"],"picked":"WristBlade"}],"items_purged_floors":[31,37],"is_endless":false,"potions_floor_spawned":[1,2,11,13,16,18,28,33,35,38,39,45],"ascension_level":6}