{"gold_per_floor":[114,114,61,61,61,61,76,91,91,106,25,40,55,70,70,170,170,185,200,200],"floor_reached":20,"playtime":3130,"items_purged":[],"score":168,"play_id":"b7c7594e-edb9-43f5-a5fc-cb4c9e3b33c9","local_time":"20191006021833","daily_mods":["Chimera","Blue Cards","Terminal"],"is_ascension_mode":false,"campfire_choices":[{"floor":6,"key":"REST"},{"data":"Terror","floor":15,"key":"SMITH"}],"neow_cost":"","seed_source_timestamp":0,"circlet_count":0,"master_deck":["Survivor+1","Zap","Strike_R","Strike_G","Strike_B","Defend_R","Defend_G","Defend_B+1","Backflip","Deflect","Sucker Punch","Terror+1","Melter","Slice","Multi-Cast","Reinforced Body","Deflect+1","Chaos"],"special_seed":18175,"relics":["Ring of the Snake","Ornamental Fan","Orrery"],"potions_floor_usage":[12,16,18,18],"damage_taken":[{"damage":0,"enemies":"Small Slimes","floor":1,"turns":4},{"damage":0,"enemies":"Jaw Worm","floor":7,"turns":4},{"damage":0,"enemies":"2 Louse","floor":8,"turns":3},{"damage":1,"enemies":"Looter","floor":10,"turns":4},{"damage":2,"enemies":"Exordium Thugs","floor":12,"turns":6},{"damage":0,"enemies":"2 Fungi Beasts","floor":13,"turns":4},{"damage":0,"enemies":"Blue Slaver","floor":14,"turns":3},{"damage":2,"enemies":"The Guardian","floor":16,"turns":13},{"damage":57,"enemies":"3 Byrds","floor":18,"turns":8},{"damage":0,"enemies":"Chosen","floor":19,"turns":5}],"seed_played":"-2490999487082641402","potions_obtained":[{"floor":7,"key":"Regen Potion"},{"floor":8,"key":"FearPotion"},{"floor":12,"key":"GhostInAJar"},{"floor":16,"key":"SteroidPotion"}],"is_trial":false,"path_per_floor":["M","?","$","?","?","R","M","M","T","M","$","M","M","M","R","B",null,"M","M","?"],"character_chosen":"THE_SILENT","items_purchased":["Backflip","Terror"],"campfire_rested":1,"item_purchase_floors":[3,11],"current_hp_per_floor":[68,61,61,48,48,63,62,61,60,59,58,56,56,55,54,52,52,7,7,0],"gold":200,"neow_bonus":"","is_prod":false,"is_daily":true,"chose_seed":false,"campfire_upgraded":1,"win_rate":0,"timestamp":1570349913,"path_taken":["M","?","$","?","?","R","M","M","T","M","$","M","M","M","R","BOSS","M","M","?"],"build_version":"2019-07-17","purchased_purges":0,"victory":false,"max_hp_per_floor":[68,67,66,65,64,63,62,61,60,59,58,57,56,55,54,53,52,51,50,55],"card_choices":[{"not_picked":["Dodge and Roll","Reprogram","Underhanded Strike"],"picked":"SKIP","floor":1},{"not_picked":["Barrage","Go for the Eyes"],"picked":"Deflect","floor":7},{"not_picked":["Endless Agony","Stack","Backflip"],"picked":"SKIP","floor":8},{"not_picked":["Bullet Time","Coolheaded"],"picked":"Sucker Punch","floor":10},{"not_picked":["Cold Snap","Tempest","Deadly Poison"],"picked":"SKIP","floor":12},{"not_picked":["Bouncing Flask","Compile Driver"],"picked":"Melter","floor":13},{"not_picked":["Streamline","Bouncing Flask"],"picked":"Slice","floor":14},{"not_picked":["Storm of Steel","Grand Finale"],"picked":"Multi-Cast","floor":16},{"not_picked":["Quick Slash","Reflex"],"picked":"Reinforced Body","floor":17},{"not_picked":["Cold Snap","Self Repair"],"picked":"Deflect+1","floor":18},{"not_picked":["Dagger Throw","Gash"],"picked":"Chaos","floor":19}],"player_experience":363227,"relics_obtained":[{"floor":9,"key":"Ornamental Fan"}],"event_choices":[{"cards_removed":["Bash"],"damage_healed":0,"gold_gain":0,"player_choice":"Card Removal","damage_taken":7,"max_hp_gain":0,"max_hp_loss":0,"event_name":"Golden Wing","floor":2,"gold_loss":0},{"damage_healed":0,"gold_gain":0,"player_choice":"Entered Light","damage_taken":13,"max_hp_gain":0,"max_hp_loss":0,"event_name":"Shining Light","floor":4,"gold_loss":0,"cards_upgraded":["Survivor","Defend_B"]},{"damage_healed":0,"gold_gain":0,"player_choice":"Fled","damage_taken":0,"max_hp_gain":0,"max_hp_loss":0,"event_name":"Scrap Ooze","floor":5,"gold_loss":0}],"is_beta":false,"boss_relics":[{"not_picked":["Runic Dome","Astrolabe"],"picked":"Orrery"}],"items_purged_floors":[],"is_endless":false,"potions_floor_spawned":[7,8,12,16],"ascension_level":0}