{"gold_per_floor":[213,225,239,18,18,48,48,81,106,106,121,153,153,103,103,222,222,235,160,180,199,199,226,240,273,297,297,297,323,339,351,351,451,451,465,465,481,83,96,121,140,173,241,241,256,301,301,311,311,311,311,311,114,143,143],"floor_reached":56,"playtime":2543,"items_purged":["Neutralize","Strike_G","Defend_G"],"score":1704,"play_id":"9ba80102-3ad4-4581-ab2a-b5c3125d3120","local_time":"20191001235054","is_ascension_mode":true,"campfire_choices":[{"data":"Crippling Poison","floor":7,"key":"SMITH"},{"data":"Catalyst","floor":15,"key":"SMITH"},{"data":"Bouncing Flask","floor":28,"key":"SMITH"},{"data":"Footwork","floor":32,"key":"SMITH"},{"data":"Catalyst","floor":44,"key":"SMITH"},{"floor":49,"key":"RECALL"},{"data":"Burst","floor":52,"key":"SMITH"}],"neow_cost":"NONE","seed_source_timestamp":282501187376100,"circlet_count":0,"master_deck":["Defend_G","Defend_G","Defend_G+1","Defend_G+1","Survivor","Dagger Spray","Crippling Poison+1","Bouncing Flask+1","Footwork+1","Corpse Explosion","Blur","Catalyst+1","Venomology","Bullet Time","Eviscerate","Corpse Explosion","Skewer+1","Night Terror","Catalyst+1","Catalyst+1","Burst+1"],"relics":["Ring of the Snake","Bag of Preparation","Potion Belt","Oddly Smooth Stone","Pen Nib","Dead Branch","Bloody Idol","Snecko Eye","Vajra","Strawberry","Nilry\u0027s Codex","Anchor","Busted Crown","DollysMirror","War Paint","Pantograph","Art of War","HornCleat","Calipers","Blue Candle"],"potions_floor_usage":[12,20,21,21,24,24,25,25,30,40,40,41,46,50,55,55,55,55],"damage_taken":[{"damage":0,"enemies":"2 Louse","floor":1,"turns":3},{"damage":0,"enemies":"Cultist","floor":2,"turns":4},{"damage":0,"enemies":"Jaw Worm","floor":3,"turns":4},{"damage":7,"enemies":"Lagavulin","floor":6,"turns":7},{"damage":10,"enemies":"3 Sentries","floor":8,"turns":4},{"damage":0,"enemies":"3 Louse","floor":11,"turns":2},{"damage":4,"enemies":"Gremlin Nob","floor":12,"turns":4},{"damage":0,"enemies":"The Guardian","floor":16,"turns":7},{"damage":0,"enemies":"3 Byrds","floor":18,"turns":4},{"damage":0,"enemies":"Shell Parasite","floor":20,"turns":4},{"damage":4,"enemies":"Sentry and Sphere","floor":21,"turns":8},{"damage":0,"enemies":"Book of Stabbing","floor":23,"turns":4},{"damage":0,"enemies":"Shelled Parasite and Fungi","floor":24,"turns":2},{"damage":0,"enemies":"Gremlin Leader","floor":25,"turns":2},{"damage":0,"enemies":"Book of Stabbing","floor":29,"turns":2},{"damage":0,"enemies":"Snake Plant","floor":30,"turns":2},{"damage":0,"enemies":"3 Cultists","floor":31,"turns":1},{"damage":0,"enemies":"Collector","floor":33,"turns":4},{"damage":0,"enemies":"3 Shapes","floor":35,"turns":1},{"damage":0,"enemies":"3 Darklings","floor":37,"turns":2},{"damage":0,"enemies":"4 Shapes","floor":39,"turns":2},{"damage":0,"enemies":"Nemesis","floor":40,"turns":3},{"damage":3,"enemies":"Sphere and 2 Shapes","floor":41,"turns":3},{"damage":0,"enemies":"Giant Head","floor":42,"turns":2},{"damage":0,"enemies":"Spire Growth","floor":45,"turns":2},{"damage":0,"enemies":"2 Orb Walkers","floor":46,"turns":2},{"damage":0,"enemies":"Transient","floor":48,"turns":4},{"damage":0,"enemies":"Donu and Deca","floor":50,"turns":6},{"damage":0,"enemies":"Shield and Spear","floor":54,"turns":2},{"damage":8,"enemies":"The Heart","floor":55,"turns":3}],"seed_played":"5741940296858997819","potions_obtained":[{"floor":2,"key":"PowerPotion"},{"floor":11,"key":"EssenceOfSteel"},{"floor":16,"key":"Fruit Juice"},{"floor":20,"key":"CunningPotion"},{"floor":23,"key":"CunningPotion"},{"floor":24,"key":"SkillPotion"},{"floor":31,"key":"Swift Potion"},{"floor":40,"key":"Explosive Potion"},{"floor":41,"key":"AttackPotion"},{"floor":42,"key":"PowerPotion"},{"floor":45,"key":"Energy Potion"}],"is_trial":false,"path_per_floor":["M","M","M","$","?","E","R","E","T","?","M","E","?","?","R","B",null,"M","$","M","M","?","E","M","E","T","?","R","E","M","M","R","B",null,"M","?","M","$","M","E","M","E","T","R","M","?","?","M","R","B",null,"R","$","E","B",null],"character_chosen":"THE_SILENT","items_purchased":["Footwork","Bag of Preparation","DollysMirror","War Paint","EssenceOfSteel"],"campfire_rested":0,"item_purchase_floors":[4,4,38,38,53],"current_hp_per_floor":[70,70,70,70,63,56,56,46,46,46,46,42,25,25,25,25,70,70,70,70,66,66,70,75,82,82,66,66,71,76,81,81,82,82,82,82,82,82,82,82,82,82,82,82,82,82,78,78,78,78,78,78,78,78,70],"gold":143,"neow_bonus":"HUNDRED_GOLD","is_prod":false,"is_daily":false,"chose_seed":false,"campfire_upgraded":6,"win_rate":0,"timestamp":1569970254,"path_taken":["M","M","M","$","?","E","R","E","T","?","?","E","?","?","R","BOSS","M","$","M","M","?","E","M","E","T","?","R","E","M","M","R","BOSS","M","?","?","$","M","E","?","E","T","R","M","?","?","M","R","BOSS","R","$","E","BOSS"],"build_version":"2019-10-01","purchased_purges":3,"victory":true,"max_hp_per_floor":[70,70,70,70,70,70,70,70,70,70,70,70,70,70,70,70,70,70,70,70,70,70,70,75,82,82,82,82,82,82,82,82,82,82,82,82,82,82,82,82,82,82,82,82,82,82,78,78,78,78,78,78,78,78,78],"card_choices":[{"not_picked":["Masterful Stab","Blade Dance"],"picked":"Dagger Spray","floor":1},{"not_picked":["Dagger Spray","Dagger Throw"],"picked":"Crippling Poison","floor":2},{"not_picked":["Sucker Punch","Dagger Throw"],"picked":"Bouncing Flask","floor":3},{"not_picked":["Cloak And Dagger","Prepared"],"picked":"Corpse Explosion","floor":6},{"not_picked":["Flying Knee","Bouncing Flask"],"picked":"Blur","floor":8},{"not_picked":["Flying Knee","Bane","Leg Sweep"],"picked":"SKIP","floor":11},{"not_picked":["Deflect","Night Terror"],"picked":"Catalyst","floor":12},{"not_picked":["Die Die Die","Malaise"],"picked":"Venomology","floor":16},{"not_picked":["Concentrate","Infinite Blades+1","Quick Slash+1"],"picked":"SKIP","floor":18},{"not_picked":["Dagger Spray+1","All Out Attack","Flechettes"],"picked":"SKIP","floor":20},{"not_picked":["Sucker Punch","Cloak And Dagger"],"picked":"Bullet Time","floor":21},{"not_picked":["Distraction","Terror","Bane"],"picked":"SKIP","floor":23},{"not_picked":["Quick Slash","Blur"],"picked":"Eviscerate","floor":24},{"not_picked":["Dodge and Roll","Cloak And Dagger"],"picked":"Corpse Explosion","floor":25},{"not_picked":["Heel Hook+1","Underhanded Strike+1"],"picked":"Skewer+1","floor":29},{"not_picked":["Eviscerate","Backflip","Sucker Punch"],"picked":"SKIP","floor":30},{"not_picked":["Sucker Punch+1","PiercingWail+1"],"picked":"Night Terror","floor":31},{"not_picked":["Caltrops"],"picked":"SKIP","floor":35},{"not_picked":[],"picked":"Catalyst","floor":37},{"not_picked":["Calculated Gamble"],"picked":"SKIP","floor":39},{"not_picked":["Deflect"],"picked":"SKIP","floor":40},{"not_picked":["Dodge and Roll+1"],"picked":"SKIP","floor":41},{"not_picked":["Cloak And Dagger+1"],"picked":"SKIP","floor":42},{"not_picked":["Poisoned Stab"],"picked":"SKIP","floor":45},{"not_picked":[],"picked":"Burst","floor":48},{"not_picked":["PiercingWail+1"],"picked":"SKIP","floor":54}],"player_experience":1602177,"relics_obtained":[{"floor":6,"key":"Potion Belt"},{"floor":8,"key":"Oddly Smooth Stone"},{"floor":9,"key":"Pen Nib"},{"floor":12,"key":"Dead Branch"},{"floor":23,"key":"Vajra"},{"floor":25,"key":"Strawberry"},{"floor":27,"key":"Nilry\u0027s Codex"},{"floor":29,"key":"Anchor"},{"floor":40,"key":"Pantograph"},{"floor":42,"key":"Art of War"},{"floor":43,"key":"HornCleat"},{"floor":46,"key":"Calipers"},{"floor":54,"key":"Blue Candle"}],"event_choices":[{"cards_removed":["Strike_G"],"damage_healed":0,"gold_gain":0,"player_choice":"Card Removal","damage_taken":7,"max_hp_gain":0,"max_hp_loss":0,"event_name":"Golden Wing","floor":5,"gold_loss":0},{"cards_removed":["Strike_G"],"damage_healed":0,"gold_gain":0,"player_choice":"Offered Basic","damage_taken":0,"max_hp_gain":0,"max_hp_loss":0,"event_name":"Bonfire Elementals","floor":10,"gold_loss":0},{"damage_healed":0,"gold_gain":0,"player_choice":"Take Damage","damage_taken":17,"relics_obtained":["Golden Idol"],"max_hp_gain":0,"max_hp_loss":0,"event_name":"Golden Idol","floor":13,"gold_loss":0},{"cards_removed":["Strike_G"],"damage_healed":0,"gold_gain":0,"player_choice":"Card Removal","damage_taken":0,"max_hp_gain":0,"max_hp_loss":0,"event_name":"The Cleric","floor":14,"gold_loss":50},{"damage_healed":0,"gold_gain":0,"player_choice":"Gave Idol","damage_taken":0,"relics_obtained":["Bloody Idol"],"max_hp_gain":0,"max_hp_loss":0,"event_name":"Forgotten Altar","floor":22,"relics_lost":["Golden Idol"],"gold_loss":0},{"damage_healed":0,"gold_gain":0,"player_choice":"Obtained Book","damage_taken":16,"max_hp_gain":0,"max_hp_loss":0,"event_name":"Cursed Tome","floor":27,"gold_loss":0},{"cards_removed":["Strike_G"],"damage_healed":0,"gold_gain":0,"player_choice":"Purged","damage_taken":0,"max_hp_gain":0,"max_hp_loss":0,"event_name":"Purifier","floor":36,"gold_loss":0},{"damage_healed":0,"gold_gain":0,"player_choice":"Fight","damage_taken":0,"max_hp_gain":0,"max_hp_loss":0,"event_name":"Mysterious Sphere","floor":46,"gold_loss":0},{"damage_healed":0,"gold_gain":0,"player_choice":"Max HP","damage_taken":0,"max_hp_gain":0,"max_hp_loss":4,"event_name":"Winding Halls","floor":47,"gold_loss":0}],"is_beta":true,"boss_relics":[{"not_picked":["Black Star","Runic Dome"],"picked":"Snecko Eye"},{"not_picked":["Philosopher\u0027s Stone","Tiny House"],"picked":"Busted Crown"}],"items_purged_floors":[19,38,53],"is_endless":false,"potions_floor_spawned":[2,11,16,20,23,24,31,33,40,41,42,45],"ascension_level":1}