{"gold_per_floor":[16,16,30,51,1,1,25,59,85,121,142,167,180,194,194,317,317,340,340,340,340,255,310,310,325,350,365,365,394,63,95,95,191,191,209,225,276,276,288,318,333,195,195,226,226,238,238,338,338,338,338,338,0,32,32],"floor_reached":56,"playtime":2490,"items_purged":["Strike_R","Anger","Strike_R"],"score":1524,"play_id":"d6d0fdba-1099-4df2-8c13-5d91f0469e07","local_time":"20190728125713","is_ascension_mode":true,"campfire_choices":[{"data":"Hemokinesis","floor":6.0,"key":"SMITH"},{"data":"Juggernaut","floor":15.0,"key":"SMITH"},{"data":"Demon Form","floor":24.0,"key":"SMITH"},{"data":"Uppercut","floor":32.0,"key":"SMITH"},{"floor":45,"key":"RECALL"},{"floor":47,"key":"DIG"},{"floor":49,"key":"DIG"},{"floor":52,"key":"DIG"}],"neow_cost":"NO_GOLD","seed_source_timestamp":0,"circlet_count":0,"master_deck":["Strike_R","Strike_R","Strike_R","Defend_R","Defend_R","Defend_R+1","Defend_R","Bash+1","Juggernaut+1","True Grit+1","Hemokinesis+1","Thunderclap","Flame Barrier","Sword Boomerang","Demon Form+1","Flame Barrier","Brutality","Flame Barrier","Flame Barrier","Flame Barrier+1","Uppercut+1","Armaments+1","Disarm+1","Bludgeon","Corruption","Bludgeon","Shockwave+1","Bludgeon+1","Dual Wield+1","Reaper"],"special_seed":0,"relics":["Burning Blood","Bloody Idol","Red Skull","Ancient Tea Set","War Paint","Matryoshka","Snecko Eye","Enchiridion","Happy Flower","Tiny Chest","Blood Vial","Potion Belt","Toxic Egg 2","Orichalcum","Ginger","Centennial Puzzle","Black Star","Shovel","Magic Flower","PreservedInsect","Smiling Mask","Regal Pillow","Whetstone","Thread and Needle","Pantograph","Mummified Hand","Dodecahedron","Paper Frog","Oddly Smooth Stone"],"potions_floor_usage":[44,50,54,55,55,55,55],"damage_taken":[{"damage":3.0,"enemies":"2 Louse","floor":1.0,"turns":3.0},{"damage":11.0,"enemies":"Jaw Worm","floor":3.0,"turns":5.0},{"damage":0.0,"enemies":"Cultist","floor":4.0,"turns":4.0},{"damage":11.0,"enemies":"Blue Slaver","floor":7.0,"turns":3.0},{"damage":20.0,"enemies":"Lagavulin","floor":8.0,"turns":6.0},{"damage":15.0,"enemies":"Gremlin Nob","floor":10.0,"turns":3.0},{"damage":8.0,"enemies":"Exordium Wildlife","floor":11.0,"turns":3.0},{"damage":0.0,"enemies":"3 Louse","floor":12.0,"turns":1.0},{"damage":6.0,"enemies":"Large Slime","floor":13.0,"turns":5.0},{"damage":12.0,"enemies":"2 Fungi Beasts","floor":14.0,"turns":2.0},{"damage":21.0,"enemies":"The Guardian","floor":16.0,"turns":8.0},{"damage":24.0,"enemies":"2 Thieves","floor":18.0,"turns":4.0},{"damage":28.0,"enemies":"Slavers","floor":23.0,"turns":4.0},{"damage":2.0,"enemies":"Chosen","floor":25.0,"turns":2.0},{"damage":0.0,"enemies":"3 Cultists","floor":27.0,"turns":4.0},{"damage":0.0,"enemies":"Book of Stabbing","floor":29.0,"turns":4.0},{"damage":30.0,"enemies":"Slavers","floor":31.0,"turns":4.0},{"damage":21.0,"enemies":"Automaton","floor":33.0,"turns":7.0},{"damage":12,"enemies":"Orb Walker","floor":35,"turns":5},{"damage":6,"enemies":"3 Shapes","floor":36,"turns":5},{"damage":29,"enemies":"2 Orb Walkers","floor":37,"turns":4},{"damage":0,"enemies":"Transient","floor":39,"turns":5},{"damage":31,"enemies":"Nemesis","floor":40,"turns":5},{"damage":22,"enemies":"Spire Growth","floor":41,"turns":4},{"damage":8,"enemies":"Giant Head","floor":44,"turns":6},{"damage":4,"enemies":"Sphere and 2 Shapes","floor":46,"turns":3},{"damage":2,"enemies":"Mind Bloom Boss Battle","floor":48,"turns":3},{"damage":24,"enemies":"Donu and Deca","floor":50,"turns":7},{"damage":5,"enemies":"Shield and Spear","floor":54,"turns":5},{"damage":3,"enemies":"The Heart","floor":55,"turns":7}],"seed_played":"-8086689773863310174","potions_obtained":[{"floor":7.0,"key":"Fire Potion"},{"floor":8.0,"key":"Strength Potion"},{"floor":10.0,"key":"Strength Potion"},{"floor":12.0,"key":"Fruit Juice"},{"floor":18.0,"key":"SpeedPotion"},{"floor":33.0,"key":"Ancient Potion"},{"floor":36,"key":"Strength Potion"},{"floor":39,"key":"Weak Potion"},{"floor":44,"key":"Swift Potion"}],"is_trial":false,"path_per_floor":["M","?","M","M","?","R","M","E","T","E","M","M","M","M","R","B",null,"M","?","?","?","?","E","R","M","T","M","T","E","$","E","R","B",null,"M","M","?","?","M","E","M","$","T","E","R","M","R","?","R","B",null,"R","$","E","B",null],"character_chosen":"IRONCLAD","items_purchased":["Disarm+1","Bludgeon","Corruption","Dual Wield+1","Dodecahedron","Block Potion"],"campfire_rested":0,"item_purchase_floors":[30,30,30,42,53,53],"current_hp_per_floor":[80,60,55,61,61,61,56,42,42,33,31,37,37,31,31,16,80,62,62,62,46,46,34,34,43,48,61,61,74,74,57,57,49,80,79,80,62,62,75,57,52,52,52,66,66,79,79,85,85,70,85,85,85,85,85],"gold":32,"neow_bonus":"THREE_RARE_CARDS","is_prod":false,"is_daily":false,"chose_seed":false,"campfire_upgraded":4,"win_rate":0,"timestamp":1564315033,"path_taken":["M","?","M","M","?","R","M","E","T","E","M","M","?","M","R","BOSS","M","?","?","?","?","E","R","M","T","M","?","E","$","E","R","BOSS","M","M","?","?","?","E","M","$","T","E","R","M","R","?","R","BOSS","R","$","E","BOSS"],"build_version":"2019-07-17","purchased_purges":3,"victory":true,"max_hp_per_floor":[80,80,80,80,80,80,80,80,80,80,80,80,80,80,80,80,80,80,80,80,80,80,80,80,80,80,80,80,80,80,80,80,80,80,80,80,80,80,80,80,80,80,80,85,85,85,85,85,85,85,85,85,85,85,85],"card_choices":[{"not_picked":["Barricade","Exhume"],"picked":"Juggernaut","floor":0.0},{"not_picked":["Cleave","Combust"],"picked":"Anger","floor":1.0},{"not_picked":["Heavy Blade","Wild Strike"],"picked":"True Grit","floor":3.0},{"not_picked":["Seeing Red","Corruption"],"picked":"Hemokinesis","floor":4.0},{"not_picked":["Inflame","Flex","Infernal Blade"],"picked":"SKIP","floor":7.0},{"not_picked":["Inflame","Flex","Infernal Blade"],"picked":"SKIP","floor":7.0},{"not_picked":["Havoc","Sever Soul"],"picked":"Thunderclap","floor":8.0},{"not_picked":["Armaments","Dropkick"],"picked":"Flame Barrier","floor":10.0},{"not_picked":["Ghostly Armor","Perfected Strike"],"picked":"Sword Boomerang","floor":11.0},{"not_picked":["Searing Blow","Fire Breathing"],"picked":"Demon Form","floor":12.0},{"not_picked":["Fire Breathing","Armaments","Body Slam"],"picked":"SKIP","floor":13.0},{"not_picked":["Thunderclap","Rupture"],"picked":"Flame Barrier","floor":14.0},{"not_picked":["Double Tap","Juggernaut"],"picked":"Brutality","floor":16.0},{"not_picked":["Anger+1","Iron Wave"],"picked":"Flame Barrier","floor":18.0},{"not_picked":["Rage","Second Wind"],"picked":"Flame Barrier+1","floor":23.0},{"not_picked":["Fire Breathing+1","Havoc+1"],"picked":"Uppercut","floor":25.0},{"not_picked":["Rupture","Twin Strike"],"picked":"Armaments+1","floor":27.0},{"not_picked":["Rampage","Ghostly Armor+1","Body Slam"],"picked":"SKIP","floor":29.0},{"not_picked":["Headbutt","Clash","Ghostly Armor+1"],"picked":"SKIP","floor":31.0},{"not_picked":["Feed","Brutality"],"picked":"Bludgeon","floor":33.0},{"not_picked":["Pommel Strike","Cleave+1","Heavy Blade"],"picked":"SKIP","floor":35},{"not_picked":["Cleave","Clash+1","Combust+1"],"picked":"SKIP","floor":36},{"not_picked":["Reckless Charge","Bloodletting+1"],"picked":"Shockwave+1","floor":37},{"not_picked":["Perfected Strike","Rampage+1","Infernal Blade+1"],"picked":"SKIP","floor":39},{"not_picked":["Armaments+1","Blood for Blood"],"picked":"Bludgeon","floor":40},{"not_picked":["Warcry+1","Body Slam+1","Thunderclap"],"picked":"SKIP","floor":41},{"not_picked":["Havoc+1","Perfected Strike","Clothesline"],"picked":"SKIP","floor":44},{"not_picked":["Iron Wave","Twin Strike+1","True Grit+1"],"picked":"SKIP","floor":46},{"not_picked":["Armaments+1","Whirlwind"],"picked":"Reaper","floor":54}],"player_experience":1761996,"relics_obtained":[{"floor":8.0,"key":"Ancient Tea Set"},{"floor":9.0,"key":"War Paint"},{"floor":10.0,"key":"Matryoshka"},{"floor":21.0,"key":"Enchiridion"},{"floor":23.0,"key":"Tiny Chest"},{"floor":26.0,"key":"Blood Vial"},{"floor":26.0,"key":"Potion Belt"},{"floor":28.0,"key":"Toxic Egg 2"},{"floor":28.0,"key":"Orichalcum"},{"floor":29.0,"key":"Ginger"},{"floor":31.0,"key":"Centennial Puzzle"},{"floor":37,"key":"Shovel"},{"floor":40,"key":"Magic Flower"},{"floor":40,"key":"PreservedInsect"},{"floor":44,"key":"Smiling Mask"},{"floor":44,"key":"Regal Pillow"},{"floor":47,"key":"Whetstone"},{"floor":48,"key":"Thread and Needle"},{"floor":49,"key":"Pantograph"},{"floor":52,"key":"Mummified Hand"},{"floor":54,"key":"Paper Frog"},{"floor":54,"key":"Oddly Smooth Stone"}],"event_choices":[{"damage_healed":0.0,"max_hp_gain":0.0,"max_hp_loss":0.0,"gold_gain":0.0,"event_name":"Golden Idol","player_choice":"Take Damage","floor":2.0,"gold_loss":0.0,"damage_taken":20.0,"relics_obtained":["Golden Idol"]},{"damage_healed":0.0,"max_hp_gain":0.0,"max_hp_loss":0.0,"gold_gain":0.0,"event_name":"WeMeetAgain","player_choice":"Paid Gold","floor":5.0,"gold_loss":50.0,"damage_taken":0.0,"relics_obtained":["Red Skull"]},{"damage_healed":0.0,"max_hp_gain":0.0,"max_hp_loss":0.0,"gold_gain":0.0,"event_name":"Forgotten Altar","player_choice":"Gave Idol","floor":19.0,"relics_lost":["Golden Idol"],"gold_loss":0.0,"damage_taken":0.0,"relics_obtained":["Bloody Idol"]},{"damage_healed":0.0,"max_hp_gain":0.0,"max_hp_loss":0.0,"gold_gain":0.0,"event_name":"The Library","player_choice":"Read","floor":20.0,"gold_loss":0.0,"damage_taken":0.0,"cards_obtained":["Flame Barrier"]},{"damage_healed":0.0,"max_hp_gain":0.0,"max_hp_loss":0.0,"gold_gain":0.0,"event_name":"Cursed Tome","player_choice":"Obtained Book","floor":21.0,"gold_loss":0.0,"damage_taken":16.0},{"damage_healed":0.0,"max_hp_gain":0.0,"max_hp_loss":0.0,"gold_gain":0.0,"event_name":"Addict","player_choice":"Obtained Relic","floor":22.0,"gold_loss":85.0,"damage_taken":0.0,"relics_obtained":["Happy Flower"]},{"damage_healed":0,"gold_gain":0,"player_choice":"Fight","damage_taken":0,"max_hp_gain":0,"max_hp_loss":0,"event_name":"Mysterious Sphere","floor":37,"gold_loss":0},{"damage_healed":0,"gold_gain":0,"player_choice":"Ignored","damage_taken":0,"max_hp_gain":0,"max_hp_loss":0,"event_name":"SecretPortal","floor":38,"gold_loss":0},{"damage_healed":0,"gold_gain":0,"player_choice":"Fight","damage_taken":0,"max_hp_gain":0,"max_hp_loss":0,"event_name":"MindBloom","floor":48,"gold_loss":0}],"is_beta":false,"boss_relics":[{"not_picked":["Black Blood","Astrolabe"],"picked":"Snecko Eye"},{"not_picked":["Sozu","Calling Bell"],"picked":"Black Star"}],"items_purged_floors":[30,42,53],"is_endless":false,"potions_floor_spawned":[7,8,10,12,18,33,36,39,44,46],"ascension_level":3}