{"gold_per_floor":[117,132,143,160,160,193,212,242,242,256,531,251,271,271,271,371,371,382,399,314,314,334,359,58,58,85,85,97,128,148,160,160,264,264,279,293,193,205,305,338,353,385,385,410,285,303,318,352,352,352,352,352,9,36,36],"floor_reached":55,"playtime":7336,"items_purged":["Regret","Shame","Injury","Parasite"],"score":950,"play_id":"54cee4dc-f63e-4e14-85c7-ce5cc08c1ddf","local_time":"20190922003904","is_ascension_mode":true,"campfire_choices":[{"data":"Defragment","floor":15.0,"key":"SMITH"},{"data":"Mind Blast","floor":25.0,"key":"SMITH"},{"data":"Seek","floor":32.0,"key":"SMITH"},{"floor":49,"key":"RECALL"},{"data":"Steam Power","floor":52,"key":"SMITH"}],"neow_cost":"NONE","seed_source_timestamp":18546030685300,"circlet_count":0,"master_deck":["Strike_B+1","Strike_B","Defend_B","Defend_B","Defend_B","Defend_B","Zap","Dualcast","Reinforced Body","Barrage","Defragment+1","Glacier","Rip and Tear","Turbo","Seek+1","Self Repair","Steam Power+1","Buffer","Ball Lightning+1","Cold Snap+1","Chill","Compile Driver+1","Mind Blast+1","Madness","Hemokinesis+1","Go for the Eyes","Bullet Time","Deflect+1","PiercingWail+1","Steam","Loop+1","Noxious Fumes+1","Noxious Fumes+1","True Grit+1","Pommel Strike","Shrug It Off+1","Metallicize+1","Force Field+1","Whirlwind+1","Escape Plan+1","Shrug It Off+1","Blur+1"],"special_seed":0,"relics":["Cracked Core","Turnip","Pen Nib","Mercury Hourglass","Lee\u0027s Waffle","Cursed Key","Frozen Egg 2","Letter Opener","PrismaticShard","Blood Vial","Ancient Tea Set","Centennial Puzzle","Orrery","FossilizedHelix","Toxic Egg 2","DataDisk","Gremlin Horn","Whetstone","Runic Capacitor","Boot"],"potions_floor_usage":[55,55,55],"damage_taken":[{"damage":0.0,"enemies":"Cultist","floor":1.0,"turns":4.0},{"damage":1.0,"enemies":"Jaw Worm","floor":2.0,"turns":4.0},{"damage":0.0,"enemies":"2 Louse","floor":3.0,"turns":2.0},{"damage":19.0,"enemies":"Lots of Slimes","floor":4.0,"turns":5.0},{"damage":17.0,"enemies":"Gremlin Nob","floor":6.0,"turns":5.0},{"damage":1.0,"enemies":"Looter","floor":7.0,"turns":3.0},{"damage":25.0,"enemies":"3 Sentries","floor":8.0,"turns":7.0},{"damage":0.0,"enemies":"2 Fungi Beasts","floor":10.0,"turns":3.0},{"damage":2.0,"enemies":"Blue Slaver","floor":13.0,"turns":3.0},{"damage":17.0,"enemies":"Slime Boss","floor":16.0,"turns":9.0},{"damage":0.0,"enemies":"Spheric Guardian","floor":18.0,"turns":4.0},{"damage":4.0,"enemies":"Shell Parasite","floor":19.0,"turns":5.0},{"damage":11.0,"enemies":"Snake Plant","floor":22.0,"turns":4.0},{"damage":28.0,"enemies":"Slavers","floor":23.0,"turns":4.0},{"damage":13.0,"enemies":"Snecko","floor":28.0,"turns":5.0},{"damage":8.0,"enemies":"Book of Stabbing","floor":29.0,"turns":6.0},{"damage":3.0,"enemies":"Centurion and Healer","floor":30.0,"turns":7.0},{"damage":6.0,"enemies":"3 Cultists","floor":31.0,"turns":4.0},{"damage":31.0,"enemies":"Collector","floor":33.0,"turns":10.0},{"damage":4.0,"enemies":"3 Darklings","floor":35.0,"turns":6.0},{"damage":3.0,"enemies":"3 Shapes","floor":36.0,"turns":3.0},{"damage":8.0,"enemies":"Maw","floor":38.0,"turns":8.0},{"damage":3.0,"enemies":"Mind Bloom Boss Battle","floor":39.0,"turns":6.0},{"damage":1.0,"enemies":"Nemesis","floor":40.0,"turns":7.0},{"damage":0.0,"enemies":"Transient","floor":41.0,"turns":5.0},{"damage":2.0,"enemies":"Reptomancer","floor":42.0,"turns":8.0},{"damage":50.0,"enemies":"Giant Head","floor":44.0,"turns":10.0},{"damage":0.0,"enemies":"Jaw Worm Horde","floor":46.0,"turns":6.0},{"damage":0,"enemies":"Maw","floor":47,"turns":7},{"damage":0,"enemies":"Reptomancer","floor":48,"turns":6},{"damage":42,"enemies":"Time Eater","floor":50,"turns":20},{"damage":10,"enemies":"Shield and Spear","floor":54,"turns":8},{"damage":81,"enemies":"The Heart","floor":55,"turns":12}],"seed_played":"-3458834325584761544","potions_obtained":[{"floor":0.0,"key":"AttackPotion"},{"floor":0.0,"key":"GamblersBrew"},{"floor":0.0,"key":"Strength Potion"},{"floor":7.0,"key":"PowerPotion"},{"floor":8.0,"key":"SteroidPotion"},{"floor":16.0,"key":"Poison Potion"},{"floor":23.0,"key":"Swift Potion"},{"floor":29.0,"key":"EssenceOfSteel"},{"floor":31.0,"key":"SpeedPotion"},{"floor":33.0,"key":"Weak Potion"},{"floor":42.0,"key":"AttackPotion"},{"floor":47,"key":"Swift Potion"},{"floor":54,"key":"Weak Potion"}],"is_trial":false,"path_per_floor":["M","M","M","M","?","E","M","E","T","M","?","$","M","?","R","B",null,"M","M","?","?","M","E","$","R","T","T","M","E","M","M","R","B",null,"M","M","$","M","?","E","M","E","T","E","$","M","M","E","R","B",null,"R","$","E","B"],"character_chosen":"DEFECT","items_purchased":["Lee\u0027s Waffle","PrismaticShard","Mind Blast","Runic Capacitor"],"campfire_rested":0,"item_purchase_floors":[12,24,24,53],"current_hp_per_floor":[75,74,74,55,48,31,30,5,5,5,5,82,82,82,82,72,82,82,82,82,82,71,50,50,50,50,50,46,47,53,56,56,34,82,82,82,82,81,82,82,82,80,80,39,39,48,57,66,66,26,82,82,79,76,0],"gold":36,"neow_bonus":"THREE_SMALL_POTIONS","is_prod":false,"is_daily":false,"chose_seed":false,"campfire_upgraded":4,"win_rate":0,"timestamp":1569105544,"path_taken":["M","?","?","M","?","E","M","E","T","M","?","$","?","?","R","BOSS","M","?","?","?","M","E","?","R","T","?","M","E","M","M","R","BOSS","M","M","$","M","?","E","M","E","T","E","$","M","M","E","R","BOSS","R","$","E","BOSS"],"build_version":"2019-07-17","purchased_purges":4,"victory":false,"max_hp_per_floor":[75,75,75,75,75,75,75,75,75,75,75,82,82,82,82,82,82,82,82,82,82,82,82,82,82,82,82,82,82,82,82,82,82,82,82,82,82,82,82,82,82,82,82,82,82,82,82,82,82,82,82,82,79,79,79],"card_choices":[{"not_picked":["Steam","Rebound"],"picked":"Reinforced Body","floor":1.0},{"not_picked":["Turbo","Auto Shields"],"picked":"Barrage","floor":2.0},{"not_picked":["Blizzard","Turbo"],"picked":"Defragment","floor":3.0},{"not_picked":["FTL","Auto Shields"],"picked":"Glacier","floor":4.0},{"not_picked":["Chill","Storm"],"picked":"Rip and Tear","floor":6.0},{"not_picked":["Hologram","Redo"],"picked":"Turbo","floor":7.0},{"not_picked":["Hologram","Compile Driver"],"picked":"Seek","floor":8.0},{"not_picked":["BootSequence","Conserve Battery"],"picked":"Self Repair","floor":10.0},{"not_picked":["Cold Snap","Steam"],"picked":"Steam Power","floor":13.0},{"not_picked":["Creative AI","Seek"],"picked":"Buffer","floor":16.0},{"not_picked":["Turbo","Barrage"],"picked":"Ball Lightning+1","floor":18.0},{"not_picked":["Leap","Redo"],"picked":"Cold Snap+1","floor":19.0},{"not_picked":["Stack+1","Self Repair+1"],"picked":"Chill","floor":22.0},{"not_picked":["Cold Snap","White Noise"],"picked":"Compile Driver+1","floor":23.0},{"not_picked":["Prepared","Dropkick"],"picked":"Madness","floor":28.0},{"not_picked":["Perfected Strike+1","Sucker Punch","Fiend Fire"],"picked":"SKIP","floor":29.0},{"not_picked":["Flying Knee","Flex"],"picked":"Hemokinesis","floor":30.0},{"not_picked":["Perfected Strike","Sword Boomerang"],"picked":"Go for the Eyes","floor":31.0},{"not_picked":["Fission","Rainbow"],"picked":"Bullet Time","floor":33.0},{"not_picked":["Cold Snap","Armaments"],"picked":"Deflect+1","floor":34.0},{"not_picked":["Warcry","Cold Snap"],"picked":"PiercingWail+1","floor":34.0},{"not_picked":["Blade Dance","Deadly Poison"],"picked":"Steam","floor":34.0},{"not_picked":["PanicButton","Searing Blow"],"picked":"Loop+1","floor":34.0},{"not_picked":["Sadistic Nature+1","Barrage"],"picked":"Noxious Fumes+1","floor":34.0},{"not_picked":["Infinite Blades+1","Shrug It Off"],"picked":"Noxious Fumes+1","floor":35.0},{"not_picked":["Thunderclap+1","Wild Strike+1","Power Through+1"],"picked":"SKIP","floor":36.0},{"not_picked":["Poisoned Stab+1","Cloak And Dagger"],"picked":"True Grit+1","floor":38.0},{"not_picked":["Searing Blow+1","Twin Strike+1"],"picked":"Pommel Strike","floor":39.0},{"not_picked":["Carnage","Immolate"],"picked":"Shrug It Off","floor":40.0},{"not_picked":["Gash","Stack+1"],"picked":"Metallicize+1","floor":41.0},{"not_picked":["Cold Snap","Hemokinesis","PiercingWail+1"],"picked":"SKIP","floor":42.0},{"not_picked":["Thunderclap+1","Ball Lightning+1"],"picked":"Force Field+1","floor":44.0},{"not_picked":["Blade Dance+1","Go for the Eyes+1"],"picked":"Whirlwind+1","floor":46.0},{"not_picked":["Caltrops+1","True Grit+1"],"picked":"Escape Plan+1","floor":47},{"not_picked":["Reflex+1","Chill+1"],"picked":"Shrug It Off+1","floor":48},{"not_picked":["Auto Shields+1","Shrug It Off+1"],"picked":"Blur+1","floor":54}],"player_experience":131830,"relics_obtained":[{"floor":6.0,"key":"Turnip"},{"floor":8.0,"key":"Pen Nib"},{"floor":9.0,"key":"Mercury Hourglass"},{"floor":23.0,"key":"Letter Opener"},{"floor":26.0,"key":"Blood Vial"},{"floor":27.0,"key":"Ancient Tea Set"},{"floor":29.0,"key":"Centennial Puzzle"},{"floor":39.0,"key":"FossilizedHelix"},{"floor":40.0,"key":"Toxic Egg 2"},{"floor":42.0,"key":"DataDisk"},{"floor":44.0,"key":"Gremlin Horn"},{"floor":48,"key":"Whetstone"},{"floor":54,"key":"Boot"}],"event_choices":[{"cards_removed":["Strike_B"],"damage_healed":0.0,"max_hp_gain":0.0,"max_hp_loss":0.0,"gold_gain":0.0,"event_name":"Golden Wing","player_choice":"Card Removal","floor":5.0,"gold_loss":0.0,"damage_taken":7.0},{"damage_healed":0.0,"max_hp_gain":0.0,"max_hp_loss":0.0,"gold_gain":275.0,"event_name":"Golden Shrine","player_choice":"Desecrate","floor":11.0,"gold_loss":0.0,"damage_taken":0.0,"cards_obtained":["Regret"]},{"cards_removed":["Strike_B"],"damage_healed":0.0,"max_hp_gain":0.0,"max_hp_loss":0.0,"gold_gain":0.0,"event_name":"Bonfire Elementals","player_choice":"Offered Basic","floor":14.0,"gold_loss":0.0,"damage_taken":0.0},{"damage_healed":0.0,"max_hp_gain":0.0,"max_hp_loss":0.0,"gold_gain":0.0,"event_name":"Addict","player_choice":"Obtained Relic","floor":20.0,"gold_loss":85.0,"damage_taken":0.0,"relics_obtained":["Frozen Egg 2"]},{"damage_healed":0.0,"max_hp_gain":0.0,"max_hp_loss":0.0,"gold_gain":0.0,"event_name":"Vampires","player_choice":"Ignored","floor":21.0,"gold_loss":0.0,"damage_taken":0.0},{"damage_healed":0.0,"max_hp_gain":0.0,"max_hp_loss":0.0,"gold_gain":0.0,"event_name":"MindBloom","player_choice":"Fight","floor":39.0,"gold_loss":0.0,"damage_taken":0.0}],"is_beta":false,"boss_relics":[{"not_picked":["Eternal Feather","Snecko Eye"],"picked":"Cursed Key"},{"not_picked":["White Beast Statue","Runic Dome"],"picked":"Orrery"}],"items_purged_floors":[12,37,45,53],"is_endless":false,"potions_floor_spawned":[4,7,8,16,19,23,29,31,33,35,36,39,42,47,54],"killed_by":"The Heart","ascension_level":2}