{"gold_per_floor":[113,113,32,48,21,48,48,79,79,98,98,110,128,159,159,263,263,280,294,294,294,169,169,188,188,188,220,233,14,41,68,68,164,164,176,398,414,414,414,414,414,414,414,414,462,497,14,29,29,29,29,29,29,29],"floor_reached":54,"playtime":2622,"items_purged":["Endless Agony","Sucker Punch+1","Decay"],"score":869,"play_id":"2469bc6f-d00c-4b28-a8b7-6892d871c45d","local_time":"20190721203102","is_ascension_mode":false,"campfire_choices":[{"data":"Footwork","floor":7,"key":"SMITH"},{"data":"Sucker Punch","floor":11,"key":"SMITH"},{"data":"Predator","floor":15,"key":"SMITH"},{"data":"Malaise","floor":23,"key":"SMITH"},{"data":"Cloak And Dagger","floor":25,"key":"SMITH"},{"data":"Bouncing Flask","floor":32,"key":"SMITH"},{"data":"Survivor","floor":40,"key":"SMITH"},{"data":"Bite","floor":42,"key":"SMITH"},{"floor":44,"key":"RECALL"},{"data":"Bite","floor":49,"key":"SMITH"},{"data":"Bite","floor":52,"key":"SMITH"}],"neow_cost":"NONE","seed_source_timestamp":254527162786341,"circlet_count":0,"master_deck":["Defend_G","Defend_G","Defend_G","Defend_G","Defend_G","Survivor+1","Neutralize+1","Heel Hook+1","Footwork+1","Predator+1","Malaise+1","Cloak And Dagger+1","Bite+1","Bite+1","Bite+1","Bite+1","Skewer+1","Bouncing Flask+1","Bouncing Flask+1","Riddle With Holes+1"],"relics":["Ring of the Snake","Dodecahedron","Ninja Scroll","Juzu Bracelet","Bronze Scales","Busted Crown","Pocketwatch","Pen Nib","Oddly Smooth Stone","Whetstone","Red Mask","Eternal Feather","Calipers","Ginger","DollysMirror","Orichalcum"],"potions_floor_usage":[16,16,33,33],"damage_taken":[{"damage":0,"enemies":"Small Slimes","floor":1,"turns":4},{"damage":3,"enemies":"2 Louse","floor":4,"turns":2},{"damage":24,"enemies":"Gremlin Nob","floor":6,"turns":6},{"damage":5,"enemies":"3 Sentries","floor":8,"turns":10},{"damage":0,"enemies":"Cultist","floor":10,"turns":2},{"damage":0,"enemies":"2 Fungi Beasts","floor":12,"turns":2},{"damage":4,"enemies":"Exordium Thugs","floor":13,"turns":3},{"damage":6,"enemies":"Gremlin Nob","floor":14,"turns":3},{"damage":0,"enemies":"Slime Boss","floor":16,"turns":8},{"damage":0,"enemies":"Chosen","floor":18,"turns":3},{"damage":0,"enemies":"Shell Parasite","floor":19,"turns":3},{"damage":0,"enemies":"3 Cultists","floor":24,"turns":5},{"damage":0,"enemies":"Book of Stabbing","floor":27,"turns":5},{"damage":10,"enemies":"Centurion and Healer","floor":28,"turns":5},{"damage":0,"enemies":"Gremlin Leader","floor":30,"turns":5},{"damage":3,"enemies":"Masked Bandits","floor":31,"turns":4},{"damage":0,"enemies":"Champ","floor":33,"turns":8},{"damage":1,"enemies":"3 Shapes","floor":35,"turns":4},{"damage":3,"enemies":"3 Darklings","floor":37,"turns":4},{"damage":18,"enemies":"2 Orb Walkers","floor":45,"turns":5},{"damage":17,"enemies":"Nemesis","floor":46,"turns":5},{"damage":5,"enemies":"Writhing Mass","floor":48,"turns":6},{"damage":45,"enemies":"Awakened One","floor":50,"turns":19},{"damage":62,"enemies":"Shield and Spear","floor":54,"turns":8}],"seed_played":"1359720575408507401","potions_obtained":[{"floor":1,"key":"Energy Potion"},{"floor":8,"key":"SmokeBomb"},{"floor":10,"key":"Swift Potion"},{"floor":24,"key":"PowerPotion"},{"floor":31,"key":"SteroidPotion"},{"floor":33,"key":"SpeedPotion"},{"floor":35,"key":"Energy Potion"},{"floor":45,"key":"FearPotion"},{"floor":48,"key":"LiquidBronze"}],"is_trial":false,"path_per_floor":["M","?","$","M","$","E","R","E","T","M","R","M","M","E","R","B",null,"M","M","?","?","$","R","M","R","T","E","M","$","E","?","R","B",null,"M","?","M","?","?","R","?","R","T","R","?","E","$","M","R","B",null,"R","$","E"],"character_chosen":"THE_SILENT","items_purchased":["Footwork","Dagger Throw","Dexterity Potion","Bouncing Flask","PowerPotion","DollysMirror","Orichalcum"],"campfire_rested":0,"item_purchase_floors":[3,5,22,29,29,47,47],"current_hp_per_floor":[70,70,70,67,67,43,43,38,38,38,38,38,34,28,28,28,70,70,70,49,49,49,49,49,49,49,49,49,49,49,49,49,49,49,49,49,49,49,49,49,49,49,49,49,45,35,35,37,49,19,49,49,49,0],"gold":29,"neow_bonus":"UPGRADE_CARD","is_prod":false,"is_daily":false,"chose_seed":false,"campfire_upgraded":10,"win_rate":0,"timestamp":1563737462,"path_taken":["M","?","$","M","$","E","R","E","T","M","R","M","M","E","R","BOSS","M","M","?","?","$","R","M","R","T","E","M","$","E","?","R","BOSS","M","?","M","?","?","R","?","R","T","R","?","E","$","M","R","BOSS","R","$","E"],"build_version":"2019-07-17","purchased_purges":3,"victory":false,"max_hp_per_floor":[70,70,70,70,70,70,70,70,70,70,70,70,70,70,70,70,70,70,70,49,49,49,49,49,49,49,49,49,49,49,49,49,49,49,49,49,49,49,49,49,49,49,49,49,49,49,49,49,49,49,49,49,49,49],"card_choices":[{"not_picked":["Escape Plan","Outmaneuver"],"picked":"Heel Hook","floor":1},{"not_picked":["Terror","Slice"],"picked":"Endless Agony","floor":4},{"not_picked":["Flying Knee","Infinite Blades","Accuracy"],"picked":"SKIP","floor":6},{"not_picked":["Dagger Spray","Reflex"],"picked":"Predator","floor":8},{"not_picked":["Dagger Throw","Blade Dance"],"picked":"Sucker Punch","floor":10},{"not_picked":["Backstab","Skewer","Eviscerate"],"picked":"SKIP","floor":12},{"not_picked":["Skewer","Masterful Stab","Endless Agony"],"picked":"SKIP","floor":13},{"not_picked":["Slice","Prepared","Predator"],"picked":"SKIP","floor":14},{"not_picked":["A Thousand Cuts","Venomology"],"picked":"Malaise","floor":16},{"not_picked":["Infinite Blades"],"picked":"SKIP","floor":18},{"not_picked":[],"picked":"Cloak And Dagger","floor":19},{"not_picked":["Underhanded Strike"],"picked":"SKIP","floor":24},{"not_picked":[],"picked":"Skewer","floor":27},{"not_picked":["Blade Dance+1"],"picked":"SKIP","floor":28},{"not_picked":["Riddle With Holes"],"picked":"SKIP","floor":30},{"not_picked":["Blade Dance+1"],"picked":"SKIP","floor":35},{"not_picked":["Underhanded Strike+1"],"picked":"SKIP","floor":37},{"not_picked":["Venomology"],"picked":"SKIP","floor":46},{"not_picked":[],"picked":"Riddle With Holes+1","floor":48}],"player_experience":1720354,"relics_obtained":[{"floor":6,"key":"Dodecahedron"},{"floor":8,"key":"Ninja Scroll"},{"floor":9,"key":"Juzu Bracelet"},{"floor":14,"key":"Bronze Scales"},{"floor":26,"key":"Pen Nib"},{"floor":27,"key":"Oddly Smooth Stone"},{"floor":30,"key":"Whetstone"},{"floor":31,"key":"Red Mask"},{"floor":45,"key":"Calipers"},{"floor":46,"key":"Ginger"}],"event_choices":[{"damage_healed":0,"gold_gain":0,"player_choice":"Grow","damage_taken":0,"max_hp_gain":0,"max_hp_loss":0,"event_name":"Living Wall","floor":2,"gold_loss":0,"cards_upgraded":["Heel Hook"]},{"damage_healed":0,"gold_gain":0,"player_choice":"Became a vampire","damage_taken":0,"max_hp_gain":0,"max_hp_loss":21,"event_name":"Vampires","floor":20,"gold_loss":0,"cards_obtained":["Bite","Bite","Bite","Bite","Bite"]},{"damage_healed":0,"gold_gain":0,"player_choice":"Gave Potion","damage_taken":0,"relics_obtained":["Pocketwatch"],"max_hp_gain":0,"max_hp_loss":0,"event_name":"WeMeetAgain","floor":21,"gold_loss":0},{"damage_healed":0,"gold_gain":0,"player_choice":"Fought Bandits","damage_taken":0,"max_hp_gain":0,"max_hp_loss":0,"event_name":"Masked Bandits","floor":31,"gold_loss":0},{"damage_healed":0,"gold_gain":222,"player_choice":"Wore Mask","damage_taken":0,"max_hp_gain":0,"max_hp_loss":0,"event_name":"Tomb of Lord Red Mask","floor":36,"gold_loss":0},{"cards_removed":["Bite"],"damage_healed":0,"gold_gain":0,"player_choice":"Removed Attack","damage_taken":0,"max_hp_gain":0,"max_hp_loss":0,"event_name":"Falling","floor":38,"gold_loss":0},{"cards_removed":["Dagger Throw"],"damage_healed":0,"gold_gain":0,"player_choice":"Purged","damage_taken":0,"max_hp_gain":0,"max_hp_loss":0,"event_name":"Purifier","floor":39,"gold_loss":0},{"damage_healed":0,"gold_gain":0,"player_choice":"Cursed","damage_taken":0,"max_hp_gain":0,"max_hp_loss":0,"event_name":"Wheel of Change","floor":41,"gold_loss":0,"cards_obtained":["Decay"]},{"damage_healed":0,"gold_gain":0,"player_choice":"Fight","damage_taken":0,"max_hp_gain":0,"max_hp_loss":0,"event_name":"Mysterious Sphere","floor":45,"gold_loss":0}],"is_beta":false,"boss_relics":[{"not_picked":["Fusion Hammer","Velvet Choker"],"picked":"Busted Crown"},{"not_picked":["Pandora\u0027s Box","Sozu"],"picked":"Eternal Feather"}],"items_purged_floors":[22,29,47],"is_endless":false,"potions_floor_spawned":[1,8,10,24,30,31,33,35,45,48],"killed_by":"Shield and Spear","ascension_level":0}