{"gold_per_floor":[112,112,130,150,150,150,22,38,38,54,4,38,38,113,113,236,236,260,260,281,8,28,28,99,99,125,140,140,3,24,68,68,189,189,205,205,220,235,260,260,260,301,325,85,85,108,126,164,164,164],"floor_reached":51,"playtime":2994,"items_purged":["Strike_B","Strike_B","Defend_B"],"score":872,"play_id":"531cae7e-43d1-4215-886a-16d450c9bade","local_time":"20190516141521","is_ascension_mode":false,"campfire_choices":[{"data":"ReplayTheSpireMod:Calculation Training","floor":6,"key":"SMITH"},{"data":"Chaos","floor":13,"key":"SMITH"},{"data":"Coolheaded","floor":15,"key":"SMITH"},{"data":"ReplayTheSpireMod:Calculation Training","floor":23,"key":"SMITH"},{"data":"Self Repair","floor":28,"key":"SMITH"},{"data":"Defend_B","floor":32,"key":"PURGE"},{"data":"Fission","floor":45,"key":"SMITH"},{"data":"Echo Form","floor":49,"key":"SMITH"}],"neow_cost":"NONE","seed_source_timestamp":92958598927604,"circlet_count":0,"master_deck":["Defend_B","Defend_B","Zap","Dualcast","Ball Lightning","Chaos+1","ReplayTheSpireMod:Calculation Training+1","Coolheaded+1","Self Repair+1","Coolheaded","Compile Driver","Echo Form+1","Coolheaded+1","ReplayTheSpireMod:Calculation Training+1","Blizzard","Fission+1","Double Energy","White Noise+1","Echo Form","Fusion+1","Apotheosis","Discovery","Deep Breath","Double Energy","Coolheaded+1","Blizzard","FIFO Queue","Coolheaded+1","Biased Cognition","Hologram+1"],"relics":["Cracked Core","Golden Idol","ReplayFunnel","Symbiotic Virus","Philosopher\u0027s Stone","Runic Capacitor","Tiny Chest","Bronze Scales","Omamori","Nuclear Battery","Ancient Bracer","Prayer Wheel","Art of War","PreservedInsect"],"potions_floor_usage":[10,31,38,48,50,50],"damage_taken":[{"damage":0,"enemies":"Small Slimes","floor":1,"turns":4},{"damage":0,"enemies":"Cultist","floor":3,"turns":4},{"damage":1,"enemies":"Jaw Worm","floor":4,"turns":3},{"damage":7,"enemies":"Looter","floor":8,"turns":3},{"damage":16,"enemies":"3 Louse","floor":10,"turns":4},{"damage":0,"enemies":"Lagavulin","floor":12,"turns":7},{"damage":6,"enemies":"The Guardian","floor":16,"turns":8},{"damage":2,"enemies":"Spheric Guardian","floor":18,"turns":4},{"damage":9,"enemies":"Shell Parasite","floor":20,"turns":4},{"damage":18,"enemies":"Shelled Parasite and Fungi","floor":22,"turns":5},{"damage":13,"enemies":"Gremlin Leader","floor":24,"turns":5},{"damage":18,"enemies":"Centurion and Healer","floor":27,"turns":6},{"damage":7,"enemies":"Chosen and Byrds","floor":30,"turns":6},{"damage":5,"enemies":"Book of Stabbing","floor":31,"turns":4},{"damage":0,"enemies":"Automaton","floor":33,"turns":7},{"damage":14,"enemies":"3 Darklings","floor":35,"turns":3},{"damage":11,"enemies":"3 Shapes","floor":37,"turns":4},{"damage":18,"enemies":"Writhing Mass","floor":38,"turns":5},{"damage":0,"enemies":"Spire Growth","floor":39,"turns":5},{"damage":0,"enemies":"Nemesis","floor":42,"turns":5},{"damage":0,"enemies":"Sphere and 2 Shapes","floor":46,"turns":3},{"damage":18,"enemies":"4 Shapes","floor":47,"turns":4},{"damage":7,"enemies":"Reptomancer","floor":48,"turns":6},{"damage":18,"enemies":"Donu and Deca","floor":50,"turns":3}],"seed_played":"4341813757775780566","potions_obtained":[{"floor":3,"key":"Toxic Potion"},{"floor":8,"key":"AttackPotion"},{"floor":16,"key":"Strength Potion"},{"floor":22,"key":"GamblersBrew"},{"floor":35,"key":"EssenceOfSteel"},{"floor":46,"key":"Dexterity Potion"},{"floor":48,"key":"Weak Potion"}],"is_trial":false,"path_per_floor":["M","?","M","M","?","R","$","M","T","M","?","E","R","?","R","B",null,"M","?","M","$","M","R","E","?","T","M","R","$","M","E","R","B",null,"M","T","M","M","M","?","?","E","T","$","R","M","M","E","R","B",null],"character_chosen":"DEFECT","items_purchased":["Coolheaded","Self Repair","Runic Capacitor","Double Energy","Blizzard","FIFO Queue"],"campfire_rested":0,"item_purchase_floors":[7,7,21,29,44,44],"current_hp_per_floor":[75,68,68,67,49,49,49,49,49,40,40,47,47,36,36,37,75,75,75,66,66,55,55,49,49,49,38,38,38,51,66,66,75,75,75,75,75,75,75,65,65,75,75,75,75,75,75,75,75,67],"gold":164,"neow_bonus":"REMOVE_CARD","is_prod":false,"is_daily":false,"chose_seed":false,"campfire_upgraded":7,"win_rate":0,"timestamp":1558012521,"path_taken":["M","?","M","?","?","R","$","M","T","M","?","E","R","?","R","BOSS","M","?","M","$","M","R","E","?","T","?","R","?","M","E","R","BOSS","M","?","M","?","M","?","?","E","T","$","R","?","M","E","R","BOSS"],"build_version":"2019-01-23","purchased_purges":3,"victory":true,"max_hp_per_floor":[75,75,75,75,75,75,75,75,75,75,75,75,75,75,75,75,75,75,75,75,75,75,75,75,75,75,75,75,75,75,75,75,75,75,75,75,75,75,75,75,75,75,75,75,75,75,75,75,75,75],"card_choices":[{"not_picked":["Sweeping Beam","Barrage"],"picked":"Ball Lightning","floor":1},{"not_picked":["ReplayTheSpireMod:Repulse","ReplayTheSpireMod:System Scan"],"picked":"Chaos","floor":3},{"not_picked":["Panic Button","Compile Driver"],"picked":"ReplayTheSpireMod:Calculation Training","floor":4},{"not_picked":["Gash","Self Repair","Heatsinks"],"picked":"SKIP","floor":8},{"not_picked":["Steam","Thunder Strike"],"picked":"Coolheaded","floor":10},{"not_picked":["Darkness","Lockon"],"picked":"Compile Driver","floor":12},{"not_picked":["ReplayRNGCard","Mirror Shield"],"picked":"Echo Form","floor":16},{"not_picked":["Beam Cell","Gash","FTL"],"picked":"SKIP","floor":18},{"not_picked":["Steam Power+1","Reinforced Body"],"picked":"Coolheaded+1","floor":20},{"not_picked":["Time Bomb","ReplayTheSpireMod:GoodbyeWorld"],"picked":"ReplayTheSpireMod:Calculation Training","floor":22},{"not_picked":["Cold Snap","Auto Shields"],"picked":"Blizzard","floor":24},{"not_picked":["Sunder+1","Fusion+1"],"picked":"Fission","floor":27},{"not_picked":["Panic Button","Cold Snap"],"picked":"White Noise+1","floor":30},{"not_picked":["Compile Driver","Leap","Sweeping Beam"],"picked":"SKIP","floor":31},{"not_picked":["Compile Driver","Leap","Sweeping Beam"],"picked":"SKIP","floor":31},{"not_picked":["Amplify","Multi-Cast"],"picked":"Echo Form","floor":33},{"not_picked":["Leap","Ball Lightning","BasicCrystalCard+1"],"picked":"SKIP","floor":35},{"not_picked":["Reprogram","Steam Power","Steam"],"picked":"SKIP","floor":37},{"not_picked":["Darkness","ReplayTheSpireMod:System Scan"],"picked":"Fusion+1","floor":38},{"not_picked":["Conserve Battery+1","Fusion+1","Hologram+1"],"picked":"SKIP","floor":39},{"not_picked":["Replay:Sssssssssshield","Transmutation"],"picked":"Apotheosis","floor":40},{"not_picked":["Finesse","Enlightenment"],"picked":"Discovery","floor":40},{"not_picked":["Survey Options","Bandage Up"],"picked":"Deep Breath","floor":40},{"not_picked":["Stack","ReplayTheSpireMod:System Scan"],"picked":"Coolheaded+1","floor":42},{"not_picked":["Stack+1","Fusion+1"],"picked":"Coolheaded+1","floor":46},{"not_picked":["Go for the Eyes","Panic Button","Redo"],"picked":"SKIP","floor":46},{"not_picked":["Go for the Eyes","Panic Button","Redo"],"picked":"SKIP","floor":46},{"not_picked":["ReplayTheSpireMod:Repulse+1","Genetic Algorithm"],"picked":"Biased Cognition","floor":47},{"not_picked":["Compile Driver","Redo","Sunder"],"picked":"SKIP","floor":47},{"not_picked":["Amplify","Stack+1"],"picked":"Hologram+1","floor":48}],"player_experience":1433042,"relics_obtained":[{"floor":9,"key":"ReplayFunnel"},{"floor":12,"key":"Symbiotic Virus"},{"floor":24,"key":"Tiny Chest"},{"floor":26,"key":"Bronze Scales"},{"floor":31,"key":"Omamori"},{"floor":36,"key":"Ancient Bracer"},{"floor":42,"key":"Prayer Wheel"},{"floor":43,"key":"Art of War"},{"floor":48,"key":"PreservedInsect"}],"event_choices":[{"damage_healed":0,"gold_gain":0,"player_choice":"Damaged","damage_taken":7,"max_hp_gain":0,"max_hp_loss":0,"event_name":"Wheel of Change","floor":2,"gold_loss":0},{"damage_healed":0,"gold_gain":0,"player_choice":"Take Damage","damage_taken":18,"relics_obtained":["Golden Idol"],"max_hp_gain":0,"max_hp_loss":0,"event_name":"Golden Idol","floor":5,"gold_loss":0},{"cards_removed":["Strike_B"],"damage_healed":0,"gold_gain":0,"player_choice":"Card Removal","damage_taken":0,"max_hp_gain":0,"max_hp_loss":0,"event_name":"The Cleric","floor":11,"gold_loss":50},{"damage_healed":0,"gold_gain":75,"player_choice":"Gather Gold","damage_taken":11,"max_hp_gain":0,"max_hp_loss":0,"event_name":"World of Goop","floor":14,"gold_loss":0},{"damage_healed":0,"gold_gain":0,"player_choice":"Ignored","damage_taken":0,"max_hp_gain":0,"max_hp_loss":0,"event_name":"Ghosts","floor":19,"gold_loss":0},{"damage_healed":0,"gold_gain":0,"player_choice":"Bought 0 Potions","damage_taken":0,"max_hp_gain":0,"max_hp_loss":0,"event_name":"The Woman in Blue","floor":25,"gold_loss":0},{"damage_healed":0,"gold_gain":0,"player_choice":"Memory 3","damage_taken":10,"max_hp_gain":0,"max_hp_loss":0,"event_name":"SensoryStone","floor":40,"gold_loss":0},{"damage_healed":0,"gold_gain":0,"player_choice":"1 cards matched","damage_taken":0,"max_hp_gain":0,"max_hp_loss":0,"event_name":"Match and Keep!","floor":41,"gold_loss":0,"cards_obtained":["Double Energy"]}],"is_beta":false,"boss_relics":[{"not_picked":["Tiny House","Honey Jar"],"picked":"Philosopher\u0027s Stone"},{"not_picked":["Replay:Bronze Core","Pandora\u0027s Box"],"picked":"Nuclear Battery"}],"items_purged_floors":[21,29,44],"is_endless":false,"potions_floor_spawned":[3,8,16,22,27,30,35,46,48],"ascension_level":0}