{"gold_per_floor":[219,68,68,85,85,85,118,147,147,163,338,357,387,462,462,462],"floor_reached":16,"playtime":695,"items_purged":["Strike_R"],"score":151,"play_id":"1152d71e-ce98-4991-994f-94c0e9881718","local_time":"20191015202318","is_ascension_mode":true,"campfire_choices":[{"data":"Bash","floor":6,"key":"SMITH"},{"data":"Armaments","floor":15,"key":"SMITH"}],"neow_cost":"NONE","seed_source_timestamp":804650028477700,"circlet_count":0,"master_deck":["Strike_R","Strike_R","Strike_R","Strike_R","Defend_R","Defend_R","Defend_R","Defend_R","Bash+1","True Grit","Armaments+1","Cleave","Iron Wave","Flex+1","Disarm+1","Rage+1","Doubt","Shrug It Off+1","Shrug It Off+1"],"relics":["Burning Blood","Regal Pillow","Toxic Egg 2","Odd Mushroom","HornCleat","Blood Vial"],"potions_floor_usage":[7,16],"damage_taken":[{"damage":3,"enemies":"2 Louse","floor":1,"turns":3},{"damage":11,"enemies":"Jaw Worm","floor":4,"turns":5},{"damage":20,"enemies":"Gremlin Nob","floor":7,"turns":5},{"damage":0,"enemies":"The Mushroom Lair","floor":8,"turns":4},{"damage":0,"enemies":"Small Slimes","floor":10,"turns":4},{"damage":2,"enemies":"Exordium Wildlife","floor":12,"turns":5},{"damage":26,"enemies":"3 Sentries","floor":13,"turns":14},{"damage":48,"enemies":"Hexaghost","floor":16,"turns":18}],"seed_played":"-3495910132189735168","potions_obtained":[{"floor":4,"key":"Weak Potion"},{"floor":8,"key":"Energy Potion"},{"floor":13,"key":"Block Potion"}],"is_trial":false,"path_per_floor":["M","$","?","M","?","R","E","?","T","M","?","M","E","?","R","B"],"character_chosen":"IRONCLAD","items_purchased":["Armaments","Cleave"],"campfire_rested":0,"item_purchase_floors":[2,2],"current_hp_per_floor":[75,75,80,75,72,72,58,64,64,70,70,74,54,43,43,0],"gold":462,"neow_bonus":"HUNDRED_GOLD","is_prod":false,"is_daily":false,"chose_seed":false,"campfire_upgraded":2,"win_rate":0,"timestamp":1571160198,"path_taken":["M","$","?","M","?","R","E","?","T","?","?","M","E","?","R","BOSS"],"build_version":"2019-10-14","purchased_purges":1,"victory":false,"max_hp_per_floor":[80,80,85,85,85,85,85,85,85,85,85,85,85,85,85,85],"card_choices":[{"not_picked":["Havoc","Perfected Strike"],"picked":"True Grit","floor":1},{"not_picked":["Sever Soul","Whirlwind"],"picked":"Iron Wave","floor":4},{"not_picked":["Thunderclap","Whirlwind"],"picked":"Flex","floor":7},{"not_picked":["Armaments+1","Body Slam"],"picked":"Disarm+1","floor":8},{"not_picked":["Headbutt","Pommel Strike"],"picked":"Rage+1","floor":10},{"not_picked":["Feel No Pain","Pommel Strike"],"picked":"Shrug It Off+1","floor":12},{"not_picked":["Warcry+1","Bludgeon"],"picked":"Shrug It Off+1","floor":13}],"player_experience":403139,"relics_obtained":[{"floor":7,"key":"Toxic Egg 2"},{"floor":8,"key":"Odd Mushroom"},{"floor":9,"key":"HornCleat"},{"floor":13,"key":"Blood Vial"}],"event_choices":[{"damage_healed":0,"gold_gain":0,"player_choice":"Donut","damage_taken":0,"max_hp_gain":5,"max_hp_loss":0,"event_name":"Big Fish","floor":3,"gold_loss":0},{"damage_healed":0,"gold_gain":0,"player_choice":"Success","damage_taken":3,"relics_obtained":["Regal Pillow"],"max_hp_gain":0,"max_hp_loss":0,"event_name":"Scrap Ooze","floor":5,"gold_loss":0},{"damage_healed":0,"gold_gain":0,"player_choice":"Fought Mushrooms","damage_taken":0,"max_hp_gain":0,"max_hp_loss":0,"event_name":"Mushrooms","floor":8,"gold_loss":0},{"damage_healed":0,"gold_gain":175,"player_choice":"AGREE","damage_taken":0,"max_hp_gain":0,"max_hp_loss":0,"event_name":"Liars Game","floor":11,"gold_loss":0,"cards_obtained":["Doubt"]},{"damage_healed":0,"gold_gain":75,"player_choice":"Gather Gold","damage_taken":11,"max_hp_gain":0,"max_hp_loss":0,"event_name":"World of Goop","floor":14,"gold_loss":0}],"is_beta":true,"boss_relics":[],"items_purged_floors":[2],"is_endless":false,"potions_floor_spawned":[4,8,13],"killed_by":"Hexaghost","ascension_level":8}