{"gold_per_floor":[113,123,133,143,143,143,175,197,234,271,283,307,333,372,384,473,485,508,542,564,588,600,612,644,656,668,299,311,65,78,78,78,150,150,161,4,23,41,41,71,71,81,81,101,101,101,101,111,111,111,111],"floor_reached":51,"playtime":2657,"items_purged":["Regret","Defend_R"],"score":1310,"play_id":"711d38f8-7d1d-4eb3-bbe9-13a6110e4e07","local_time":"20191023161338","is_ascension_mode":true,"campfire_choices":[{"data":"Rampage","floor":6.0,"key":"SMITH"},{"data":"Flame Barrier","floor":15.0,"key":"SMITH"},{"floor":23.0,"key":"REST"},{"data":"Spot Weakness","floor":32.0,"key":"SMITH"},{"data":"Double Tap","floor":41.0,"key":"SMITH"},{"floor":45.0,"key":"REST"},{"data":"Sword Boomerang","floor":47.0,"key":"SMITH"},{"data":"Sword Boomerang","floor":49.0,"key":"SMITH"}],"neow_cost":"NONE","seed_source_timestamp":950015323474900,"circlet_count":0,"master_deck":["AscendersBane","Strike_R","Strike_R","Strike_R","Strike_R","Defend_R","Defend_R","Defend_R","Bash","Spot Weakness+1","Sword Boomerang+1","Headbutt","Rampage+1","Sword Boomerang+1","Headbutt","Flame Barrier+1","Immolate","Double Tap+1","Shrug It Off","Evolve","Shrug It Off","Pummel","Impervious","True Grit","Disarm+1","Ghostly Armor","Shrug It Off","Headbutt+1"],"special_seed":0,"relics":["Burning Blood","Anchor","MawBank","Oddly Smooth Stone","Ancient Tea Set","Boot","Velvet Choker","Dodecahedron","Brimstone","ClockworkSouvenir","SlaversCollar","Smiling Mask","Letter Opener"],"potions_floor_usage":[51],"damage_taken":[{"damage":1.0,"enemies":"Cultist","floor":1.0,"turns":3.0},{"damage":4.0,"enemies":"Small Slimes","floor":2.0,"turns":4.0},{"damage":0.0,"enemies":"2 Louse","floor":3.0,"turns":2.0},{"damage":2.0,"enemies":"Looter","floor":4.0,"turns":4.0},{"damage":39.0,"enemies":"Gremlin Nob","floor":7.0,"turns":4.0},{"damage":0.0,"enemies":"Blue Slaver","floor":8.0,"turns":2.0},{"damage":33.0,"enemies":"3 Sentries","floor":10.0,"turns":6.0},{"damage":0.0,"enemies":"Exordium Wildlife","floor":12.0,"turns":2.0},{"damage":1.0,"enemies":"Looter","floor":13.0,"turns":3.0},{"damage":31.0,"enemies":"Lagavulin","floor":14.0,"turns":6.0},{"damage":5.0,"enemies":"Hexaghost","floor":16.0,"turns":7.0},{"damage":13.0,"enemies":"Spheric Guardian","floor":18.0,"turns":3.0},{"damage":12.0,"enemies":"3 Byrds","floor":19.0,"turns":4.0},{"damage":34.0,"enemies":"Shelled Parasite and Fungi","floor":20.0,"turns":4.0},{"damage":14.0,"enemies":"Snake Plant","floor":21.0,"turns":3.0},{"damage":4.0,"enemies":"Centurion and Healer","floor":24.0,"turns":5.0},{"damage":13.0,"enemies":"Snecko","floor":28.0,"turns":4.0},{"damage":1.0,"enemies":"Shelled Parasite and Fungi","floor":30.0,"turns":3.0},{"damage":53.0,"enemies":"Collector","floor":33.0,"turns":6.0},{"damage":2.0,"enemies":"Orb Walker","floor":35.0,"turns":2.0},{"damage":10.0,"enemies":"3 Darklings","floor":37.0,"turns":4.0},{"damage":19.0,"enemies":"Sphere and 2 Shapes","floor":38.0,"turns":4.0},{"damage":42.0,"enemies":"Giant Head","floor":40.0,"turns":6.0},{"damage":19.0,"enemies":"Maw","floor":42.0,"turns":6.0},{"damage":7.0,"enemies":"Jaw Worm Horde","floor":44.0,"turns":4.0},{"damage":0.0,"enemies":"Transient","floor":48.0,"turns":6.0},{"damage":61.0,"enemies":"Donu and Deca","floor":50.0,"turns":4.0},{"damage":18,"enemies":"Awakened One","floor":51,"turns":2}],"seed_played":"3623883356834750695","potions_obtained":[{"floor":1.0,"key":"CultistPotion"},{"floor":3.0,"key":"Fire Potion"},{"floor":11.0,"key":"DistilledChaos"},{"floor":13.0,"key":"DuplicationPotion"},{"floor":21.0,"key":"PowerPotion"},{"floor":28.0,"key":"Block Potion"},{"floor":33.0,"key":"Dexterity Potion"},{"floor":40.0,"key":"FearPotion"},{"floor":42.0,"key":"FearPotion"},{"floor":44.0,"key":"SteroidPotion"},{"floor":48.0,"key":"GamblersBrew"}],"is_trial":false,"path_per_floor":["M","M","M","M","?","R","E","M","T","E","?","M","M","E","R","B",null,"M","M","M","M","?","R","M","?","T","$","M","$","M","?","R","B",null,"M","$","M","M","$","E","R","M","T","M","R","?","R","M","R","B","B"],"character_chosen":"IRONCLAD","items_purchased":["Brimstone","Evolve","Shrug It Off","ClockworkSouvenir","Pummel","True Grit"],"campfire_rested":2,"item_purchase_floors":[27,27,27,29,29,36],"current_hp_per_floor":[73,75,75,75,75,75,42,48,48,21,21,27,32,7,7,8,58,51,45,17,9,9,31,33,48,48,48,41,41,46,85,85,38,73,77,77,73,60,60,24,24,11,11,10,35,70,70,70,70,15,0],"gold":111,"neow_bonus":"TRANSFORM_CARD","is_prod":false,"is_daily":false,"chose_seed":false,"campfire_upgraded":6,"win_rate":0,"timestamp":1571861618,"path_taken":["M","M","M","M","?","R","E","M","T","E","?","M","?","E","R","BOSS","M","?","M","M","?","R","M","?","T","$","M","?","?","?","R","BOSS","M","$","?","?","?","E","R","M","T","M","R","?","R","M","R","BOSS","BOSS"],"build_version":"2019-10-22","purchased_purges":2,"victory":false,"max_hp_per_floor":[75,75,75,75,75,75,75,75,75,75,75,75,75,75,75,75,75,75,75,75,75,75,75,75,75,75,75,75,75,75,85,85,85,85,85,85,85,85,85,85,85,85,85,85,85,70,70,70,70,70,70],"card_choices":[{"not_picked":["Hemokinesis","Flex"],"picked":"Sword Boomerang","floor":1.0},{"not_picked":["Dropkick","Body Slam"],"picked":"Headbutt","floor":2.0},{"not_picked":["Perfected Strike","Havoc"],"picked":"Rampage","floor":3.0},{"not_picked":["Iron Wave","Dark Embrace"],"picked":"Sword Boomerang","floor":4.0},{"not_picked":["Twin Strike","Clothesline","Seeing Red"],"picked":"SKIP","floor":7.0},{"not_picked":["Burning Pact","Spot Weakness"],"picked":"Headbutt","floor":8.0},{"not_picked":["Exhume","Wild Strike","Clothesline"],"picked":"SKIP","floor":10.0},{"not_picked":["Warcry","Ghostly Armor"],"picked":"Flame Barrier","floor":12.0},{"not_picked":["Flex","Clothesline","Seeing Red"],"picked":"SKIP","floor":13.0},{"not_picked":["Anger","Havoc"],"picked":"Immolate","floor":14.0},{"not_picked":["Juggernaut","Corruption"],"picked":"Exhume","floor":16.0},{"not_picked":["Twin Strike","Iron Wave","Heavy Blade"],"picked":"SKIP","floor":18.0},{"not_picked":["Clash","Sentinel","Clothesline+1"],"picked":"SKIP","floor":19.0},{"not_picked":["Anger","Feel No Pain"],"picked":"Double Tap","floor":20.0},{"not_picked":["Sword Boomerang","Clothesline+1"],"picked":"Shrug It Off","floor":21.0},{"not_picked":["Twin Strike","Flex","Pommel Strike"],"picked":"SKIP","floor":24.0},{"not_picked":["Sword Boomerang","Blood for Blood","Evolve"],"picked":"SKIP","floor":28.0},{"not_picked":["Double Tap","Thunderclap","Carnage"],"picked":"SKIP","floor":30.0},{"not_picked":["Berserk","Bludgeon"],"picked":"Impervious","floor":33.0},{"not_picked":["Searing Blow","Rampage","Carnage"],"picked":"SKIP","floor":35.0},{"not_picked":["Sword Boomerang","Sentinel+1"],"picked":"Disarm+1","floor":37.0},{"not_picked":["Metallicize","Seeing Red"],"picked":"Ghostly Armor","floor":38.0},{"not_picked":["Heavy Blade","Clash","Feel No Pain"],"picked":"SKIP","floor":40.0},{"not_picked":["Infernal Blade","Clothesline+1"],"picked":"Shrug It Off","floor":42.0},{"not_picked":["Thunderclap","Iron Wave","Armaments"],"picked":"SKIP","floor":44.0},{"not_picked":["Wild Strike","Clash+1"],"picked":"Headbutt+1","floor":48.0}],"player_experience":930124,"relics_obtained":[{"floor":7.0,"key":"MawBank"},{"floor":9.0,"key":"Oddly Smooth Stone"},{"floor":10.0,"key":"Ancient Tea Set"},{"floor":14.0,"key":"Boot"},{"floor":26.0,"key":"Dodecahedron"},{"floor":40.0,"key":"Smiling Mask"},{"floor":43.0,"key":"Letter Opener"}],"event_choices":[{"damage_healed":0.0,"max_hp_gain":0.0,"max_hp_loss":0.0,"gold_gain":0.0,"event_name":"Big Fish","player_choice":"Box","floor":5.0,"gold_loss":0.0,"damage_taken":0.0,"relics_obtained":["Anchor"],"cards_obtained":["Regret"]},{"damage_healed":0.0,"max_hp_gain":0.0,"max_hp_loss":0.0,"gold_gain":0.0,"event_name":"Lab","player_choice":"Got Potions","floor":11.0,"gold_loss":0.0,"damage_taken":0.0},{"damage_healed":0.0,"max_hp_gain":0.0,"max_hp_loss":0.0,"gold_gain":0.0,"event_name":"Cursed Tome","player_choice":"Ignored","floor":22.0,"gold_loss":0.0,"damage_taken":0.0},{"damage_healed":15.0,"max_hp_gain":0.0,"max_hp_loss":0.0,"gold_gain":0.0,"event_name":"The Library","player_choice":"Heal","floor":25.0,"gold_loss":0.0,"damage_taken":0.0},{"cards_removed":["Exhume"],"damage_healed":29.0,"max_hp_gain":10.0,"max_hp_loss":0.0,"gold_gain":0.0,"event_name":"Bonfire Elementals","player_choice":"Offered Rare","floor":31.0,"gold_loss":0.0,"damage_taken":0.0},{"damage_healed":70.0,"max_hp_gain":0.0,"max_hp_loss":15.0,"gold_gain":0.0,"event_name":"The Moai Head","player_choice":"Heal","floor":46.0,"gold_loss":0.0,"damage_taken":0.0}],"is_beta":true,"boss_relics":[{"not_picked":["Snecko Eye","Sozu"],"picked":"Velvet Choker"},{"not_picked":["Busted Crown","Black Star"],"picked":"SlaversCollar"}],"items_purged_floors":[27,36],"is_endless":false,"potions_floor_spawned":[1,3,13,14,21,28,33,40,42,44,48],"killed_by":"Awakened One","ascension_level":20}