{"gold_per_floor":[214,232,250,250,263,263,301,313,352,399,427,454,466,443,455,592,604,637,663,334,359,378,412,412,455,455,455,455,474,474,513,513,643,643,661,661,483,53,71,105,105,136,136,149,149,21,35,70,70,70,70,70,24,62,62],"floor_reached":56,"playtime":3329,"items_purged":["Strike_G","Defend_G","Strike_G","Strike_G"],"score":1703,"play_id":"6008b874-d5ed-48ad-a1f8-b218a5a0e89a","local_time":"20190917195950","is_ascension_mode":true,"campfire_choices":[{"data":"Crippling Poison","floor":6,"key":"SMITH"},{"data":"Glass Knife","floor":13,"key":"SMITH"},{"data":"Neutralize","floor":15,"key":"SMITH"},{"floor":24,"key":"REST"},{"floor":27,"key":"REST"},{"data":"Caltrops","floor":30,"key":"SMITH"},{"data":"Footwork","floor":32,"key":"SMITH"},{"data":"Strike_G","floor":41,"key":"PURGE"},{"floor":49,"key":"RECALL"},{"data":"Defend_G","floor":52,"key":"PURGE"}],"neow_cost":"NONE","seed_source_timestamp":234631255305500,"circlet_count":0,"master_deck":["Defend_G","Defend_G","Defend_G","Survivor","Neutralize+1","Crippling Poison+1","Flying Knee","Glass Knife+1","Bane","Cloak And Dagger","Corpse Explosion","Escape Plan","Corpse Explosion","Caltrops+1","Footwork+1","Deflect","Purity","PiercingWail+1","Blur+1","Ghostly+1","Ghostly+1","Ghostly+1","Ghostly+1","Ghostly+1","Prepared+1","Malaise+1","Acrobatics+1","Deadly Poison+1","Bandage Up+1","Caltrops+1","PiercingWail+1","Outmaneuver+1","Concentrate+1","Deadly Poison+1","Deadly Poison+1"],"relics":["Ring of the Snake","Golden Idol","MawBank","Omamori","Smiling Mask","Runic Pyramid","Art of War","Dodecahedron","PreservedInsect","Toxic Egg 2","Dream Catcher","Philosopher\u0027s Stone","Happy Flower","DollysMirror","Peace Pipe","Potion Belt","Anchor","Bottled Lightning"],"potions_floor_usage":[10,16,21,25,25,33,54,55,55,55,55],"damage_taken":[{"damage":0,"enemies":"Jaw Worm","floor":1,"turns":6},{"damage":5,"enemies":"Small Slimes","floor":2,"turns":3},{"damage":0,"enemies":"Cultist","floor":3,"turns":4},{"damage":0,"enemies":"Looter","floor":5,"turns":3},{"damage":17,"enemies":"Lagavulin","floor":7,"turns":8},{"damage":2,"enemies":"3 Sentries","floor":10,"turns":8},{"damage":1,"enemies":"Blue Slaver","floor":11,"turns":3},{"damage":4,"enemies":"Exordium Thugs","floor":12,"turns":3},{"damage":20,"enemies":"Slime Boss","floor":16,"turns":8},{"damage":4,"enemies":"3 Byrds","floor":18,"turns":3},{"damage":13,"enemies":"2 Thieves","floor":19,"turns":3},{"damage":8,"enemies":"Snake Plant","floor":21,"turns":6},{"damage":22,"enemies":"Snecko","floor":22,"turns":5},{"damage":0,"enemies":"Gremlin Leader","floor":23,"turns":7},{"damage":25,"enemies":"Book of Stabbing","floor":25,"turns":6},{"damage":2,"enemies":"Chosen and Byrds","floor":29,"turns":7},{"damage":0,"enemies":"Slavers","floor":31,"turns":2},{"damage":0,"enemies":"Collector","floor":33,"turns":13},{"damage":0,"enemies":"3 Darklings","floor":35,"turns":3},{"damage":0,"enemies":"3 Shapes","floor":39,"turns":2},{"damage":0,"enemies":"Reptomancer","floor":40,"turns":7},{"damage":6,"enemies":"Giant Head","floor":42,"turns":8},{"damage":0,"enemies":"Sphere and 2 Shapes","floor":44,"turns":6},{"damage":0,"enemies":"4 Shapes","floor":47,"turns":4},{"damage":0,"enemies":"Nemesis","floor":48,"turns":7},{"damage":0,"enemies":"Awakened One","floor":50,"turns":16},{"damage":0,"enemies":"Shield and Spear","floor":54,"turns":5},{"damage":12,"enemies":"The Heart","floor":55,"turns":10}],"seed_played":"-3373395638326992852","potions_obtained":[{"floor":3,"key":"Strength Potion"},{"floor":5,"key":"PowerPotion"},{"floor":10,"key":"Weak Potion"},{"floor":11,"key":"SkillPotion"},{"floor":18,"key":"Poison Potion"},{"floor":22,"key":"Energy Potion"},{"floor":25,"key":"Fire Potion"},{"floor":29,"key":"Strength Potion"},{"floor":35,"key":"Fire Potion"},{"floor":42,"key":"AttackPotion"}],"is_trial":false,"path_per_floor":["M","M","M","?","M","R","E","?","T","E","M","M","R","?","R","B",null,"M","M","$","M","M","E","R","E","T","R","?","M","R","E","R","B",null,"M","?","$","$","M","E","R","E","T","M","?","$","M","E","R","B",null,"R","$","E","B",null],"character_chosen":"THE_SILENT","items_purchased":["Art of War","Deflect","Purity","Deadly Poison+1","GhostInAJar","Bandage Up+1","Happy Flower","DollysMirror","DuplicationPotion","Deadly Poison+1"],"campfire_rested":2,"item_purchase_floors":[20,20,20,37,37,38,38,38,46,53],"current_hp_per_floor":[70,65,65,48,48,48,31,24,24,22,21,17,17,34,34,14,70,66,53,53,45,23,23,44,19,19,40,35,33,33,33,33,33,35,35,35,35,35,35,35,35,35,35,35,35,35,35,35,35,35,35,35,35,35,29],"gold":62,"neow_bonus":"HUNDRED_GOLD","is_prod":false,"is_daily":false,"chose_seed":false,"campfire_upgraded":5,"win_rate":0,"timestamp":1568746790,"path_taken":["M","M","M","?","M","R","E","?","T","E","?","M","R","?","R","BOSS","M","M","$","M","M","E","R","E","T","R","?","M","R","E","R","BOSS","M","?","?","$","M","E","R","E","T","M","?","$","M","E","R","BOSS","R","$","E","BOSS"],"build_version":"2019-09-17","purchased_purges":4,"victory":true,"max_hp_per_floor":[70,70,70,70,70,70,70,70,70,70,70,70,70,70,70,70,70,70,70,70,70,70,70,70,70,70,70,35,35,35,35,35,35,35,35,35,35,35,35,35,35,35,35,35,35,35,35,35,35,35,35,35,35,35,35],"card_choices":[{"not_picked":["PiercingWail","Sucker Punch"],"picked":"Crippling Poison","floor":1},{"not_picked":["Eviscerate","Blade Dance"],"picked":"Flying Knee","floor":2},{"not_picked":["Slice","Sucker Punch"],"picked":"Glass Knife","floor":3},{"not_picked":["Quick Slash","Infinite Blades"],"picked":"Bane","floor":5},{"not_picked":["Riddle With Holes","Dagger Throw"],"picked":"Cloak And Dagger","floor":7},{"not_picked":["Dagger Throw","Grand Finale"],"picked":"Corpse Explosion","floor":10},{"not_picked":["Flying Knee","Choke"],"picked":"Escape Plan","floor":11},{"not_picked":["Sucker Punch","Blade Dance","Calculated Gamble"],"picked":"SKIP","floor":12},{"not_picked":["Bullet Time","Venomology"],"picked":"Corpse Explosion","floor":16},{"not_picked":["Terror","Poisoned Stab+1"],"picked":"Caltrops","floor":18},{"not_picked":["Poisoned Stab","Calculated Gamble"],"picked":"Footwork","floor":19},{"not_picked":["Quick Slash","Well Laid Plans","Distraction"],"picked":"SKIP","floor":21},{"not_picked":["Heel Hook","Quick Slash"],"picked":"PiercingWail+1","floor":22},{"not_picked":["Escape Plan","Flying Knee+1"],"picked":"Blur+1","floor":23},{"not_picked":["Unload","Slice+1","Blade Dance"],"picked":"SKIP","floor":25},{"not_picked":["Noxious Fumes","Flying Knee+1"],"picked":"Acrobatics+1","floor":29},{"not_picked":["Dagger Throw","Terror+1"],"picked":"Prepared+1","floor":31},{"not_picked":["Adrenaline+1","Bullet Time+1"],"picked":"Malaise+1","floor":33},{"not_picked":["Poisoned Stab","Slice+1"],"picked":"Acrobatics+1","floor":35},{"not_picked":["Acrobatics+1","Backflip+1","Dagger Spray+1"],"picked":"SKIP","floor":39},{"not_picked":["Reflex+1","Sucker Punch+1"],"picked":"PiercingWail+1","floor":40},{"not_picked":["Slice+1","All Out Attack+1"],"picked":"Outmaneuver+1","floor":42},{"not_picked":["Dagger Spray+1","Flying Knee"],"picked":"Concentrate+1","floor":44},{"not_picked":["Bane","Riddle With Holes+1"],"picked":"Deadly Poison+1","floor":47},{"not_picked":["PiercingWail+1","Backstab","Phantasmal Killer+1"],"picked":"SKIP","floor":48},{"not_picked":["Poisoned Stab+1","Underhanded Strike","Masterful Stab+1"],"picked":"SKIP","floor":54}],"player_experience":1523258,"relics_obtained":[{"floor":7,"key":"MawBank"},{"floor":9,"key":"Omamori"},{"floor":10,"key":"Smiling Mask"},{"floor":23,"key":"Dodecahedron"},{"floor":25,"key":"PreservedInsect"},{"floor":26,"key":"Toxic Egg 2"},{"floor":31,"key":"Dream Catcher"},{"floor":40,"key":"Peace Pipe"},{"floor":42,"key":"Potion Belt"},{"floor":48,"key":"Anchor"},{"floor":54,"key":"Bottled Lightning"}],"event_choices":[{"damage_healed":0,"gold_gain":0,"player_choice":"Take Damage","damage_taken":17,"relics_obtained":["Golden Idol"],"max_hp_gain":0,"max_hp_loss":0,"event_name":"Golden Idol","floor":4,"gold_loss":0},{"damage_healed":0,"gold_gain":0,"player_choice":"Damaged","damage_taken":7,"max_hp_gain":0,"max_hp_loss":0,"event_name":"Wheel of Change","floor":8,"gold_loss":0},{"damage_healed":17,"gold_gain":0,"player_choice":"Healed","damage_taken":0,"max_hp_gain":0,"max_hp_loss":0,"event_name":"The Cleric","floor":14,"gold_loss":35},{"damage_healed":0,"gold_gain":0,"player_choice":"Became a Ghost","damage_taken":0,"max_hp_gain":0,"max_hp_loss":35,"event_name":"Ghosts","floor":28,"gold_loss":0,"cards_obtained":["Ghostly","Ghostly","Ghostly","Ghostly","Ghostly"]},{"cards_removed":["Strike_G"],"damage_healed":0,"gold_gain":0,"player_choice":"Purged","damage_taken":0,"max_hp_gain":0,"max_hp_loss":0,"event_name":"Purifier","floor":36,"gold_loss":0},{"cards_removed":["Acrobatics"],"damage_healed":0,"gold_gain":0,"player_choice":"Removed Skill","damage_taken":0,"max_hp_gain":0,"max_hp_loss":0,"event_name":"Falling","floor":45,"gold_loss":0}],"is_beta":true,"boss_relics":[{"not_picked":["Ring of the Serpent","Sozu"],"picked":"Runic Pyramid"},{"not_picked":["WristBlade","Calling Bell"],"picked":"Philosopher\u0027s Stone"}],"items_purged_floors":[20,37,38,46],"is_endless":false,"potions_floor_spawned":[3,5,10,11,12,18,22,25,29,35,40,42],"ascension_level":2}