{"gold_per_floor":[117,131,131,145,165,196,196,214,262,262],"floor_reached":10,"playtime":520,"items_purged":[],"score":130,"play_id":"6329717d-0cdb-44e0-b79f-32791b30addc","local_time":"20191021231825","is_ascension_mode":true,"campfire_choices":[{"data":"Neutralize","floor":7,"key":"SMITH"}],"neow_cost":"NONE","seed_source_timestamp":365926230984400,"circlet_count":0,"master_deck":["AscendersBane","Strike_G","Strike_G","Strike_G","Strike_G","Strike_G","Defend_G","Defend_G","Defend_G","Defend_G","Defend_G","Survivor","Neutralize+1","Slice","Dodge and Roll","Poisoned Stab","Cloak And Dagger"],"relics":["Ring of the Snake","Strawberry","Bronze Scales"],"potions_floor_usage":[4,6,10,10],"damage_taken":[{"damage":11,"enemies":"Jaw Worm","floor":1,"turns":6},{"damage":0,"enemies":"Cultist","floor":2,"turns":4},{"damage":0,"enemies":"2 Louse","floor":4,"turns":5},{"damage":3,"enemies":"Looter","floor":5,"turns":5},{"damage":35,"enemies":"3 Sentries","floor":6,"turns":16},{"damage":18,"enemies":"Lots of Slimes","floor":8,"turns":6},{"damage":21,"enemies":"Gremlin Gang","floor":10,"turns":2}],"seed_played":"8803071179354009067","potions_obtained":[{"floor":2,"key":"Ancient Potion"},{"floor":3,"key":"Fruit Juice"},{"floor":3,"key":"Poison Potion"},{"floor":4,"key":"GamblersBrew"},{"floor":6,"key":"FearPotion"}],"is_trial":false,"path_per_floor":["M","M","?","M","M","E","R","M","T","M"],"character_chosen":"THE_SILENT","items_purchased":[],"campfire_rested":0,"item_purchase_floors":[],"current_hp_per_floor":[59,59,59,64,61,33,33,15,15,0],"gold":262,"neow_bonus":"TEN_PERCENT_HP_BONUS","is_prod":false,"is_daily":false,"chose_seed":false,"campfire_upgraded":1,"win_rate":0,"timestamp":1571725105,"path_taken":["M","M","?","M","?","E","R","M","T","M"],"build_version":"2019-07-17","purchased_purges":0,"victory":false,"max_hp_per_floor":[77,77,77,82,82,89,89,89,89,89],"card_choices":[{"not_picked":["Underhanded Strike","Blade Dance"],"picked":"Slice","floor":1},{"not_picked":["Blur","Concentrate"],"picked":"Dodge and Roll","floor":2},{"not_picked":["Slice","Bane","Tactician"],"picked":"SKIP","floor":4},{"not_picked":["Eviscerate","Deadly Poison"],"picked":"Poisoned Stab","floor":5},{"not_picked":["Tactician","Blade Dance"],"picked":"Cloak And Dagger","floor":6},{"not_picked":["Expertise","Setup","Underhanded Strike"],"picked":"SKIP","floor":8}],"player_experience":422243,"relics_obtained":[{"floor":6,"key":"Strawberry"},{"floor":9,"key":"Bronze Scales"}],"event_choices":[{"damage_healed":0,"gold_gain":0,"player_choice":"Got Potions","damage_taken":0,"max_hp_gain":0,"max_hp_loss":0,"event_name":"Lab","floor":3,"gold_loss":0}],"is_beta":false,"boss_relics":[],"items_purged_floors":[],"is_endless":false,"potions_floor_spawned":[2,4,6],"killed_by":"Gremlin Gang","ascension_level":10}