{"gold_per_floor":[113,38,56,56,68,103,121,121,121,185,39,49,49,49,49,49],"floor_reached":16,"playtime":927,"items_purged":["Defend_R","Strike_R"],"score":125,"play_id":"8861c527-53fd-40a2-b68e-b6c769c2584f","local_time":"20180718173941","is_ascension_mode":false,"campfire_choices":[{"floor":8,"key":"REST"},{"floor":15,"key":"REST"}],"neow_cost":"FIFTY_PERCENT_DAMAGE","seed_source_timestamp":355917954765824,"circlet_count":0,"master_deck":["Strike_R","Strike_R","Strike_R","Defend_R","Defend_R","Defend_R","Bash","Armaments","Shrug It Off","Shrug It Off","Dropkick","Uppercut","Spot Weakness","Flex","Thunderclap"],"relics":["Burning Blood","Potion Belt","Dodecahedron","Pear","Mummified Hand"],"potions_floor_usage":[10,16,16],"damage_taken":[{"damage":10,"enemies":"Jaw Worm","floor":1,"turns":4},{"damage":7,"enemies":"2 Louse","floor":3,"turns":3},{"damage":8,"enemies":"Small Slimes","floor":5,"turns":4},{"damage":24,"enemies":"Gremlin Nob","floor":6,"turns":6},{"damage":12,"enemies":"3 Louse","floor":7,"turns":5},{"damage":43,"enemies":"Lagavulin Event","floor":10,"turns":9},{"damage":5,"enemies":"2 Fungi Beasts","floor":12,"turns":5},{"damage":62,"enemies":"Hexaghost","floor":16,"turns":12}],"seed_played":"-6795864143494895701","potions_obtained":[{"floor":1,"key":"FairyPotion"},{"floor":7,"key":"EssenceOfSteel"},{"floor":10,"key":"Weak Potion"},{"floor":12,"key":"FearPotion"}],"is_trial":false,"path_per_floor":["M","$","M","$","M","E","M","R","T","?","$","M","?","T","R"],"character_chosen":"IRONCLAD","items_purchased":["Flex"],"campfire_rested":2,"item_purchase_floors":[11],"current_hp_per_floor":[44,44,43,43,41,23,17,45,45,18,18,19,12,12,43,0],"gold":49,"neow_bonus":"TWENTY_PERCENT_HP_BONUS","is_prod":false,"is_daily":false,"chose_seed":false,"campfire_upgraded":0,"win_rate":0.0,"timestamp":1531924781,"path_taken":["M","$","M","$","M","E","M","R","T","?","$","M","?","?","R","BOSS"],"build_version":"2018-07-12","purchased_purges":2,"victory":false,"max_hp_per_floor":[96,96,96,96,96,96,96,96,96,106,106,106,106,106,106,106],"card_choices":[{"not_picked":["Twin Strike","Heavy Blade"],"picked":"Armaments","floor":1},{"not_picked":["Twin Strike","Clothesline"],"picked":"Shrug It Off","floor":3},{"not_picked":["Juggernaut","Pommel Strike"],"picked":"Shrug It Off","floor":5},{"not_picked":["Uppercut","Heavy Blade"],"picked":"Dropkick","floor":6},{"not_picked":["Fire Breathing","Reckless Charge"],"picked":"Uppercut","floor":7},{"not_picked":["Clash","Body Slam"],"picked":"Spot Weakness","floor":10},{"not_picked":["Twin Strike","Clothesline"],"picked":"Thunderclap","floor":12}],"player_experience":96610,"relics_obtained":[{"floor":6,"key":"Potion Belt"},{"floor":9,"key":"Dodecahedron"},{"floor":10,"key":"Pear"},{"floor":14,"key":"Mummified Hand"}],"event_choices":[{"event_name":"Dead Adventurer","player_choice":"Searched \u00272\u0027 times","floor":10,"damage_taken":0},{"event_name":"Golden Wing","player_choice":"Card Removal","floor":13,"damage_taken":0}],"boss_relics":[],"items_purged_floors":[2,11],"is_endless":false,"potions_floor_spawned":[1,7,10,12],"killed_by":"Hexaghost","ascension_level":0}