{"gold_per_floor":[113,288,137,87,162,193,206,206,206,238,238,11,30,47,47,147,147,147,147,62,62,62,62,62],"floor_reached":24,"playtime":1031,"items_purged":["Doubt","Strike_G"],"score":347,"play_id":"51ffe4ce-2ac2-4807-858a-2ff9e42b1ad8","local_time":"20191021233637","is_ascension_mode":true,"campfire_choices":[{"data":"Dash","floor":8.0,"key":"SMITH"},{"floor":11.0,"key":"REST"},{"data":"Noxious Fumes","floor":15.0,"key":"SMITH"},{"data":"Well Laid Plans","floor":23,"key":"SMITH"}],"neow_cost":"NONE","seed_source_timestamp":0,"circlet_count":0,"master_deck":["AscendersBane","Strike_G","Strike_G","Strike_G","Defend_G","Defend_G","Defend_G","Defend_G","Defend_G","Survivor","Neutralize","Quick Slash","Dash+1","Predator","Dodge and Roll","Catalyst","Dagger Throw","Noxious Fumes+1","Finisher","Leg Sweep","Night Terror","Well Laid Plans+1","Dodge and Roll"],"special_seed":0,"relics":["Ring of the Snake","NeowsBlessing","Omamori","Boot","Dream Catcher","Ectoplasm","Mercury Hourglass"],"potions_floor_usage":[24,24],"damage_taken":[{"damage":0.0,"enemies":"2 Louse","floor":1.0,"turns":1.0},{"damage":0.0,"enemies":"3 Sentries","floor":6.0,"turns":1.0},{"damage":0.0,"enemies":"Small Slimes","floor":7.0,"turns":1.0},{"damage":26.0,"enemies":"Lagavulin","floor":10.0,"turns":9.0},{"damage":0.0,"enemies":"Jaw Worm","floor":13.0,"turns":4.0},{"damage":0.0,"enemies":"Exordium Wildlife","floor":14.0,"turns":5.0},{"damage":16.0,"enemies":"Slime Boss","floor":16.0,"turns":7.0},{"damage":11,"enemies":"Shell Parasite","floor":18,"turns":4},{"damage":6,"enemies":"3 Byrds","floor":19,"turns":5},{"damage":7,"enemies":"Snake Plant","floor":21,"turns":4},{"damage":4,"enemies":"Cultist and Chosen","floor":22,"turns":6},{"damage":39,"enemies":"Slavers","floor":24,"turns":4}],"seed_played":"8415734746487140856","potions_obtained":[{"floor":6.0,"key":"SkillPotion"},{"floor":10.0,"key":"Strength Potion"},{"floor":16.0,"key":"Energy Potion"},{"floor":21,"key":"EssenceOfSteel"}],"is_trial":false,"path_per_floor":["M","?","$","?","?","E","M","R","T","E","R","$","M","M","R","B",null,"M","M","?","M","M","R","E"],"character_chosen":"THE_SILENT","items_purchased":["Dash","Noxious Fumes","Fire Potion"],"campfire_rested":1,"item_purchase_floors":[3,12,12],"current_hp_per_floor":[63,63,63,63,52,52,52,52,52,26,47,47,47,47,47,31,60,49,43,43,36,32,32,0],"gold":62,"neow_bonus":"THREE_ENEMY_KILL","is_prod":false,"is_daily":false,"chose_seed":false,"campfire_upgraded":3,"win_rate":0,"timestamp":1571726197,"path_taken":["M","?","$","?","?","E","M","R","T","E","R","$","M","?","R","BOSS","M","M","?","M","M","R","E"],"build_version":"2019-07-17","purchased_purges":2,"victory":false,"max_hp_per_floor":[70,70,70,70,70,70,70,70,70,70,70,70,70,70,70,70,70,70,70,70,70,70,70,70],"card_choices":[{"not_picked":["Well Laid Plans","Deflect"],"picked":"Quick Slash","floor":1.0},{"not_picked":["Distraction","Poisoned Stab"],"picked":"Predator","floor":6.0},{"not_picked":["Cloak And Dagger","Sucker Punch"],"picked":"Dodge and Roll","floor":7.0},{"not_picked":["Storm of Steel","Deadly Poison"],"picked":"Catalyst","floor":10.0},{"not_picked":["Outmaneuver","Acrobatics"],"picked":"Dagger Throw","floor":11.0},{"not_picked":["Blade Dance","Quick Slash"],"picked":"Finisher","floor":13.0},{"not_picked":["Deflect","Slice"],"picked":"Leg Sweep","floor":14.0},{"not_picked":["Grand Finale","Tools of the Trade"],"picked":"Night Terror","floor":16.0},{"not_picked":["Dagger Spray","Dodge and Roll"],"picked":"Well Laid Plans","floor":18},{"not_picked":["Prepared","Cloak And Dagger","Deflect"],"picked":"SKIP","floor":19},{"not_picked":["Outmaneuver","Setup"],"picked":"Dodge and Roll","floor":21},{"not_picked":["Dodge and Roll","Dagger Throw","Quick Slash"],"picked":"SKIP","floor":22}],"player_experience":422763,"relics_obtained":[{"floor":6.0,"key":"Omamori"},{"floor":9.0,"key":"Boot"},{"floor":10.0,"key":"Dream Catcher"}],"event_choices":[{"damage_healed":0.0,"max_hp_gain":0.0,"max_hp_loss":0.0,"gold_gain":175.0,"event_name":"Liars Game","player_choice":"AGREE","floor":2.0,"gold_loss":0.0,"damage_taken":0.0,"cards_obtained":["Doubt"]},{"cards_removed":["Strike_G"],"damage_healed":0.0,"max_hp_gain":0.0,"max_hp_loss":0.0,"gold_gain":0.0,"event_name":"The Cleric","player_choice":"Card Removal","floor":4.0,"gold_loss":50.0,"damage_taken":0.0},{"damage_healed":0.0,"max_hp_gain":0.0,"max_hp_loss":0.0,"gold_gain":75.0,"event_name":"World of Goop","player_choice":"Gather Gold","floor":5.0,"gold_loss":0.0,"damage_taken":11.0},{"damage_healed":0,"gold_gain":0,"player_choice":"Obtained Relic","damage_taken":0,"relics_obtained":["Mercury Hourglass"],"max_hp_gain":0,"max_hp_loss":0,"event_name":"Addict","floor":20,"gold_loss":85}],"is_beta":false,"boss_relics":[{"not_picked":["Lizard Tail","White Beast Statue"],"picked":"Ectoplasm"}],"items_purged_floors":[3,12],"is_endless":false,"potions_floor_spawned":[6,10,14,16,21],"killed_by":"Slavers","ascension_level":10}