{"gold_per_floor":[362,362,362,372,89,89,102,129,129,129,160,170,190,223,223,323,323,333,258,271,19,44,44,44,71,97,127,140,58,92,112,112,209,209,226,226,28,38,38,38,57,82,82,102,102,130,130,144,144,144,144,144,44,78,78],"floor_reached":56,"playtime":3180,"items_purged":["Strike_G","Grand Finale+1"],"score":1838,"play_id":"09e78845-dd81-4d50-892b-2a9533043fc7","local_time":"20190825130056","is_ascension_mode":true,"campfire_choices":[{"data":"Noxious Fumes","floor":6,"key":"SMITH"},{"data":"Dash","floor":10,"key":"SMITH"},{"data":"Well Laid Plans","floor":15,"key":"SMITH"},{"data":"Adrenaline","floor":23,"key":"SMITH"},{"data":"1","floor":32,"key":"LIFT"},{"data":"2","floor":40,"key":"LIFT"},{"data":"3","floor":45,"key":"LIFT"},{"floor":49,"key":"RECALL"},{"data":"Catalyst","floor":52,"key":"SMITH"}],"neow_cost":"TEN_PERCENT_HP_LOSS","seed_source_timestamp":875996378367800,"circlet_count":0,"master_deck":["Survivor","Neutralize+1","Dash+1","Cloak And Dagger","Swift Strike+1","Dash+1","Noxious Fumes+1","All Out Attack+1","Bane+1","Crippling Poison","Corpse Explosion","Well Laid Plans+1","Tools of the Trade","Footwork","Tools of the Trade","Adrenaline+1","Dagger Throw+1","Doppelganger","Catalyst+1","Corpse Explosion","PiercingWail","Calculated Gamble","Backstab+1","Backflip+1","Dramatic Entrance+1","Blur","Bullet Time","Blur+1","Calculated Gamble","Leg Sweep+1","Dodge and Roll+1","Backflip+1","Caltrops+1"],"relics":["Ring of the Snake","Molten Egg 2","Bird Faced Urn","Vajra","Omamori","Gremlin Horn","Pandora\u0027s Box","Bottled Tornado","Red Mask","Dead Branch","Girya","Letter Opener","Cursed Key","Bronze Scales","Ancient Tea Set","Frozen Egg 2","Dream Catcher","Question Card","Happy Flower"],"potions_floor_usage":[18,18,33,33,42,55,55,55],"damage_taken":[{"damage":0,"enemies":"Jaw Worm","floor":1,"turns":5},{"damage":0,"enemies":"Small Slimes","floor":4,"turns":3},{"damage":0,"enemies":"Cultist","floor":7,"turns":4},{"damage":0,"enemies":"Lagavulin","floor":8,"turns":7},{"damage":5,"enemies":"3 Sentries","floor":11,"turns":5},{"damage":6,"enemies":"Red Slaver","floor":12,"turns":3},{"damage":0,"enemies":"2 Fungi Beasts","floor":13,"turns":3},{"damage":0,"enemies":"Lagavulin","floor":14,"turns":5},{"damage":0,"enemies":"Hexaghost","floor":16,"turns":8},{"damage":0,"enemies":"3 Byrds","floor":18,"turns":2},{"damage":10,"enemies":"Spheric Guardian","floor":20,"turns":4},{"damage":0,"enemies":"Masked Bandits","floor":22,"turns":2},{"damage":8,"enemies":"Book of Stabbing","floor":25,"turns":5},{"damage":6,"enemies":"Slavers","floor":27,"turns":2},{"damage":3,"enemies":"Snake Plant","floor":28,"turns":3},{"damage":12,"enemies":"Gremlin Leader","floor":30,"turns":2},{"damage":1,"enemies":"Centurion and Healer","floor":31,"turns":3},{"damage":17,"enemies":"Champ","floor":33,"turns":10},{"damage":1,"enemies":"Orb Walker","floor":35,"turns":3},{"damage":8,"enemies":"3 Shapes","floor":38,"turns":2},{"damage":25,"enemies":"Writhing Mass","floor":41,"turns":6},{"damage":9,"enemies":"Nemesis","floor":42,"turns":3},{"damage":0,"enemies":"Maw","floor":44,"turns":6},{"damage":0,"enemies":"Giant Head","floor":46,"turns":7},{"damage":0,"enemies":"3 Darklings","floor":48,"turns":1},{"damage":0,"enemies":"Donu and Deca","floor":50,"turns":6},{"damage":12,"enemies":"Shield and Spear","floor":54,"turns":3},{"damage":65,"enemies":"The Heart","floor":55,"turns":6}],"seed_played":"-4081222416334521323","potions_obtained":[{"floor":1,"key":"Explosive Potion"},{"floor":4,"key":"GamblersBrew"},{"floor":14,"key":"LiquidBronze"},{"floor":18,"key":"Ancient Potion"},{"floor":20,"key":"SpeedPotion"},{"floor":28,"key":"Fire Potion"},{"floor":31,"key":"FearPotion"},{"floor":38,"key":"PowerPotion"},{"floor":46,"key":"Fire Potion"}],"is_trial":false,"path_per_floor":["M","?","?","M","$","R","M","E","T","R","E","M","M","E","R","B",null,"M","?","M","$","?","R","?","E","T","E","M","$","E","M","R","B",null,"M","?","$","M","$","R","M","E","T","M","R","E","T","M","R","B",null,"R","$","E","B",null],"character_chosen":"THE_SILENT","items_purchased":["Swift Strike+1","Dash+1","Noxious Fumes","Bottled Tornado","Dramatic Entrance+1","Bronze Scales","Poison Potion"],"campfire_rested":0,"item_purchase_floors":[5,5,5,21,29,37,37],"current_hp_per_floor":[63,51,51,51,51,51,51,51,51,51,48,44,44,48,48,52,60,63,63,53,53,55,55,55,55,55,57,56,56,50,55,55,50,60,63,63,63,55,55,55,40,39,39,55,55,63,63,63,63,63,63,63,63,55,2],"gold":78,"neow_bonus":"TWO_FIFTY_GOLD","is_prod":false,"is_daily":false,"chose_seed":false,"campfire_upgraded":5,"win_rate":0,"timestamp":1566734456,"path_taken":["M","?","?","?","$","R","M","E","T","R","E","M","M","E","R","BOSS","M","?","M","$","?","R","?","E","T","E","M","?","E","M","R","BOSS","M","?","$","M","$","R","M","E","T","?","R","E","?","?","R","BOSS","R","$","E","BOSS"],"build_version":"2019-07-17","purchased_purges":2,"victory":true,"max_hp_per_floor":[63,63,63,63,63,63,63,63,63,63,63,63,63,63,63,63,63,63,63,63,63,63,63,63,63,63,63,63,63,63,63,63,63,63,63,63,63,63,63,63,63,63,63,63,63,63,63,63,63,63,63,63,63,63,63],"card_choices":[{"not_picked":["Escape Plan","Flechettes"],"picked":"Dash","floor":1},{"not_picked":["Blade Dance","Infinite Blades"],"picked":"Cloak And Dagger","floor":4},{"not_picked":["Blade Dance","Slice+1"],"picked":"All Out Attack+1","floor":7},{"not_picked":["Deadly Poison","Underhanded Strike+1"],"picked":"Bane+1","floor":8},{"not_picked":["Reflex","Predator+1"],"picked":"Crippling Poison","floor":11},{"not_picked":["Expertise","Dagger Spray+1"],"picked":"Corpse Explosion","floor":12},{"not_picked":["Dagger Throw+1","Dodge and Roll"],"picked":"Well Laid Plans","floor":13},{"not_picked":["Slice+1","Poisoned Stab+1","Bane+1"],"picked":"SKIP","floor":14},{"not_picked":["A Thousand Cuts","Envenom"],"picked":"Tools of the Trade","floor":16},{"not_picked":["Poisoned Stab+1","Quick Slash+1"],"picked":"PiercingWail","floor":18},{"not_picked":["Quick Slash+1","Leg Sweep"],"picked":"Calculated Gamble","floor":20},{"not_picked":["Outmaneuver","Tactician","Cloak And Dagger"],"picked":"SKIP","floor":25},{"not_picked":["Outmaneuver","Venomology"],"picked":"Backstab+1","floor":27},{"not_picked":["Bane+1","Concentrate"],"picked":"Backflip+1","floor":28},{"not_picked":["Blade Dance","Prepared+1"],"picked":"Blur","floor":30},{"not_picked":["Dagger Spray+1","Backstab+1","Prepared"],"picked":"SKIP","floor":31},{"not_picked":["Dagger Spray+1","Backstab+1","Prepared"],"picked":"SKIP","floor":31},{"not_picked":["Phantasmal Killer","Unload+1"],"picked":"Bullet Time","floor":33},{"not_picked":["Dagger Throw+1","Riddle With Holes+1","Slice+1"],"picked":"SKIP","floor":35},{"not_picked":["Riddle With Holes+1","Well Laid Plans+1"],"picked":"Blur+1","floor":38},{"not_picked":["Underhanded Strike+1","Cloak And Dagger+1"],"picked":"Calculated Gamble","floor":41},{"not_picked":["Dash+1","Corpse Explosion"],"picked":"Leg Sweep+1","floor":42},{"not_picked":["Skewer+1","Setup+1"],"picked":"Dodge and Roll+1","floor":44},{"not_picked":["Poisoned Stab+1","Infinite Blades+1"],"picked":"Backflip+1","floor":46},{"not_picked":["Underhanded Strike+1","Infinite Blades+1","Prepared","Leg Sweep+1"],"picked":"SKIP","floor":48},{"not_picked":["Dagger Spray+1","Slice+1","Bullet Time"],"picked":"Caltrops+1","floor":54}],"player_experience":1855760,"relics_obtained":[{"floor":8,"key":"Bird Faced Urn"},{"floor":9,"key":"Vajra"},{"floor":11,"key":"Omamori"},{"floor":14,"key":"Gremlin Horn"},{"floor":22,"key":"Red Mask"},{"floor":25,"key":"Dead Branch"},{"floor":27,"key":"Girya"},{"floor":30,"key":"Letter Opener"},{"floor":42,"key":"Ancient Tea Set"},{"floor":43,"key":"Frozen Egg 2"},{"floor":46,"key":"Dream Catcher"},{"floor":47,"key":"Question Card"},{"floor":54,"key":"Happy Flower"}],"event_choices":[{"damage_healed":0,"gold_gain":0,"player_choice":"Success","damage_taken":12,"relics_obtained":["Molten Egg 2"],"max_hp_gain":0,"max_hp_loss":0,"event_name":"Scrap Ooze","floor":2,"gold_loss":0},{"damage_healed":0,"gold_gain":0,"player_choice":"Upgraded","damage_taken":0,"max_hp_gain":0,"max_hp_loss":0,"event_name":"Upgrade Shrine","floor":3,"gold_loss":0,"cards_upgraded":["Neutralize"]},{"cards_removed":["Eviscerate"],"damage_healed":0,"gold_gain":0,"player_choice":"Gave Gold","damage_taken":0,"max_hp_gain":0,"max_hp_loss":0,"event_name":"Beggar","floor":19,"gold_loss":75},{"damage_healed":0,"gold_gain":0,"player_choice":"Fought Bandits","damage_taken":0,"max_hp_gain":0,"max_hp_loss":0,"event_name":"Masked Bandits","floor":22,"gold_loss":0},{"damage_healed":0,"gold_gain":0,"player_choice":"Ignored","damage_taken":0,"max_hp_gain":0,"max_hp_loss":0,"event_name":"Vampires","floor":24,"gold_loss":0},{"damage_healed":0,"gold_gain":0,"cards_transformed":["Setup"],"player_choice":"Transformed","damage_taken":0,"max_hp_gain":0,"max_hp_loss":0,"event_name":"Transmorgrifier","floor":36,"gold_loss":0,"cards_obtained":["Grand Finale"]}],"is_beta":false,"boss_relics":[{"not_picked":["Busted Crown","Philosopher\u0027s Stone"],"picked":"Pandora\u0027s Box"},{"not_picked":["Ring of the Serpent","Velvet Choker"],"picked":"Cursed Key"}],"items_purged_floors":[5,53],"is_endless":false,"potions_floor_spawned":[1,4,14,16,18,20,22,28,31,38,46],"ascension_level":7}