{"gold_per_floor":[112,33,43,61,75,135,135,165,190,43,43,76,87,162,162,257,257,270,287,38,55,67,93,93,126,126,126,126,1,1,12,12,112,162,182,195,210,210,12,12,27,74,97,146,146],"floor_reached":45,"playtime":3222,"items_purged":["Strike_B","Strike_B","Clumsy","Strike_B"],"score":767,"play_id":"d9a4bc4b-0aec-4ea7-98e2-52df9f2ea012","local_time":"20191016184947","is_ascension_mode":true,"campfire_choices":[{"floor":7,"key":"REST"},{"data":"Ball Lightning","floor":11,"key":"SMITH"},{"floor":15,"key":"REST"},{"data":"Coolheaded","floor":24,"key":"SMITH"},{"data":"Biased Cognition","floor":27,"key":"SMITH"},{"data":"Mind Blast","floor":30,"key":"SMITH"},{"data":"Hologram","floor":32,"key":"SMITH"},{"floor":40,"key":"REST"}],"neow_cost":"NONE","seed_source_timestamp":514213768471200,"circlet_count":0,"master_deck":["Strike_B","Defend_B+1","Defend_B","Defend_B","Defend_B","Zap+1","Dualcast","Core Surge","Coolheaded+1","Sweeping Beam","Cold Snap","Electrodynamics","Turbo","Ball Lightning+1","Hologram+1","Biased Cognition+1","Hologram","Coolheaded+1","BootSequence+1","Hyperbeam","Coolheaded","Mind Blast+1","Turbo","Machine Learning+1","Leap","Leap+1","Go for the Eyes","Reprogram+1","Stack","Pain","Writhe"],"relics":["Cracked Core","Happy Flower","Tiny Chest","Pen Nib","Regal Pillow","Bottled Lightning","Cursed Key","Art of War","Turnip","Bag of Marbles","DataDisk","Tiny House","Ginger","War Paint"],"potions_floor_usage":[23,42],"damage_taken":[{"damage":3,"enemies":"Small Slimes","floor":1,"turns":3},{"damage":0,"enemies":"Cultist","floor":3,"turns":3},{"damage":4,"enemies":"2 Louse","floor":4,"turns":2},{"damage":0,"enemies":"Exordium Wildlife","floor":5,"turns":3},{"damage":24,"enemies":"3 Sentries","floor":6,"turns":7},{"damage":22,"enemies":"Lagavulin","floor":8,"turns":9},{"damage":16,"enemies":"3 Sentries","floor":12,"turns":4},{"damage":0,"enemies":"Lots of Slimes","floor":13,"turns":1},{"damage":0,"enemies":"Slime Boss","floor":16,"turns":5},{"damage":0,"enemies":"Spheric Guardian","floor":18,"turns":3},{"damage":1,"enemies":"Chosen","floor":19,"turns":3},{"damage":0,"enemies":"3 Cultists","floor":21,"turns":3},{"damage":7,"enemies":"Snecko","floor":22,"turns":4},{"damage":0,"enemies":"Book of Stabbing","floor":23,"turns":5},{"damage":9,"enemies":"Slavers","floor":25,"turns":3},{"damage":2,"enemies":"Snake Plant","floor":31,"turns":4},{"damage":32,"enemies":"Champ","floor":33,"turns":10},{"damage":0,"enemies":"3 Shapes","floor":35,"turns":3},{"damage":31,"enemies":"3 Darklings","floor":36,"turns":4},{"damage":11,"enemies":"Writhing Mass","floor":37,"turns":5},{"damage":0,"enemies":"Transient","floor":41,"turns":5},{"damage":1,"enemies":"2 Orb Walkers","floor":42,"turns":5},{"damage":82,"enemies":"Giant Head","floor":45,"turns":9}],"seed_played":"2856528390151193141","potions_obtained":[{"floor":3,"key":"Ancient Potion"},{"floor":8,"key":"Ancient Potion"},{"floor":13,"key":"SmokeBomb"},{"floor":18,"key":"Energy Potion"},{"floor":23,"key":"FocusPotion"}],"is_trial":false,"path_per_floor":["M","?","M","M","M","E","R","E","T","$","R","E","M","?","R","B",null,"M","M","$","M","M","E","R","E","T","R","?","$","R","M","R","B",null,"M","M","M","?","$","R","M","?","T","T","E"],"character_chosen":"DEFECT","items_purchased":["Ball Lightning","Hologram","Art of War","Stack"],"campfire_rested":3,"item_purchase_floors":[10,10,20,39],"current_hp_per_floor":[65,65,65,61,61,37,59,37,37,37,37,21,21,10,47,47,68,68,67,67,67,60,60,60,51,51,51,51,51,51,49,49,17,66,66,35,24,24,24,63,63,62,62,62,0],"gold":146,"neow_bonus":"ONE_RANDOM_RARE_CARD","is_prod":false,"is_daily":false,"chose_seed":false,"campfire_upgraded":5,"win_rate":0,"timestamp":1571276987,"path_taken":["M","?","M","?","M","E","R","E","T","$","R","E","M","?","R","BOSS","M","M","$","M","M","E","R","E","T","R","?","$","R","M","R","BOSS","M","M","?","?","?","R","?","?","T","?","E"],"build_version":"2019-07-17","purchased_purges":4,"victory":false,"max_hp_per_floor":[75,75,75,75,75,75,75,75,75,75,75,75,75,75,75,75,75,75,75,75,75,75,75,75,75,75,75,75,75,75,75,75,75,80,80,80,80,80,80,80,80,80,80,80,80],"card_choices":[{"not_picked":["Stack","Barrage"],"picked":"Coolheaded","floor":1},{"not_picked":["Gash","Stack","Steam Power"],"picked":"SKIP","floor":3},{"not_picked":["Barrage","Compile Driver"],"picked":"Sweeping Beam","floor":4},{"not_picked":["Hologram","Double Energy"],"picked":"Cold Snap","floor":5},{"not_picked":["Sunder","Go for the Eyes"],"picked":"Electrodynamics","floor":6},{"not_picked":["Reprogram","Sweeping Beam"],"picked":"Turbo","floor":8},{"not_picked":["Sweeping Beam","Tempest","Hologram"],"picked":"SKIP","floor":12},{"not_picked":["Sweeping Beam","Tempest","Hologram"],"picked":"SKIP","floor":12},{"not_picked":["Force Field","Gash","Lockon"],"picked":"SKIP","floor":13},{"not_picked":["Electrodynamics","Seek"],"picked":"Biased Cognition","floor":16},{"not_picked":["Reinforced Body","Cold Snap"],"picked":"Hologram","floor":18},{"not_picked":["Beam Cell","Chaos"],"picked":"Coolheaded+1","floor":19},{"not_picked":["Melter+1","Hello World"],"picked":"BootSequence+1","floor":21},{"not_picked":["Hologram","Steam+1","Turbo"],"picked":"SKIP","floor":22},{"not_picked":["Redo","Leap"],"picked":"Hyperbeam","floor":23},{"not_picked":["Storm","Hello World"],"picked":"Coolheaded","floor":25},{"not_picked":["Ball Lightning","Scrape+1"],"picked":"Turbo","floor":31},{"not_picked":["Buffer","All For One"],"picked":"Machine Learning","floor":33},{"not_picked":["Cold Snap","Conserve Battery"],"picked":"Leap","floor":34},{"not_picked":["Streamline","Turbo"],"picked":"Leap+1","floor":35},{"not_picked":["Barrage+1","Hologram"],"picked":"Go for the Eyes","floor":36},{"not_picked":["Doom and Gloom","Ball Lightning"],"picked":"Reprogram","floor":37},{"not_picked":["Rebound+1","Steam","Storm+1"],"picked":"SKIP","floor":41}],"player_experience":355025,"relics_obtained":[{"floor":6,"key":"Tiny Chest"},{"floor":8,"key":"Pen Nib"},{"floor":9,"key":"Regal Pillow"},{"floor":12,"key":"Bottled Lightning"},{"floor":23,"key":"Turnip"},{"floor":25,"key":"Bag of Marbles"},{"floor":26,"key":"DataDisk"},{"floor":42,"key":"Ginger"},{"floor":44,"key":"War Paint"}],"event_choices":[{"damage_healed":0,"gold_gain":0,"player_choice":"Paid Gold","damage_taken":0,"relics_obtained":["Happy Flower"],"max_hp_gain":0,"max_hp_loss":0,"event_name":"WeMeetAgain","floor":2,"gold_loss":79},{"damage_healed":0,"gold_gain":75,"player_choice":"Gather Gold","damage_taken":11,"max_hp_gain":0,"max_hp_loss":0,"event_name":"World of Goop","floor":14,"gold_loss":0},{"damage_healed":0,"gold_gain":0,"player_choice":"1 cards matched","damage_taken":0,"max_hp_gain":0,"max_hp_loss":0,"event_name":"Match and Keep!","floor":28,"gold_loss":0,"cards_obtained":["Mind Blast"]},{"damage_healed":0,"gold_gain":0,"player_choice":"Forge","damage_taken":0,"max_hp_gain":0,"max_hp_loss":0,"event_name":"Accursed Blacksmith","floor":38,"gold_loss":0,"cards_upgraded":["Machine Learning"]},{"damage_healed":0,"gold_gain":0,"player_choice":"Fight","damage_taken":0,"max_hp_gain":0,"max_hp_loss":0,"event_name":"Mysterious Sphere","floor":42,"gold_loss":0}],"is_beta":false,"boss_relics":[{"not_picked":["White Beast Statue","Calling Bell"],"picked":"Cursed Key"},{"not_picked":["Lizard Tail","Nuclear Battery"],"picked":"Tiny House"}],"items_purged_floors":[10,20,29,39],"is_endless":false,"potions_floor_spawned":[3,8,13,18,23,31,36,37],"killed_by":"Giant Head","ascension_level":8}