{"gold_per_floor":[109,109,31,31,50,85,85,99,99,99,115,115,134,134,134,257,257,278,278,142,155,45,45],"floor_reached":23,"playtime":1484,"items_purged":["Strike_R","Strike_R"],"score":217,"play_id":"0fea98b9-c562-4c35-9ab5-37a7590f4908","local_time":"20190929150342","is_ascension_mode":true,"campfire_choices":[{"floor":7.0,"key":"REST"},{"data":"Demon Form","floor":10.0,"key":"SMITH"},{"data":"Flame Barrier","floor":12.0,"key":"SMITH"},{"floor":15,"key":"REST"}],"neow_cost":"NONE","seed_source_timestamp":0,"circlet_count":0,"master_deck":["Strike_R+1","Strike_R","Defend_R","Defend_R","Defend_R","Defend_R","Bash","Offering","Dual Wield+1","Power Through","Flame Barrier+1","Cleave","True Grit","Demon Form+1","Pommel Strike","Whirlwind","Barricade+1","Iron Wave","Bandage Up","Clothesline","Metallicize"],"special_seed":0,"relics":["Burning Blood","The Courier","Shuriken","Golden Idol","Eternal Feather"],"potions_floor_usage":[13,16,16,23],"damage_taken":[{"damage":6.0,"enemies":"Small Slimes","floor":1.0,"turns":3.0},{"damage":0.0,"enemies":"Jaw Worm","floor":5.0,"turns":4.0},{"damage":51.0,"enemies":"Lagavulin","floor":6.0,"turns":10.0},{"damage":6.0,"enemies":"Cultist","floor":8.0,"turns":4.0},{"damage":23.0,"enemies":"Red Slaver","floor":11.0,"turns":6.0},{"damage":7,"enemies":"Exordium Thugs","floor":13,"turns":3},{"damage":27,"enemies":"Hexaghost","floor":16,"turns":9},{"damage":16,"enemies":"Shell Parasite","floor":18,"turns":6},{"damage":33,"enemies":"Spheric Guardian","floor":21,"turns":5},{"damage":49,"enemies":"Gremlin Leader","floor":23,"turns":5}],"seed_played":"-3307214083135577268","potions_obtained":[{"floor":1.0,"key":"Ancient Potion"},{"floor":6.0,"key":"Dexterity Potion"},{"floor":11.0,"key":"SpeedPotion"},{"floor":21,"key":"AttackPotion"}],"is_trial":false,"path_per_floor":["M","?","$","?","M","E","R","M","T","R","M","R","M","?","R","B",null,"M","?","$","M","$","E"],"character_chosen":"IRONCLAD","items_purchased":["Power Through","Bandage Up","Metallicize"],"campfire_rested":2,"item_purchase_floors":[3,20,22],"current_hp_per_floor":[80,64,64,64,70,25,49,49,49,49,32,32,31,31,53,32,74,64,64,64,41,41,0],"gold":45,"neow_bonus":"ONE_RANDOM_RARE_CARD","is_prod":false,"is_daily":false,"chose_seed":false,"campfire_upgraded":2,"win_rate":0,"timestamp":1569787422,"path_taken":["M","?","$","?","M","E","R","?","T","R","M","R","M","?","R","BOSS","M","?","$","M","?","E"],"build_version":"2019-07-17","purchased_purges":2,"victory":false,"max_hp_per_floor":[80,80,80,80,80,80,80,80,80,80,80,80,80,74,74,74,74,74,74,74,74,74,74],"card_choices":[{"not_picked":["Combust","Corruption"],"picked":"Dual Wield","floor":1.0},{"not_picked":["Twin Strike","True Grit"],"picked":"Cleave","floor":5.0},{"not_picked":["Thunderclap","Heavy Blade"],"picked":"True Grit","floor":6.0},{"not_picked":["Wild Strike","Burning Pact"],"picked":"Demon Form","floor":8.0},{"not_picked":["Corruption","Cleave"],"picked":"Pommel Strike","floor":11.0},{"not_picked":["Combust","Spot Weakness"],"picked":"Whirlwind","floor":13},{"not_picked":["Reaper","Impervious"],"picked":"Barricade","floor":16},{"not_picked":["Havoc","Carnage"],"picked":"Iron Wave","floor":18},{"not_picked":["Anger+1","Second Wind+1"],"picked":"Clothesline","floor":21}],"player_experience":218289,"relics_obtained":[{"floor":6.0,"key":"The Courier"},{"floor":9.0,"key":"Shuriken"}],"event_choices":[{"damage_healed":0.0,"max_hp_gain":0.0,"max_hp_loss":0.0,"gold_gain":0.0,"event_name":"Shining Light","player_choice":"Entered Light","floor":2.0,"gold_loss":0.0,"damage_taken":16.0,"cards_upgraded":["Dual Wield","Strike_R"]},{"damage_healed":0.0,"max_hp_gain":0.0,"max_hp_loss":0.0,"gold_gain":0.0,"cards_transformed":["Strike_R"],"event_name":"Living Wall","player_choice":"Change","floor":4.0,"gold_loss":0.0,"damage_taken":0.0,"cards_obtained":["Flame Barrier"]},{"damage_healed":0,"gold_gain":0,"player_choice":"Lose Max HP","damage_taken":0,"relics_obtained":["Golden Idol"],"max_hp_gain":0,"max_hp_loss":6,"event_name":"Golden Idol","floor":14,"gold_loss":0},{"damage_healed":0,"gold_gain":0,"player_choice":"Upgraded","damage_taken":0,"max_hp_gain":0,"max_hp_loss":0,"event_name":"Upgrade Shrine","floor":19,"gold_loss":0,"cards_upgraded":["Barricade"]}],"is_beta":false,"boss_relics":[{"not_picked":["Black Blood","Fusion Hammer"],"picked":"Eternal Feather"}],"items_purged_floors":[20,22],"is_endless":false,"potions_floor_spawned":[1,6,11,21],"killed_by":"Gremlin Leader","ascension_level":3}