{"gold_per_floor":[111,111,122,397,408,408,358,9,9,23,57,57,92,103,103,199,199,210,226,9,26,26,26,57,57,128,28,39,71,84,111,111,216,216,232,244,244,344,186,213,213,213,240,240,253,50,66,94,94,94,94,94,42,75,75],"floor_reached":55,"playtime":2198,"items_purged":["Strike_B","Strike_B","Parasite"],"score":1110,"play_id":"b76de4a8-c79e-4f32-89c4-a54a904bd565","local_time":"20190817215350","is_ascension_mode":true,"campfire_choices":[{"data":"Zap","floor":6,"key":"SMITH"},{"data":"Defragment","floor":12,"key":"SMITH"},{"data":"Tempest","floor":15,"key":"SMITH"},{"data":"Rainbow","floor":23,"key":"SMITH"},{"floor":25,"key":"REST"},{"data":"Defragment","floor":32,"key":"SMITH"},{"data":"Capacitor","floor":44,"key":"SMITH"},{"floor":49,"key":"RECALL"},{"data":"Loop","floor":52,"key":"SMITH"}],"neow_cost":"NONE","seed_source_timestamp":217751990060600,"circlet_count":0,"master_deck":["Defend_B","Defend_B","Defend_B","Zap+1","Dualcast","Rip and Tear","BootSequence","Capacitor+1","Doom and Gloom","Defragment+1","Tempest+1","Blind","Steam","Auto Shields","Rainbow+1","Glacier+1","Master of Strategy","Sweeping Beam","Defragment+1","Lockon+1","Steam Power+1","Defragment+1","Glacier+1","Chill","Capacitor","Cold Snap","Consume","Loop+1"],"relics":["Busted Crown","Ornamental Fan","Oddly Smooth Stone","DataDisk","Nuclear Battery","Symbiotic Virus","Gremlin Horn","Happy Flower","Regal Pillow","Empty Cage","Girya","Bronze Scales","Dream Catcher","Dodecahedron"],"potions_floor_usage":[24,45,47,48,54,55,55],"damage_taken":[{"damage":0,"enemies":"Cultist","floor":1,"turns":3},{"damage":2,"enemies":"Jaw Worm","floor":3,"turns":2},{"damage":1,"enemies":"Small Slimes","floor":5,"turns":4},{"damage":1,"enemies":"Exordium Thugs","floor":10,"turns":5},{"damage":25,"enemies":"Lagavulin","floor":11,"turns":5},{"damage":8,"enemies":"3 Sentries","floor":13,"turns":6},{"damage":3,"enemies":"Red Slaver","floor":14,"turns":2},{"damage":4,"enemies":"The Guardian","floor":16,"turns":7},{"damage":5,"enemies":"Spheric Guardian","floor":18,"turns":4},{"damage":12,"enemies":"2 Thieves","floor":19,"turns":3},{"damage":1,"enemies":"Snake Plant","floor":21,"turns":2},{"damage":5,"enemies":"Gremlin Leader","floor":24,"turns":7},{"damage":0,"enemies":"Cultist and Chosen","floor":28,"turns":4},{"damage":0,"enemies":"Slavers","floor":29,"turns":3},{"damage":0,"enemies":"Snecko","floor":30,"turns":3},{"damage":0,"enemies":"Gremlin Leader","floor":31,"turns":4},{"damage":29,"enemies":"Automaton","floor":33,"turns":7},{"damage":11,"enemies":"3 Darklings","floor":35,"turns":4},{"damage":0,"enemies":"Orb Walker","floor":36,"turns":2},{"damage":3,"enemies":"Mind Bloom Boss Battle","floor":38,"turns":4},{"damage":0,"enemies":"Reptomancer","floor":40,"turns":5},{"damage":18,"enemies":"Writhing Mass","floor":45,"turns":4},{"damage":0,"enemies":"3 Darklings","floor":47,"turns":5},{"damage":0,"enemies":"Giant Head","floor":48,"turns":8},{"damage":5,"enemies":"Awakened One","floor":50,"turns":11},{"damage":14,"enemies":"Shield and Spear","floor":54,"turns":8},{"damage":48,"enemies":"The Heart","floor":55,"turns":6}],"seed_played":"-6643002698676142811","potions_obtained":[{"floor":1,"key":"FairyPotion"},{"floor":5,"key":"SteroidPotion"},{"floor":16,"key":"LiquidBronze"},{"floor":18,"key":"SkillPotion"},{"floor":30,"key":"EssenceOfSteel"},{"floor":35,"key":"Explosive Potion"},{"floor":47,"key":"Regen Potion"},{"floor":54,"key":"SneckoOil"}],"is_trial":false,"path_per_floor":["M","?","M","?","M","R","?","$","T","M","E","R","E","M","R","B",null,"M","M","$","M","?","R","E","R","T","$","M","E","M","E","R","B",null,"M","M","?","?","$","E","?","?","T","R","M","$","M","E","R","B",null,"R","$","E","B"],"character_chosen":"DEFECT","items_purchased":["Doom and Gloom","Defragment","Tempest","Blind","Master of Strategy","Sweeping Beam","Chill","Capacitor","Cold Snap","Loop","Swift Potion"],"campfire_rested":1,"item_purchase_floors":[8,8,8,8,20,20,39,39,39,46,53],"current_hp_per_floor":[75,75,73,73,72,72,72,72,72,71,46,46,38,35,35,31,64,59,47,47,46,46,46,41,63,63,63,63,63,63,63,63,34,65,54,54,54,51,51,51,51,51,51,51,33,33,33,48,48,43,62,62,62,48,0],"gold":75,"neow_bonus":"BOSS_RELIC","is_prod":false,"is_daily":false,"chose_seed":false,"campfire_upgraded":7,"win_rate":0,"timestamp":1566075230,"path_taken":["M","?","M","?","?","R","?","$","T","M","E","R","E","M","R","BOSS","M","M","$","M","?","R","E","R","T","?","M","E","M","E","R","BOSS","M","M","?","?","?","E","?","?","T","R","?","$","M","E","R","BOSS","R","$","E","BOSS"],"build_version":"2019-07-17","purchased_purges":3,"victory":false,"max_hp_per_floor":[75,75,75,75,75,75,75,75,75,75,75,75,75,75,75,75,75,75,75,75,75,75,75,75,75,75,75,75,75,75,75,75,75,75,75,75,75,75,75,75,75,71,71,71,71,68,68,68,68,68,68,68,68,68,68],"card_choices":[{"not_picked":[],"picked":"Rip and Tear","floor":1},{"not_picked":[],"picked":"BootSequence","floor":3},{"not_picked":[],"picked":"Capacitor","floor":5},{"not_picked":[],"picked":"Steam","floor":10},{"not_picked":[],"picked":"Auto Shields","floor":11},{"not_picked":["Beam Cell"],"picked":"SKIP","floor":13},{"not_picked":["Turbo"],"picked":"SKIP","floor":14},{"not_picked":[],"picked":"Rainbow","floor":16},{"not_picked":["Go for the Eyes"],"picked":"SKIP","floor":18},{"not_picked":[],"picked":"Glacier+1","floor":19},{"not_picked":["Scrape"],"picked":"SKIP","floor":21},{"not_picked":["Scrape"],"picked":"SKIP","floor":21},{"not_picked":[],"picked":"Lockon+1","floor":24},{"not_picked":[],"picked":"Steam Power+1","floor":28},{"not_picked":["Leap"],"picked":"SKIP","floor":29},{"not_picked":["Ball Lightning"],"picked":"SKIP","floor":30},{"not_picked":[],"picked":"Defragment","floor":31},{"not_picked":["Fusion"],"picked":"SKIP","floor":35},{"not_picked":["Steam"],"picked":"SKIP","floor":36},{"not_picked":[],"picked":"Glacier+1","floor":38},{"not_picked":["Gash+1"],"picked":"SKIP","floor":40},{"not_picked":[],"picked":"Consume","floor":45},{"not_picked":["Reinforced Body+1"],"picked":"SKIP","floor":47},{"not_picked":["Force Field"],"picked":"SKIP","floor":48},{"not_picked":["Rip and Tear"],"picked":"SKIP","floor":54}],"player_experience":1810914,"relics_obtained":[{"floor":9,"key":"Ornamental Fan"},{"floor":11,"key":"Oddly Smooth Stone"},{"floor":13,"key":"DataDisk"},{"floor":24,"key":"Symbiotic Virus"},{"floor":26,"key":"Gremlin Horn"},{"floor":29,"key":"Happy Flower"},{"floor":31,"key":"Regal Pillow"},{"floor":38,"key":"Girya"},{"floor":40,"key":"Bronze Scales"},{"floor":48,"key":"Dream Catcher"},{"floor":54,"key":"Dodecahedron"}],"event_choices":[{"damage_healed":0,"gold_gain":0,"player_choice":"Ignored","damage_taken":0,"max_hp_gain":0,"max_hp_loss":0,"event_name":"Liars Game","floor":2,"gold_loss":0},{"damage_healed":0,"gold_gain":275,"player_choice":"Desecrate","damage_taken":0,"max_hp_gain":0,"max_hp_loss":0,"event_name":"Golden Shrine","floor":4,"gold_loss":0,"cards_obtained":["Regret"]},{"cards_removed":["Regret"],"damage_healed":0,"gold_gain":0,"player_choice":"Card Removal","damage_taken":0,"max_hp_gain":0,"max_hp_loss":0,"event_name":"The Cleric","floor":7,"gold_loss":50},{"damage_healed":0,"gold_gain":0,"player_choice":"Copied","damage_taken":0,"max_hp_gain":0,"max_hp_loss":0,"event_name":"Duplicator","floor":22,"gold_loss":0,"cards_obtained":["Defragment"]},{"cards_removed":["Defend_B"],"damage_healed":0,"gold_gain":0,"player_choice":"Removed Skill","damage_taken":0,"max_hp_gain":0,"max_hp_loss":0,"event_name":"Falling","floor":37,"gold_loss":0},{"damage_healed":0,"gold_gain":0,"player_choice":"Fight","damage_taken":0,"max_hp_gain":0,"max_hp_loss":0,"event_name":"MindBloom","floor":38,"gold_loss":0},{"damage_healed":0,"gold_gain":0,"player_choice":"Memory 1","damage_taken":0,"max_hp_gain":0,"max_hp_loss":0,"event_name":"SensoryStone","floor":41,"gold_loss":0},{"damage_healed":0,"gold_gain":0,"player_choice":"Max HP","damage_taken":0,"max_hp_gain":0,"max_hp_loss":4,"event_name":"Winding Halls","floor":42,"gold_loss":0}],"is_beta":false,"boss_relics":[{"not_picked":["Orrery","Sozu"],"picked":"Nuclear Battery"},{"not_picked":["Coffee Dripper","Snecko Eye"],"picked":"Empty Cage"}],"items_purged_floors":[8,27,46],"is_endless":false,"potions_floor_spawned":[1,5,16,18,21,30,31,35,40,47,54],"killed_by":"The Heart","ascension_level":5}