{"gold_per_floor":[217,392,25,42,42,42,67,95,107,119,150,181,193,215,227,239],"floor_reached":16,"playtime":742,"items_purged":["Doubt"],"score":107,"play_id":"851e9a05-0489-45ce-bb5c-8fb60a707138","local_time":"20190406174804","is_ascension_mode":true,"campfire_choices":[{"data":"Chrysalis","floor":6,"key":"SMITH"},{"data":"Shrug It Off","floor":10,"key":"SMITH"},{"data":"Flex","floor":13,"key":"SMITH"},{"data":"True Grit","floor":15,"key":"SMITH"}],"neow_cost":"NONE","seed_source_timestamp":1207806390937500,"circlet_count":0,"master_deck":["Strike_R","Strike_R","Strike_R","Strike_R","Strike_R","Defend_R","Defend_R","Defend_R","Defend_R","Bash","Inflame","Shrug It Off+1","Chrysalis+1","Rupture","Dual Wield","Flame Barrier","Flex+1","Pommel Strike","True Grit+1"],"relics":["Burning Blood","MawBank","The Courier"],"potions_floor_usage":[7,11,14],"damage_taken":[{"damage":6,"enemies":"Jaw Worm","floor":1,"turns":3},{"damage":14,"enemies":"Small Slimes","floor":4,"turns":6},{"damage":32,"enemies":"Lagavulin","floor":7,"turns":11},{"damage":10,"enemies":"Cultist","floor":8,"turns":4},{"damage":3,"enemies":"Blue Slaver","floor":11,"turns":4},{"damage":18,"enemies":"Exordium Thugs","floor":12,"turns":7},{"damage":7,"enemies":"2 Fungi Beasts","floor":14,"turns":3},{"damage":35,"enemies":"Hexaghost","floor":16,"turns":16}],"seed_played":"6591904558481063652","potions_obtained":[{"floor":1,"key":"Weak Potion"},{"floor":7,"key":"Energy Potion"},{"floor":12,"key":"PowerPotion"}],"is_trial":false,"path_per_floor":["M","?","$","M","$","R","E","M","T","R","M","M","R","M","R","B"],"character_chosen":"IRONCLAD","items_purchased":["Inflame","Shrug It Off","Chrysalis"],"campfire_rested":0,"item_purchase_floors":[3,3,3],"current_hp_per_floor":[80,80,80,72,72,72,46,42,42,42,45,33,33,32,32,0],"gold":239,"neow_bonus":"HUNDRED_GOLD","is_prod":false,"is_daily":false,"chose_seed":false,"campfire_upgraded":4,"win_rate":0,"timestamp":1554562084,"path_taken":["M","?","$","M","$","R","E","M","T","R","M","M","R","M","R","BOSS"],"build_version":"2019-01-23","purchased_purges":1,"victory":false,"max_hp_per_floor":[80,80,80,80,80,80,80,80,80,80,80,80,80,80,80,80],"card_choices":[{"not_picked":["Ghostly Armor","Perfected Strike","Warcry"],"picked":"SKIP","floor":1},{"not_picked":["Headbutt","Corruption"],"picked":"Rupture","floor":4},{"not_picked":["Disarm","Combust"],"picked":"Dual Wield","floor":7},{"not_picked":["Heavy Blade","Flex"],"picked":"Flame Barrier","floor":8},{"not_picked":["Whirlwind","Pommel Strike"],"picked":"Flex","floor":11},{"not_picked":["Barricade","Warcry"],"picked":"Pommel Strike","floor":12},{"not_picked":["Combust","Body Slam"],"picked":"True Grit","floor":14}],"player_experience":255199,"relics_obtained":[{"floor":7,"key":"MawBank"},{"floor":9,"key":"The Courier"}],"event_choices":[{"damage_healed":0,"gold_gain":175,"player_choice":"AGREE","damage_taken":0,"max_hp_gain":0,"max_hp_loss":0,"event_name":"Liars Game","floor":2,"gold_loss":0,"cards_obtained":["Doubt"]}],"is_beta":false,"boss_relics":[],"items_purged_floors":[3],"is_endless":false,"potions_floor_spawned":[1,7,12],"killed_by":"Hexaghost","ascension_level":1}