{"gold_per_floor":[115,135,135,154,104,104,118,118,145,155,170,186,53,5,5,103,103,122,37,54,54,70,70,50,67,140,165,142,155,167,186,186,291,291,311,19,119,0,18,18,38,38,38,38,38],"floor_reached":45,"playtime":4579,"items_purged":[],"score":429,"play_id":"ef256480-b7bb-41e2-88af-1da8c9b10261","local_time":"20191022041435","is_ascension_mode":false,"campfire_choices":[{"data":"Zap","floor":6.0,"key":"SMITH"},{"floor":15.0,"key":"REST"},{"data":"Defragment","floor":23.0,"key":"SMITH"},{"data":"Chill","floor":32,"key":"SMITH"},{"data":"Defragment","floor":40,"key":"SMITH"},{"floor":42,"key":"REST"},{"data":"Biased Cognition","floor":44,"key":"SMITH"}],"neow_cost":"NONE","seed_source_timestamp":112436777718500,"circlet_count":0,"master_deck":["Strike_B+1","Strike_B+1","Defend_B+1","Defend_B+1","Defend_B+1","Zap+1","Dualcast","Hologram","White Noise","Creative AI","Conserve Battery","Gash","Electrodynamics","Cold Snap","Conserve Battery","Defragment+1","Cold Snap","Hologram","Cold Snap","Echo Form","Redo+1","Defragment+1","Chill+1","Rebound","Self Repair","Gash","Force Field","Coolheaded+1","Leap+1","Biased Cognition+1"],"special_seed":0,"relics":["FrozenCore","NeowsBlessing","Bag of Marbles","Lantern","Mercury Hourglass","Bird Faced Urn","Eternal Feather","Thread and Needle","Ice Cream","Red Mask","Blue Candle"],"potions_floor_usage":[31,33,37,37],"damage_taken":[{"damage":0.0,"enemies":"Cultist","floor":1.0,"turns":1.0},{"damage":0.0,"enemies":"Small Slimes","floor":2.0,"turns":1.0},{"damage":0.0,"enemies":"2 Louse","floor":4.0,"turns":1.0},{"damage":7.0,"enemies":"Blue Slaver","floor":7.0,"turns":4.0},{"damage":2.0,"enemies":"3 Louse","floor":10.0,"turns":4.0},{"damage":10.0,"enemies":"Looter","floor":11.0,"turns":2.0},{"damage":16.0,"enemies":"Exordium Thugs","floor":12.0,"turns":4.0},{"damage":21.0,"enemies":"Slime Boss","floor":16.0,"turns":6.0},{"damage":9.0,"enemies":"Shell Parasite","floor":18.0,"turns":7.0},{"damage":2.0,"enemies":"Spheric Guardian","floor":20.0,"turns":4.0},{"damage":2.0,"enemies":"Cultist and Chosen","floor":22.0,"turns":7.0},{"damage":3.0,"enemies":"Centurion and Healer","floor":25.0,"turns":8.0},{"damage":4.0,"enemies":"Book of Stabbing","floor":27.0,"turns":5.0},{"damage":18.0,"enemies":"Sentry and Sphere","floor":29.0,"turns":6.0},{"damage":0,"enemies":"Snecko","floor":30,"turns":5},{"damage":11,"enemies":"Centurion and Healer","floor":31,"turns":7},{"damage":21,"enemies":"Collector","floor":33,"turns":9},{"damage":9,"enemies":"Orb Walker","floor":35,"turns":5},{"damage":10,"enemies":"Mind Bloom Boss Battle","floor":37,"turns":6},{"damage":9,"enemies":"3 Shapes","floor":39,"turns":4},{"damage":37,"enemies":"Transient","floor":41,"turns":5},{"damage":94,"enemies":"Maw","floor":45,"turns":12}],"seed_played":"-6364585475772297632","potions_obtained":[{"floor":2.0,"key":"FearPotion"},{"floor":10.0,"key":"Swift Potion"},{"floor":11.0,"key":"EssenceOfSteel"},{"floor":24.0,"key":"LiquidBronze"},{"floor":25.0,"key":"FocusPotion"},{"floor":27.0,"key":"Poison Potion"},{"floor":30,"key":"FocusPotion"},{"floor":33,"key":"SkillPotion"},{"floor":35,"key":"Fire Potion"}],"is_trial":false,"path_per_floor":["M","M","?","M","?","R","M","?","T","M","M","M","$","$","R","B",null,"M","?","M","?","M","R","?","M","T","E","$","M","M","M","R","B",null,"M","$","?","?","M","R","M","R","T","R","M"],"character_chosen":"DEFECT","items_purchased":["Defragment","Cold Snap","Hologram","Cold Snap","Rebound","Thread and Needle"],"campfire_rested":2,"item_purchase_floors":[13,13,13,14,28,36],"current_hp_per_floor":[75,75,75,75,75,75,68,68,68,66,56,40,40,40,62,41,75,66,66,64,64,62,62,62,59,59,55,55,51,61,71,71,63,75,75,75,75,75,75,75,40,75,75,75,0],"gold":38,"neow_bonus":"THREE_ENEMY_KILL","is_prod":false,"is_daily":false,"chose_seed":false,"campfire_upgraded":5,"win_rate":0,"timestamp":1571739275,"path_taken":["M","M","?","?","?","R","M","?","T","M","M","M","?","$","R","BOSS","M","?","M","?","M","R","?","M","T","E","$","M","M","?","R","BOSS","M","$","?","?","M","R","?","R","T","R","M"],"build_version":"2019-07-17","purchased_purges":0,"victory":false,"max_hp_per_floor":[75,75,75,75,75,75,75,75,75,75,75,75,75,75,75,75,75,75,75,75,75,75,75,75,75,75,75,75,75,75,75,75,75,75,75,75,75,75,75,75,75,75,75,75,75],"card_choices":[{"not_picked":["Turbo","Force Field"],"picked":"Hologram","floor":1.0},{"not_picked":["Genetic Algorithm","Redo"],"picked":"White Noise","floor":2.0},{"not_picked":["Skim","Streamline"],"picked":"Conserve Battery","floor":4.0},{"not_picked":["Sweeping Beam","BootSequence"],"picked":"Gash","floor":7.0},{"not_picked":["Coolheaded","Cold Snap"],"picked":"Electrodynamics","floor":10.0},{"not_picked":["Storm","BootSequence"],"picked":"Cold Snap","floor":11.0},{"not_picked":["Hello World","Streamline"],"picked":"Conserve Battery","floor":12.0},{"not_picked":["Rainbow","Reboot"],"picked":"Echo Form","floor":16.0},{"not_picked":["Stack","Steam"],"picked":"Redo+1","floor":18.0},{"not_picked":["Scrape+1","Compile Driver","Heatsinks"],"picked":"SKIP","floor":20.0},{"not_picked":["Darkness","Go for the Eyes+1"],"picked":"Defragment","floor":22.0},{"not_picked":["Recycle","Turbo","Compile Driver"],"picked":"SKIP","floor":25.0},{"not_picked":["Scrape","FTL"],"picked":"Chill","floor":27.0},{"not_picked":["Steam Power","Rip and Tear","Recycle"],"picked":"SKIP","floor":29.0},{"not_picked":["White Noise","Skim"],"picked":"Self Repair","floor":30},{"not_picked":["Redo","Sweeping Beam"],"picked":"Gash","floor":31},{"not_picked":["Streamline+1","Redo"],"picked":"Force Field","floor":35},{"not_picked":["Compile Driver+1","FTL+1"],"picked":"Coolheaded+1","floor":37},{"not_picked":["Loop+1","Steam+1"],"picked":"Leap+1","floor":39},{"not_picked":["Darkness","Compile Driver+1"],"picked":"Biased Cognition","floor":41}],"player_experience":422848,"relics_obtained":[{"floor":9.0,"key":"Bag of Marbles"},{"floor":26.0,"key":"Mercury Hourglass"},{"floor":27.0,"key":"Bird Faced Urn"},{"floor":37,"key":"Ice Cream"},{"floor":43,"key":"Blue Candle"}],"event_choices":[{"damage_healed":0.0,"max_hp_gain":0.0,"max_hp_loss":0.0,"gold_gain":0.0,"cards_transformed":["Defend_B"],"event_name":"Transmorgrifier","player_choice":"Transformed","floor":3.0,"gold_loss":0.0,"damage_taken":0.0,"cards_obtained":["Creative AI"]},{"cards_removed":["Strike_B"],"damage_healed":0.0,"max_hp_gain":0.0,"max_hp_loss":0.0,"gold_gain":0.0,"event_name":"The Cleric","player_choice":"Card Removal","floor":5.0,"gold_loss":50.0,"damage_taken":0.0},{"cards_removed":["Strike_B"],"damage_healed":0.0,"max_hp_gain":0.0,"max_hp_loss":0.0,"gold_gain":0.0,"event_name":"Living Wall","player_choice":"Forget","floor":8.0,"gold_loss":0.0,"damage_taken":0.0},{"damage_healed":0.0,"max_hp_gain":0.0,"max_hp_loss":0.0,"gold_gain":0.0,"event_name":"Addict","player_choice":"Obtained Relic","floor":19.0,"gold_loss":85.0,"damage_taken":0.0,"relics_obtained":["Lantern"]},{"damage_healed":0.0,"max_hp_gain":0.0,"max_hp_loss":0.0,"gold_gain":0.0,"event_name":"Back to Basics","player_choice":"Simplicity","floor":21.0,"gold_loss":0.0,"damage_taken":0.0,"cards_upgraded":["Strike_B","Strike_B","Defend_B","Defend_B","Defend_B"]},{"damage_healed":0.0,"max_hp_gain":0.0,"max_hp_loss":0.0,"gold_gain":0.0,"event_name":"The Woman in Blue","player_choice":"Bought 1 Potion","floor":24.0,"gold_loss":0.0,"damage_taken":0.0},{"damage_healed":0,"gold_gain":0,"player_choice":"Fight","damage_taken":0,"max_hp_gain":0,"max_hp_loss":0,"event_name":"MindBloom","floor":37,"gold_loss":0},{"damage_healed":0,"gold_gain":0,"player_choice":"Paid","damage_taken":0,"relics_obtained":["Red Mask"],"max_hp_gain":0,"max_hp_loss":0,"event_name":"Tomb of Lord Red Mask","floor":38,"gold_loss":119}],"is_beta":false,"boss_relics":[{"not_picked":["Tiny House","Astrolabe"],"picked":"FrozenCore"},{"not_picked":["Black Star","Coffee Dripper"],"picked":"Eternal Feather"}],"items_purged_floors":[],"is_endless":false,"potions_floor_spawned":[2,10,11,25,27,30,33,35],"killed_by":"Maw","ascension_level":0}