{"gold_per_floor":[367,378,65,83,83,83,116,116,116,149,164,37,37,52,52,182,182,182,182,182,182,182,182,182,182,182,182,182,6,6,6,6,6,6,6,6,6,6,6,6,6,0,0,0,0,0,0,0,0,0,0,0,0,0,0],"floor_reached":56,"playtime":3814,"items_purged":["Defend_G","Writhe"],"score":1651,"play_id":"a041a3d7-c4b0-4977-b423-1f55ebceec57","local_time":"20191020113056","is_ascension_mode":true,"campfire_choices":[{"data":"Neutralize","floor":6.0,"key":"SMITH"},{"floor":8.0,"key":"REST"},{"data":"Infinite Blades","floor":13.0,"key":"SMITH"},{"data":"Dodge and Roll","floor":15.0,"key":"SMITH"},{"floor":23.0,"key":"REST"},{"data":"Envenom","floor":25.0,"key":"SMITH"},{"data":"Skewer","floor":30.0,"key":"SMITH"},{"floor":32.0,"key":"REST"},{"data":"Well Laid Plans","floor":41.0,"key":"SMITH"},{"floor":49.0,"key":"RECALL"},{"floor":52.0,"key":"REST"}],"neow_cost":"TEN_PERCENT_HP_LOSS","seed_source_timestamp":0,"circlet_count":0,"master_deck":["Survivor","Neutralize+1","Dodge and Roll+1","Caltrops","Cloak And Dagger","PiercingWail","Well Laid Plans+1","Backflip","Infinite Blades+1","Envenom+1","Poisoned Stab","Dagger Spray","Necronomicurse","Skewer+1","Burst","Skewer","Cloak And Dagger","Catalyst","Backflip","After Image","Heel Hook","Backflip","Corpse Explosion","Backstab","Accuracy","Backflip","Acrobatics","Well Laid Plans","Dash+1","Crippling Poison","PiercingWail+1","Predator+1","Caltrops","PiercingWail+1","Leg Sweep+1","Dash+1"],"special_seed":0,"relics":["Ring of the Snake","Vajra","Golden Idol","Incense Burner","Ninja Scroll","Mango","Ectoplasm","Centennial Puzzle","Necronomicon","Potion Belt","Bag of Marbles","Happy Flower","Pandora\u0027s Box","Boot","Red Mask","Juzu Bracelet","Mercury Hourglass"],"potions_floor_usage":[55,55],"damage_taken":[{"damage":0.0,"enemies":"2 Louse","floor":1.0,"turns":4.0},{"damage":1.0,"enemies":"Jaw Worm","floor":2.0,"turns":5.0},{"damage":0.0,"enemies":"Small Slimes","floor":4.0,"turns":3.0},{"damage":26.0,"enemies":"Lagavulin","floor":7.0,"turns":9.0},{"damage":19.0,"enemies":"3 Sentries","floor":10.0,"turns":11.0},{"damage":0.0,"enemies":"Exordium Thugs","floor":11.0,"turns":3.0},{"damage":0.0,"enemies":"Looter","floor":14.0,"turns":3.0},{"damage":11.0,"enemies":"The Guardian","floor":16.0,"turns":13.0},{"damage":26.0,"enemies":"Spheric Guardian","floor":18.0,"turns":5.0},{"damage":0.0,"enemies":"Chosen","floor":19.0,"turns":5.0},{"damage":1.0,"enemies":"Snake Plant","floor":22.0,"turns":5.0},{"damage":7.0,"enemies":"Slavers","floor":24.0,"turns":5.0},{"damage":4.0,"enemies":"Gremlin Leader","floor":27.0,"turns":5.0},{"damage":0.0,"enemies":"Snecko","floor":28.0,"turns":3.0},{"damage":19.0,"enemies":"Centurion and Healer","floor":31.0,"turns":6.0},{"damage":28.0,"enemies":"Collector","floor":33.0,"turns":8.0},{"damage":0.0,"enemies":"Orb Walker","floor":35.0,"turns":1.0},{"damage":9.0,"enemies":"3 Shapes","floor":36.0,"turns":3.0},{"damage":0.0,"enemies":"Spire Growth","floor":38.0,"turns":3.0},{"damage":19.0,"enemies":"Reptomancer","floor":40.0,"turns":5.0},{"damage":0.0,"enemies":"Transient","floor":44.0,"turns":5.0},{"damage":11.0,"enemies":"Nemesis","floor":45.0,"turns":5.0},{"damage":10.0,"enemies":"Writhing Mass","floor":46.0,"turns":4.0},{"damage":0.0,"enemies":"Maw","floor":48.0,"turns":6.0},{"damage":9.0,"enemies":"Time Eater","floor":50.0,"turns":11.0},{"damage":10.0,"enemies":"Shield and Spear","floor":54.0,"turns":8.0},{"damage":61,"enemies":"The Heart","floor":55,"turns":10}],"seed_played":"-7942755595755357921","potions_obtained":[{"floor":4.0,"key":"FearPotion"},{"floor":7.0,"key":"Block Potion"},{"floor":10.0,"key":"Poison Potion"},{"floor":22.0,"key":"Weak Potion"},{"floor":28.0,"key":"SpeedPotion"},{"floor":38.0,"key":"GhostInAJar"},{"floor":45.0,"key":"SpeedPotion"},{"floor":46.0,"key":"AttackPotion"},{"floor":48.0,"key":"GhostInAJar"},{"floor":54.0,"key":"Energy Potion"}],"is_trial":false,"path_per_floor":["M","M","$","M","?","R","E","R","T","E","M","$","R","M","R","B",null,"M","M","?","?","M","R","E","R","T","E","M","$","R","M","R","B",null,"M","M","?","M","?","E","R","?","T","M","E","M","?","M","R","B",null,"R","$","E","B",null],"character_chosen":"THE_SILENT","items_purchased":["Vajra","Caltrops","Weak Potion","Infinite Blades","PowerPotion","Catalyst"],"campfire_rested":4,"item_purchase_floors":[3,3,3,12,12,29],"current_hp_per_floor":[63,62,62,62,47,47,21,39,39,34,34,34,34,34,34,23,64,38,38,38,22,21,44,37,37,37,33,33,33,33,14,37,9,60,60,51,51,51,51,32,32,32,32,32,21,11,11,11,11,2,55,73,73,63,2],"gold":0,"neow_bonus":"TWO_FIFTY_GOLD","is_prod":false,"is_daily":false,"chose_seed":false,"campfire_upgraded":6,"win_rate":0,"timestamp":1571596256,"path_taken":["M","M","$","M","?","R","E","R","T","E","M","$","R","M","R","BOSS","M","M","?","?","M","R","E","R","T","E","M","$","R","M","R","BOSS","M","M","?","M","?","E","R","?","T","M","E","M","?","M","R","BOSS","R","$","E","BOSS"],"build_version":"2019-07-17","purchased_purges":2,"victory":true,"max_hp_per_floor":[63,63,63,63,63,63,63,63,63,77,77,77,77,77,77,77,77,77,77,77,77,77,77,77,77,77,77,77,77,77,77,77,77,77,77,77,73,73,73,73,73,73,73,73,73,73,73,73,73,73,73,73,73,73,73],"card_choices":[{"not_picked":["Outmaneuver","Tactician"],"picked":"Dodge and Roll","floor":1.0},{"not_picked":["Bouncing Flask","Deflect","Underhanded Strike"],"picked":"SKIP","floor":2.0},{"not_picked":["Dagger Throw","Slice"],"picked":"Cloak And Dagger","floor":4.0},{"not_picked":["Cloak And Dagger","Endless Agony"],"picked":"PiercingWail","floor":7.0},{"not_picked":["Unload","Prepared"],"picked":"Well Laid Plans","floor":10.0},{"not_picked":["Quick Slash","Slice"],"picked":"Backflip","floor":11.0},{"not_picked":["Slice","Backflip","Bane"],"picked":"SKIP","floor":14.0},{"not_picked":["Glass Knife","Burst"],"picked":"Envenom","floor":16.0},{"not_picked":["Prepared","Flechettes"],"picked":"Poisoned Stab","floor":18.0},{"not_picked":["Flying Knee","All Out Attack"],"picked":"Dagger Spray","floor":19.0},{"not_picked":["Blade Dance","PiercingWail"],"picked":"Skewer","floor":22.0},{"not_picked":["Dagger Spray","Slice"],"picked":"Burst","floor":24.0},{"not_picked":["Escape Plan","Distraction"],"picked":"Skewer","floor":27.0},{"not_picked":["Sucker Punch","Dodge and Roll+1"],"picked":"Cloak And Dagger","floor":28.0},{"not_picked":["Endless Agony","Outmaneuver+1"],"picked":"Backflip","floor":31.0},{"not_picked":["Venomology","Bullet Time"],"picked":"After Image","floor":33.0},{"not_picked":["Acrobatics+1","Deflect"],"picked":"Dash+1","floor":35.0},{"not_picked":["Poisoned Stab+1","Sucker Punch"],"picked":"Crippling Poison","floor":36.0},{"not_picked":["Distraction+1","Acrobatics"],"picked":"PiercingWail+1","floor":38.0},{"not_picked":["Quick Slash+1","Reflex"],"picked":"Predator+1","floor":40.0},{"not_picked":["Concentrate","Eviscerate+1"],"picked":"Caltrops","floor":44.0},{"not_picked":["Distraction+1","Setup"],"picked":"PiercingWail+1","floor":45.0},{"not_picked":["Underhanded Strike","Slice"],"picked":"Leg Sweep+1","floor":46.0},{"not_picked":["Underhanded Strike","Predator+1"],"picked":"Dash+1","floor":48.0},{"not_picked":["Distraction","Deflect","Poisoned Stab"],"picked":"SKIP","floor":54.0}],"player_experience":392098,"relics_obtained":[{"floor":7.0,"key":"Incense Burner"},{"floor":9.0,"key":"Ninja Scroll"},{"floor":10.0,"key":"Mango"},{"floor":21.0,"key":"Necronomicon"},{"floor":24.0,"key":"Potion Belt"},{"floor":26.0,"key":"Bag of Marbles"},{"floor":27.0,"key":"Happy Flower"},{"floor":40.0,"key":"Boot"},{"floor":45.0,"key":"Juzu Bracelet"},{"floor":54.0,"key":"Mercury Hourglass"}],"event_choices":[{"damage_healed":0.0,"max_hp_gain":0.0,"max_hp_loss":0.0,"gold_gain":0.0,"event_name":"Golden Idol","player_choice":"Take Damage","floor":5.0,"gold_loss":0.0,"damage_taken":15.0,"relics_obtained":["Golden Idol"]},{"damage_healed":0.0,"max_hp_gain":0.0,"max_hp_loss":0.0,"gold_gain":0.0,"event_name":"The Mausoleum","player_choice":"Opened","floor":20.0,"gold_loss":0.0,"damage_taken":0.0,"relics_obtained":["Centennial Puzzle"],"cards_obtained":["Writhe"]},{"damage_healed":0.0,"max_hp_gain":0.0,"max_hp_loss":0.0,"gold_gain":0.0,"event_name":"Cursed Tome","player_choice":"Obtained Book","floor":21.0,"gold_loss":0.0,"damage_taken":16.0},{"damage_healed":0.0,"max_hp_gain":0.0,"max_hp_loss":4.0,"gold_gain":0.0,"event_name":"Winding Halls","player_choice":"Max HP","floor":37.0,"gold_loss":0.0,"damage_taken":0.0},{"damage_healed":0.0,"max_hp_gain":0.0,"max_hp_loss":0.0,"gold_gain":0.0,"event_name":"SensoryStone","player_choice":"Memory 1","floor":39.0,"gold_loss":0.0,"damage_taken":0.0},{"damage_healed":0.0,"max_hp_gain":0.0,"max_hp_loss":0.0,"gold_gain":0.0,"event_name":"Tomb of Lord Red Mask","player_choice":"Paid","floor":42.0,"gold_loss":6.0,"damage_taken":0.0,"relics_obtained":["Red Mask"]},{"cards_removed":["Bullet Time"],"damage_healed":0.0,"max_hp_gain":0.0,"max_hp_loss":0.0,"gold_gain":0.0,"event_name":"Falling","player_choice":"Removed Skill","floor":47.0,"gold_loss":0.0,"damage_taken":0.0}],"is_beta":false,"boss_relics":[{"not_picked":["Snecko Eye","Busted Crown"],"picked":"Ectoplasm"},{"not_picked":["Runic Dome","Lizard Tail"],"picked":"Pandora\u0027s Box"}],"items_purged_floors":[3,29],"is_endless":false,"potions_floor_spawned":[4,7,10,22,28,38,45,46,48,54],"ascension_level":9}