{"gold_per_floor":[113,128,128,143,157,157,192,192,192,192,192,209,209,134,134,233,233,253,81,94,94,113,113,144,144,168,168,168,186,211,223,223,223],"floor_reached":33,"playtime":2194,"items_purged":["Strike_G"],"score":419,"play_id":"46627e1e-1c89-4cd2-974e-dd355907d667","local_time":"20191001130709","is_ascension_mode":true,"campfire_choices":[{"data":"Deadly Poison","floor":6,"key":"SMITH"},{"floor":8,"key":"REST"},{"data":"Deflect","floor":15,"key":"SMITH"},{"data":"Apotheosis","floor":23,"key":"SMITH"},{"floor":25,"key":"REST"},{"data":"Envenom","floor":27,"key":"SMITH"},{"floor":32,"key":"REST"}],"neow_cost":"NONE","seed_source_timestamp":91022318179900,"circlet_count":0,"master_deck":["Strike_G","Defend_G","Defend_G","Defend_G","Defend_G","Defend_G","Survivor","Neutralize","Deadly Poison+1","Expertise","Leg Sweep","Dash","Dodge and Roll+1","Deflect+1","Neutralize","Flying Knee","Envenom+1","Poisoned Stab","Apotheosis+1","Slice","Riddle With Holes","Noxious Fumes+1","Backflip+1","Bane+1","Acrobatics+1"],"relics":["Ring of the Serpent","Snake Skull","Bottled Flame","Strawberry","Mummified Hand"],"potions_floor_usage":[16,16,18,22,29,31,33],"damage_taken":[{"damage":2,"enemies":"Small Slimes","floor":1,"turns":4},{"damage":2,"enemies":"Jaw Worm","floor":2,"turns":5},{"damage":0,"enemies":"Cultist","floor":4,"turns":4},{"damage":7,"enemies":"Blue Slaver","floor":5,"turns":6},{"damage":33,"enemies":"Gremlin Nob","floor":7,"turns":5},{"damage":1,"enemies":"Exordium Thugs","floor":12,"turns":4},{"damage":0,"enemies":"The Guardian","floor":16,"turns":13},{"damage":0,"enemies":"Shell Parasite","floor":18,"turns":7},{"damage":6,"enemies":"Spheric Guardian","floor":20,"turns":4},{"damage":11,"enemies":"Chosen and Byrds","floor":22,"turns":8},{"damage":17,"enemies":"Book of Stabbing","floor":24,"turns":6},{"damage":18,"enemies":"Centurion and Healer","floor":29,"turns":6},{"damage":26,"enemies":"Slavers","floor":30,"turns":6},{"damage":2,"enemies":"Snake Plant","floor":31,"turns":4},{"damage":49,"enemies":"Collector","floor":33,"turns":6}],"seed_played":"-8587344658108181640","potions_obtained":[{"floor":2,"key":"Energy Potion"},{"floor":4,"key":"Block Potion"},{"floor":12,"key":"EssenceOfSteel"},{"floor":18,"key":"SkillPotion"},{"floor":24,"key":"Swift Potion"},{"floor":30,"key":"EssenceOfSteel"},{"floor":31,"key":"EssenceOfSteel"}],"is_trial":false,"path_per_floor":["M","M","?","M","M","R","E","R","T","?","?","M","?","$","R","B",null,"M","$","M","?","M","R","E","R","T","R","?","M","E","M","R","B"],"character_chosen":"THE_SILENT","items_purchased":["Apotheosis"],"campfire_rested":3,"item_purchase_floors":[19],"current_hp_per_floor":[68,66,59,59,52,52,19,40,40,40,40,39,39,39,39,39,62,62,62,56,56,45,45,28,49,56,56,56,38,12,10,33,0],"gold":223,"neow_bonus":"REMOVE_CARD","is_prod":false,"is_daily":false,"chose_seed":false,"campfire_upgraded":4,"win_rate":0,"timestamp":1569953229,"path_taken":["M","M","?","M","M","R","E","R","T","?","?","?","?","?","R","BOSS","M","$","M","?","?","R","E","R","T","R","?","?","E","M","R","BOSS"],"build_version":"2019-07-17","purchased_purges":1,"victory":false,"max_hp_per_floor":[70,70,70,70,70,70,70,70,70,70,70,70,70,70,70,70,70,70,70,70,70,70,70,70,70,77,77,77,77,77,77,77,77],"card_choices":[{"not_picked":["Flying Knee","Reflex"],"picked":"Deadly Poison","floor":1},{"not_picked":["Endless Agony","Finisher"],"picked":"Expertise","floor":2},{"not_picked":["Backflip","Prepared"],"picked":"Leg Sweep","floor":4},{"not_picked":["Quick Slash","Infinite Blades"],"picked":"Dash","floor":5},{"not_picked":["Calculated Gamble","Quick Slash"],"picked":"Dodge and Roll","floor":7},{"not_picked":["Dagger Spray","Eviscerate"],"picked":"Deflect","floor":12},{"not_picked":["Wraith Form v2","Malaise"],"picked":"Envenom","floor":16},{"not_picked":["Sucker Punch","Choke"],"picked":"Poisoned Stab","floor":18},{"not_picked":["Reflex","Masterful Stab+1"],"picked":"Slice","floor":20},{"not_picked":["PiercingWail","Skewer"],"picked":"Riddle With Holes","floor":22},{"not_picked":["Acrobatics","Expertise"],"picked":"Noxious Fumes","floor":24},{"not_picked":["Deadly Poison","Flying Knee+1"],"picked":"Backflip+1","floor":29},{"not_picked":["Leg Sweep","Heel Hook+1"],"picked":"Bane+1","floor":30},{"not_picked":["PiercingWail+1","Leg Sweep"],"picked":"Acrobatics+1","floor":31}],"player_experience":246545,"relics_obtained":[{"floor":7,"key":"Snake Skull"},{"floor":24,"key":"Bottled Flame"},{"floor":26,"key":"Strawberry"},{"floor":30,"key":"Mummified Hand"}],"event_choices":[{"cards_removed":["Strike_G"],"damage_healed":0,"gold_gain":0,"player_choice":"Card Removal","damage_taken":7,"max_hp_gain":0,"max_hp_loss":0,"event_name":"Golden Wing","floor":3,"gold_loss":0},{"damage_healed":0,"gold_gain":0,"player_choice":"Ignored","damage_taken":0,"max_hp_gain":0,"max_hp_loss":0,"event_name":"Liars Game","floor":10,"gold_loss":0},{"damage_healed":0,"gold_gain":0,"player_choice":"Upgraded","damage_taken":0,"max_hp_gain":0,"max_hp_loss":0,"event_name":"Upgrade Shrine","floor":11,"gold_loss":0,"cards_upgraded":["Dodge and Roll"]},{"damage_healed":0,"gold_gain":0,"player_choice":"2 cards matched","damage_taken":0,"max_hp_gain":0,"max_hp_loss":0,"event_name":"Match and Keep!","floor":13,"gold_loss":0,"cards_obtained":["Neutralize","Flying Knee"]},{"cards_removed":["Strike_G"],"damage_healed":0,"gold_gain":0,"player_choice":"Offered Basic","damage_taken":0,"max_hp_gain":0,"max_hp_loss":0,"event_name":"Bonfire Elementals","floor":21,"gold_loss":0},{"damage_healed":0,"gold_gain":0,"player_choice":"Forge","damage_taken":0,"max_hp_gain":0,"max_hp_loss":0,"event_name":"Accursed Blacksmith","floor":28,"gold_loss":0,"cards_upgraded":["Noxious Fumes"]}],"is_beta":false,"boss_relics":[{"not_picked":["Black Star","Lizard Tail"],"picked":"Ring of the Serpent"}],"items_purged_floors":[14],"is_endless":false,"potions_floor_spawned":[2,4,12,18,24,30,31],"killed_by":"Collector","ascension_level":5}