{"gold_per_floor":[118,118,118,137,154,6,6,25,48,73,23,55,71,103,103,205,205,216,216,229,247,263,263,294,307,331,348,380,66,17,17,17,120,120,134,234,244,184,197,230,230,244,318,345,357,357,387,88,88,88,88,88,10,39,39],"floor_reached":56,"playtime":3225,"items_purged":["Strike_R","Strike_R"],"score":1321,"play_id":"33a8f190-9458-4ae8-8c16-69a45df284d4","local_time":"20191004121226","is_ascension_mode":true,"campfire_choices":[{"data":"Inflame","floor":7,"key":"SMITH"},{"data":"Barricade","floor":15,"key":"SMITH"},{"data":"Flame Barrier","floor":23,"key":"SMITH"},{"floor":32,"key":"REST"},{"data":"Strike_R","floor":41,"key":"PURGE"},{"data":"Strike_R","floor":46,"key":"PURGE"},{"floor":49,"key":"RECALL"},{"data":"Parasite","floor":52,"key":"PURGE"}],"neow_cost":"TEN_PERCENT_HP_LOSS","seed_source_timestamp":7531258393800,"circlet_count":0,"master_deck":["Defend_R+1","Defend_R","Defend_R","Defend_R","Bash","Iron Wave","Battle Trance+1","Inflame+1","Evolve","Headbutt","Wild Strike","Spot Weakness","Barricade+1","Flame Barrier+1","Reaper","Whirlwind+1","Sword Boomerang","True Grit","Battle Trance","Shrug It Off","Berserk","True Grit+1","Armaments+1","Inflame+1","Shockwave+1","Bloodletting+1","Pommel Strike+1"],"relics":["Burning Blood","Bird Faced Urn","Lantern","War Paint","Champion Belt","Boot","Regal Pillow","Runic Dome","Blood Vial","InkBottle","Vajra","Ice Cream","Enchiridion","SacredBark","Peace Pipe","TungstenRod","Blue Candle","Bag of Marbles","Art of War","Bottled Flame"],"potions_floor_usage":[14,33,33,40,40,55,55,55],"damage_taken":[{"damage":5,"enemies":"Jaw Worm","floor":1,"turns":4},{"damage":6,"enemies":"Cultist","floor":4,"turns":3},{"damage":3,"enemies":"2 Louse","floor":5,"turns":3},{"damage":7,"enemies":"Large Slime","floor":8,"turns":6},{"damage":35,"enemies":"Lagavulin","floor":10,"turns":6},{"damage":17,"enemies":"3 Sentries","floor":12,"turns":6},{"damage":3,"enemies":"3 Louse","floor":13,"turns":4},{"damage":6,"enemies":"Gremlin Nob","floor":14,"turns":3},{"damage":35,"enemies":"Slime Boss","floor":16,"turns":6},{"damage":19,"enemies":"2 Thieves","floor":18,"turns":5},{"damage":0,"enemies":"3 Byrds","floor":20,"turns":5},{"damage":18,"enemies":"3 Cultists","floor":21,"turns":4},{"damage":10,"enemies":"Cultist and Chosen","floor":22,"turns":4},{"damage":26,"enemies":"Book of Stabbing","floor":24,"turns":6},{"damage":21,"enemies":"Centurion and Healer","floor":25,"turns":9},{"damage":29,"enemies":"Snake Plant","floor":27,"turns":6},{"damage":23,"enemies":"Gremlin Leader","floor":28,"turns":5},{"damage":18,"enemies":"Automaton","floor":33,"turns":10},{"damage":12,"enemies":"3 Darklings","floor":35,"turns":3},{"damage":15,"enemies":"Mind Bloom Boss Battle","floor":36,"turns":5},{"damage":0,"enemies":"Orb Walker","floor":37,"turns":3},{"damage":22,"enemies":"4 Shapes","floor":39,"turns":6},{"damage":35,"enemies":"Reptomancer","floor":40,"turns":8},{"damage":4,"enemies":"Writhing Mass","floor":42,"turns":6},{"damage":6,"enemies":"Giant Head","floor":44,"turns":7},{"damage":2,"enemies":"Jaw Worm Horde","floor":45,"turns":2},{"damage":7,"enemies":"Nemesis","floor":47,"turns":7},{"damage":68,"enemies":"Awakened One","floor":50,"turns":14},{"damage":38,"enemies":"Shield and Spear","floor":54,"turns":5},{"damage":59,"enemies":"The Heart","floor":55,"turns":8}],"seed_played":"-4894325435458641139","potions_obtained":[{"floor":1,"key":"Ancient Potion"},{"floor":5,"key":"ElixirPotion"},{"floor":10,"key":"ElixirPotion"},{"floor":16,"key":"LiquidBronze"},{"floor":19,"key":"Fire Potion"},{"floor":22,"key":"SpeedPotion"},{"floor":35,"key":"EssenceOfSteel"},{"floor":36,"key":"LiquidBronze"},{"floor":45,"key":"PowerPotion"}],"is_trial":false,"path_per_floor":["M","?","?","M","M","$","R","M","T","E","$","E","M","E","R","B",null,"M","?","M","M","M","R","E","M","T","M","E","$","$","?","R","B",null,"M","?","M","?","M","E","R","M","T","E","M","R","E","$","R","B",null,"R","$","E","B",null],"character_chosen":"IRONCLAD","items_purchased":["Evolve","PowerPotion","Ice Cream","Shrug It Off","Art of War","Explosive Potion","EssenceOfSteel"],"campfire_rested":1,"item_purchase_floors":[6,11,29,30,48,48,53],"current_hp_per_floor":[72,69,72,72,72,72,72,72,72,43,43,36,43,47,47,24,72,62,62,72,62,64,64,61,68,68,56,51,51,51,35,71,72,72,67,72,72,72,72,70,70,72,72,72,72,72,72,72,72,43,72,69,69,69,69],"gold":39,"neow_bonus":"ONE_RARE_RELIC","is_prod":false,"is_daily":false,"chose_seed":false,"campfire_upgraded":3,"win_rate":0,"timestamp":1570187546,"path_taken":["M","?","?","?","M","$","R","?","T","E","$","E","M","E","R","BOSS","M","?","M","M","?","R","E","M","T","M","E","?","$","?","R","BOSS","M","?","M","?","?","E","R","?","T","E","M","R","E","?","R","BOSS","R","$","E","BOSS"],"build_version":"2019-10-03","purchased_purges":2,"victory":true,"max_hp_per_floor":[72,72,72,72,72,72,72,72,72,72,72,72,72,72,72,72,72,72,72,72,72,72,72,72,72,72,72,72,72,72,72,72,72,72,72,72,72,72,72,72,72,72,72,72,72,72,72,72,72,72,72,69,69,69,69],"card_choices":[{"not_picked":["Entrench","Pommel Strike"],"picked":"Iron Wave","floor":1},{"not_picked":["Thunderclap","True Grit"],"picked":"Battle Trance","floor":4},{"not_picked":["Sever Soul","Reckless Charge"],"picked":"Inflame","floor":5},{"not_picked":["Uppercut","Iron Wave"],"picked":"Headbutt","floor":8},{"not_picked":["Blood for Blood","Thunderclap"],"picked":"Wild Strike","floor":10},{"not_picked":["Intimidate","Iron Wave"],"picked":"Spot Weakness","floor":12},{"not_picked":["Twin Strike","Whirlwind"],"picked":"Barricade","floor":13},{"not_picked":["Flex","Perfected Strike"],"picked":"Flame Barrier","floor":14},{"not_picked":["Juggernaut","Double Tap"],"picked":"Reaper","floor":16},{"not_picked":["Flex","Headbutt","Anger"],"picked":"SKIP","floor":18},{"not_picked":["Perfected Strike","Armaments+1"],"picked":"Whirlwind+1","floor":20},{"not_picked":["Body Slam","Intimidate"],"picked":"Sword Boomerang","floor":21},{"not_picked":["Heavy Blade","Sword Boomerang","Dropkick"],"picked":"SKIP","floor":22},{"not_picked":["Barricade","Armaments","Clothesline"],"picked":"SKIP","floor":24},{"not_picked":["Dropkick","Evolve+1"],"picked":"True Grit","floor":25},{"not_picked":["Wild Strike+1","Body Slam","Hemokinesis"],"picked":"SKIP","floor":27},{"not_picked":["Flex","Rupture"],"picked":"Battle Trance","floor":28},{"not_picked":["Immolate","Juggernaut"],"picked":"Berserk","floor":33},{"not_picked":["Havoc+1","Inflame"],"picked":"True Grit+1","floor":35},{"not_picked":["Bloodletting","Heavy Blade"],"picked":"Armaments+1","floor":36},{"not_picked":["Flex","Headbutt"],"picked":"Inflame+1","floor":37},{"not_picked":["Metallicize","Sever Soul+1"],"picked":"Shockwave+1","floor":39},{"not_picked":["Clothesline","Seeing Red+1"],"picked":"Bloodletting+1","floor":40},{"not_picked":["Thunderclap","Sever Soul+1","Intimidate+1"],"picked":"SKIP","floor":42},{"not_picked":["Barricade","Carnage"],"picked":"Pommel Strike+1","floor":44},{"not_picked":["Headbutt+1","Perfected Strike","Pommel Strike+1"],"picked":"SKIP","floor":45},{"not_picked":["Carnage","Havoc","Immolate"],"picked":"SKIP","floor":47},{"not_picked":["Clothesline+1","Blood for Blood+1","Pommel Strike+1"],"picked":"SKIP","floor":54}],"player_experience":1609458,"relics_obtained":[{"floor":9,"key":"War Paint"},{"floor":10,"key":"Champion Belt"},{"floor":12,"key":"Boot"},{"floor":14,"key":"Regal Pillow"},{"floor":24,"key":"Blood Vial"},{"floor":26,"key":"InkBottle"},{"floor":28,"key":"Vajra"},{"floor":31,"key":"Enchiridion"},{"floor":36,"key":"Peace Pipe"},{"floor":40,"key":"TungstenRod"},{"floor":44,"key":"Blue Candle"},{"floor":47,"key":"Bag of Marbles"},{"floor":54,"key":"Bottled Flame"}],"event_choices":[{"damage_healed":0,"gold_gain":0,"player_choice":"Success","damage_taken":3,"relics_obtained":["Lantern"],"max_hp_gain":0,"max_hp_loss":0,"event_name":"Scrap Ooze","floor":2,"gold_loss":0},{"damage_healed":3,"gold_gain":0,"player_choice":"Full Heal","damage_taken":0,"max_hp_gain":0,"max_hp_loss":0,"event_name":"Wheel of Change","floor":3,"gold_loss":0},{"damage_healed":0,"gold_gain":0,"player_choice":"Got Potions","damage_taken":0,"max_hp_gain":0,"max_hp_loss":0,"event_name":"Lab","floor":19,"gold_loss":0},{"damage_healed":0,"gold_gain":0,"player_choice":"Obtained Book","damage_taken":16,"max_hp_gain":0,"max_hp_loss":0,"event_name":"Cursed Tome","floor":31,"gold_loss":0},{"damage_healed":0,"gold_gain":0,"player_choice":"Fight","damage_taken":0,"max_hp_gain":0,"max_hp_loss":0,"event_name":"MindBloom","floor":36,"gold_loss":0},{"cards_removed":["Strike_R"],"damage_healed":0,"gold_gain":0,"player_choice":"Single Remove","damage_taken":0,"max_hp_gain":0,"max_hp_loss":0,"event_name":"Designer","floor":38,"gold_loss":60}],"is_beta":true,"boss_relics":[{"not_picked":["Busted Crown","Calling Bell"],"picked":"Runic Dome"},{"not_picked":["Fusion Hammer","Black Star"],"picked":"SacredBark"}],"items_purged_floors":[6,48],"is_endless":false,"potions_floor_spawned":[1,5,10,16,20,22,25,28,35,36,37,45],"ascension_level":1}