{"gold_per_floor":[117,117,135,135,152,152,178,193,218,228,244,261,272,302,302,406,406,418,445,13,28,40,40,67,67,92,127,158,170],"floor_reached":29,"playtime":1779,"items_purged":[],"score":441,"play_id":"ace82f0f-e914-4924-b5a2-425e1399deb6","local_time":"20190831215913","is_ascension_mode":true,"campfire_choices":[{"data":"Zap","floor":6,"key":"SMITH"},{"data":"Hologram","floor":15,"key":"SMITH"},{"floor":23,"key":"REST"},{"data":"Defragment","floor":25,"key":"SMITH"}],"neow_cost":"NONE","seed_source_timestamp":1428134057296800,"circlet_count":0,"master_deck":["Strike_B","Strike_B","Strike_B","Defend_B+1","Defend_B","Defend_B","Defend_B","Zap+1","Dualcast+1","Compile Driver","Go for the Eyes","Chill","Capacitor","Coolheaded","Hologram+1","Darkness","Undo","Seek","Undo","All For One","Turbo","Defragment+1","Beam Cell","Ball Lightning","BootSequence","Compile Driver","Hologram+1"],"relics":["Cracked Core","Art of War","Potion Belt","Bag of Preparation","White Beast Statue","Red Mask","PreservedInsect","Bronze Scales","Bottled Flame","MawBank"],"potions_floor_usage":[14,14,16,18,19,22,24,24,24,27,29,29],"damage_taken":[{"damage":17,"enemies":"Small Slimes","floor":1,"turns":3},{"damage":16,"enemies":"2 Louse","floor":3,"turns":2},{"damage":0,"enemies":"Cultist","floor":5,"turns":2},{"damage":8,"enemies":"Lagavulin","floor":7,"turns":7},{"damage":4,"enemies":"3 Louse","floor":8,"turns":4},{"damage":2,"enemies":"2 Fungi Beasts","floor":10,"turns":4},{"damage":0,"enemies":"Looter","floor":11,"turns":3},{"damage":0,"enemies":"3 Louse","floor":12,"turns":2},{"damage":9,"enemies":"Large Slime","floor":13,"turns":4},{"damage":14,"enemies":"Gremlin Nob","floor":14,"turns":4},{"damage":12,"enemies":"Hexaghost","floor":16,"turns":10},{"damage":7,"enemies":"2 Thieves","floor":18,"turns":5},{"damage":18,"enemies":"Masked Bandits","floor":19,"turns":6},{"damage":0,"enemies":"Shell Parasite","floor":21,"turns":5},{"damage":27,"enemies":"Snecko","floor":22,"turns":6},{"damage":11,"enemies":"Gremlin Leader","floor":24,"turns":5},{"damage":0,"enemies":"Book of Stabbing","floor":27,"turns":4},{"damage":0,"enemies":"Centurion and Healer","floor":28,"turns":8},{"damage":43,"enemies":"Gremlin Leader","floor":29,"turns":7}],"seed_played":"-6999799390767936339","potions_obtained":[{"floor":8,"key":"Weak Potion"},{"floor":11,"key":"Poison Potion"},{"floor":12,"key":"Strength Potion"},{"floor":13,"key":"Strength Potion"},{"floor":14,"key":"Poison Potion"},{"floor":16,"key":"Fire Potion"},{"floor":18,"key":"SkillPotion"},{"floor":19,"key":"SpeedPotion"},{"floor":21,"key":"Fire Potion"},{"floor":22,"key":"Regen Potion"},{"floor":24,"key":"GamblersBrew"},{"floor":27,"key":"Energy Potion"},{"floor":28,"key":"EssenceOfSteel"}],"is_trial":false,"path_per_floor":["M","?","M","?","M","R","E","M","T","M","M","M","M","E","R","B",null,"M","?","$","M","M","R","E","R","T","E","M","E"],"character_chosen":"DEFECT","items_purchased":["PreservedInsect","Defragment","Beam Cell","Bronze Scales"],"campfire_rested":1,"item_purchase_floors":[20,20,20,20],"current_hp_per_floor":[51,36,20,75,75,75,67,63,63,61,61,61,52,38,38,26,63,56,38,38,38,11,33,36,36,36,36,36,0],"gold":170,"neow_bonus":"TRANSFORM_CARD","is_prod":false,"is_daily":false,"chose_seed":false,"campfire_upgraded":3,"win_rate":0,"timestamp":1567285153,"path_taken":["M","?","M","?","M","R","E","M","T","M","M","M","?","E","R","BOSS","M","?","$","M","M","R","E","R","T","E","M","E"],"build_version":"2019-07-17","purchased_purges":0,"victory":false,"max_hp_per_floor":[75,75,75,75,75,75,75,75,75,75,75,75,75,75,75,75,75,75,75,75,75,75,75,75,75,75,75,75,75],"card_choices":[{"not_picked":["Rebound","Hologram"],"picked":"Go for the Eyes","floor":1},{"not_picked":["Sunder","Lockon"],"picked":"Chill","floor":3},{"not_picked":["Storm","Scrape"],"picked":"Chill","floor":5},{"not_picked":["Fusion","Auto Shields"],"picked":"Capacitor","floor":7},{"not_picked":["Capacitor","Go for the Eyes"],"picked":"Coolheaded","floor":8},{"not_picked":["Rebound","Beam Cell"],"picked":"Hologram","floor":10},{"not_picked":["Double Energy","Cold Snap"],"picked":"Darkness","floor":11},{"not_picked":["Conserve Battery","Hologram"],"picked":"Undo","floor":12},{"not_picked":["Compile Driver","Sweeping Beam"],"picked":"Seek","floor":13},{"not_picked":["Ball Lightning","FTL"],"picked":"Undo","floor":14},{"not_picked":["Meteor Strike","Seek"],"picked":"All For One","floor":16},{"not_picked":["Darkness","Steam Power"],"picked":"Turbo","floor":18},{"not_picked":["Steam","Sweeping Beam"],"picked":"Ball Lightning","floor":21},{"not_picked":["Beam Cell","Barrage+1"],"picked":"BootSequence","floor":22},{"not_picked":["Cold Snap","Beam Cell"],"picked":"Compile Driver","floor":24},{"not_picked":["Gash","Seek"],"picked":"Hologram+1","floor":27},{"not_picked":["Sunder","Stack","Melter"],"picked":"SKIP","floor":28}],"player_experience":1890773,"relics_obtained":[{"floor":7,"key":"Art of War"},{"floor":9,"key":"Potion Belt"},{"floor":14,"key":"Bag of Preparation"},{"floor":19,"key":"Red Mask"},{"floor":24,"key":"Bottled Flame"},{"floor":27,"key":"MawBank"}],"event_choices":[{"damage_healed":0,"gold_gain":0,"player_choice":"Entered Light","damage_taken":15,"max_hp_gain":0,"max_hp_loss":0,"event_name":"Shining Light","floor":2,"gold_loss":0,"cards_upgraded":["Dualcast","Defend_B"]},{"cards_removed":["Chill"],"damage_healed":55,"gold_gain":0,"player_choice":"Offered Uncommon","damage_taken":0,"max_hp_gain":0,"max_hp_loss":0,"event_name":"Bonfire Elementals","floor":4,"gold_loss":0},{"damage_healed":0,"gold_gain":0,"player_choice":"Fought Bandits","damage_taken":0,"max_hp_gain":0,"max_hp_loss":0,"event_name":"Masked Bandits","floor":19,"gold_loss":0}],"is_beta":false,"boss_relics":[{"not_picked":["Coffee Dripper","Sozu"],"picked":"White Beast Statue"}],"items_purged_floors":[],"is_endless":false,"potions_floor_spawned":[8,11,12,13,14,16,18,19,21,22,24,27,28],"killed_by":"Gremlin Leader","ascension_level":9}