{"gold_per_floor":[116,116,135,135,11,11,24,24,49,76,86,106,125,154,154,257,257,276,295,50,62,76,76,102,112,112,140,140,140,165,165,165,165],"floor_reached":33,"playtime":1523,"items_purged":["Strike_B"],"score":459,"play_id":"20b03721-6201-4bca-b36d-568c32c17379","local_time":"20190521180656","is_ascension_mode":true,"campfire_choices":[{"data":"Zap","floor":6,"key":"SMITH"},{"data":"Hologram","floor":8,"key":"SMITH"},{"data":"Doom and Gloom","floor":15,"key":"SMITH"},{"floor":23,"key":"REST"},{"floor":29,"key":"REST"},{"floor":32,"key":"REST"}],"neow_cost":"TEN_PERCENT_HP_LOSS","seed_source_timestamp":27330389043076,"circlet_count":0,"master_deck":["Strike_B","Strike_B","Defend_B","Defend_B","Defend_B","Defend_B","Zap+1","Dualcast","Glacier","Sweeping Beam","Capacitor","Conserve Battery","Hologram+1","Doom and Gloom+1","Cold Snap","Core Surge","Fission","Skim+1","Compile Driver","Bandage Up","Barrage+1","Decay","Undo+1","Steam+1"],"relics":["Cracked Core","Turnip","Du-Vu Doll","Regal Pillow","Ancient Tea Set","Bronze Scales","Cursed Key","Molten Egg 2","Matryoshka","Toxic Egg 2","Ornamental Fan","Gremlin Horn"],"potions_floor_usage":[13,21,22,25,27,27,27],"damage_taken":[{"damage":4,"enemies":"2 Louse","floor":1,"turns":2},{"damage":0,"enemies":"Cultist","floor":3,"turns":4},{"damage":0,"enemies":"Jaw Worm","floor":7,"turns":4},{"damage":4,"enemies":"Lagavulin","floor":10,"turns":10},{"damage":1,"enemies":"3 Louse","floor":11,"turns":3},{"damage":1,"enemies":"Looter","floor":12,"turns":3},{"damage":0,"enemies":"2 Fungi Beasts","floor":13,"turns":4},{"damage":13,"enemies":"3 Sentries","floor":14,"turns":5},{"damage":0,"enemies":"Slime Boss","floor":16,"turns":6},{"damage":5,"enemies":"3 Byrds","floor":18,"turns":2},{"damage":13,"enemies":"2 Thieves","floor":19,"turns":4},{"damage":18,"enemies":"Snecko","floor":21,"turns":5},{"damage":8,"enemies":"3 Cultists","floor":22,"turns":4},{"damage":41,"enemies":"Slavers","floor":24,"turns":6},{"damage":8,"enemies":"Snake Plant","floor":25,"turns":4},{"damage":7,"enemies":"Book of Stabbing","floor":27,"turns":4},{"damage":35,"enemies":"Gremlin Leader","floor":30,"turns":7},{"damage":9,"enemies":"Colosseum Slavers","floor":31,"turns":6},{"damage":59,"enemies":"Champ","floor":33,"turns":12}],"seed_played":"7667587597489567097","potions_obtained":[{"floor":3,"key":"SpeedPotion"},{"floor":14,"key":"LiquidBronze"},{"floor":16,"key":"GamblersBrew"},{"floor":21,"key":"AttackPotion"},{"floor":24,"key":"Strength Potion"},{"floor":25,"key":"Fire Potion"}],"is_trial":false,"path_per_floor":["M","?","M","?","$","R","M","R","T","E","M","M","M","E","R","B",null,"M","M","$","M","M","R","E","M","T","E","?","R","E","?","R","B"],"character_chosen":"DEFECT","items_purchased":["Capacitor","Conserve Battery","Bandage Up","FocusPotion"],"campfire_rested":3,"item_purchase_floors":[5,5,20,20],"current_hp_per_floor":[64,52,52,52,52,52,52,52,52,48,47,46,46,33,33,33,59,54,41,41,27,23,58,21,17,17,14,14,49,18,13,48,0],"gold":165,"neow_bonus":"ONE_RARE_RELIC","is_prod":false,"is_daily":false,"chose_seed":false,"campfire_upgraded":3,"win_rate":0,"timestamp":1558458416,"path_taken":["M","?","M","?","$","R","M","R","T","E","M","?","M","E","R","BOSS","M","M","$","M","M","R","E","M","T","E","?","R","E","?","R","BOSS"],"build_version":"2019-01-23","purchased_purges":1,"victory":false,"max_hp_per_floor":[68,68,68,68,68,68,68,68,68,68,68,68,68,68,68,68,68,68,68,68,68,68,68,68,68,68,68,68,68,68,68,68,68],"card_choices":[{"not_picked":["Steam","Hologram"],"picked":"Glacier","floor":1},{"not_picked":["Streamline","Hologram"],"picked":"Sweeping Beam","floor":3},{"not_picked":["Melter","Capacitor"],"picked":"Hologram","floor":7},{"not_picked":["Hello World","Steam"],"picked":"Doom and Gloom","floor":10},{"not_picked":["Reprogram","Streamline"],"picked":"Cold Snap","floor":11},{"not_picked":["Reprogram","Hologram"],"picked":"Core Surge","floor":12},{"not_picked":["Scrape","Fusion","Gash"],"picked":"SKIP","floor":13},{"not_picked":["Go for the Eyes","Hologram","Rebound"],"picked":"SKIP","floor":14},{"not_picked":["All For One","Meteor Strike"],"picked":"Fission","floor":16},{"not_picked":["Double Energy","Loop"],"picked":"Skim+1","floor":18},{"not_picked":["Ball Lightning+1","Conserve Battery"],"picked":"Compile Driver","floor":19},{"not_picked":["Aggregate","Tempest","Streamline"],"picked":"SKIP","floor":21},{"not_picked":["Gash","Streamline","Turbo"],"picked":"SKIP","floor":22},{"not_picked":["Reprogram","Turbo","Blizzard+1"],"picked":"SKIP","floor":24},{"not_picked":["Hologram","Cold Snap+1"],"picked":"Barrage+1","floor":25},{"not_picked":["Blizzard+1","Leap"],"picked":"Undo","floor":27},{"not_picked":["Blizzard+1","Scrape+1"],"picked":"Steam+1","floor":30}],"player_experience":1467435,"relics_obtained":[{"floor":9,"key":"Regal Pillow"},{"floor":10,"key":"Ancient Tea Set"},{"floor":14,"key":"Bronze Scales"},{"floor":24,"key":"Molten Egg 2"},{"floor":26,"key":"Matryoshka"},{"floor":27,"key":"Toxic Egg 2"},{"floor":30,"key":"Gremlin Horn"}],"event_choices":[{"damage_healed":0,"gold_gain":0,"player_choice":"Success","damage_taken":12,"relics_obtained":["Du-Vu Doll"],"max_hp_gain":0,"max_hp_loss":0,"event_name":"Scrap Ooze","floor":2,"gold_loss":0},{"cards_removed":["Strike_B"],"damage_healed":0,"gold_gain":0,"player_choice":"Offered Basic","damage_taken":0,"max_hp_gain":0,"max_hp_loss":0,"event_name":"Bonfire Elementals","floor":4,"gold_loss":0},{"damage_healed":0,"gold_gain":0,"player_choice":"Opened","damage_taken":0,"relics_obtained":["Ornamental Fan"],"max_hp_gain":0,"max_hp_loss":0,"event_name":"The Mausoleum","floor":28,"gold_loss":0},{"damage_healed":0,"gold_gain":0,"player_choice":"Fight","damage_taken":0,"max_hp_gain":0,"max_hp_loss":0,"event_name":"Colosseum","floor":31,"gold_loss":0},{"damage_healed":0,"gold_gain":0,"player_choice":"Fled From Nobs","damage_taken":0,"max_hp_gain":0,"max_hp_loss":0,"event_name":"Colosseum","floor":31,"gold_loss":0}],"is_beta":false,"boss_relics":[{"not_picked":["Philosopher\u0027s Stone","FrozenCore"],"picked":"Cursed Key"}],"items_purged_floors":[20],"is_endless":false,"potions_floor_spawned":[3,14,16,21,24,25],"killed_by":"Champ","ascension_level":5}