{"gold_per_floor":[110,6,6,18,18,46,46,65,65,65,77,77,97,112,112,216,216,235,87,87,98,115,148,148,178,203,203,220,220,238,258,258,362,362,380,350,362,372,372,406,424,443,443,443,461,140,140,151,151,151,151,151,11,43,43],"floor_reached":55,"playtime":5830,"items_purged":["Strike_G","Defend_G"],"score":1150,"play_id":"4066199f-9dfe-4758-b19b-0ff4dcd0a81a","local_time":"20191014232347","is_ascension_mode":true,"campfire_choices":[{"data":"Acrobatics","floor":7.0,"key":"SMITH"},{"data":"Footwork","floor":10.0,"key":"SMITH"},{"data":"Well Laid Plans","floor":12,"key":"SMITH"},{"data":"Underhanded Strike","floor":15,"key":"SMITH"},{"data":"Caltrops","floor":24,"key":"SMITH"},{"data":"Crippling Poison","floor":27,"key":"SMITH"},{"floor":29,"key":"RECALL"},{"data":"Survivor","floor":32,"key":"SMITH"},{"data":"Defend_G","floor":44,"key":"SMITH"},{"data":"Noxious Fumes","floor":47,"key":"SMITH"},{"data":"Defend_G","floor":49,"key":"SMITH"},{"data":"Defend_G","floor":52,"key":"SMITH"}],"neow_cost":"NONE","seed_source_timestamp":0,"circlet_count":0,"master_deck":["Defend_G+1","Defend_G","Defend_G+1","Defend_G+1","Survivor+1","Neutralize+1","Acrobatics+1","Footwork+1","Underhanded Strike+1","Crippling Poison+1","Backstab+1","Poisoned Stab+1","Well Laid Plans+1","Outmaneuver+1","PiercingWail+1","Die Die Die+1","Leg Sweep+1","Acrobatics+1","PiercingWail+1","Prepared+1","Acrobatics+1","Caltrops+1","Bite+1","Bite+1","Bite+1","Bite+1","Bite+1","PiercingWail+1","Catalyst+1","Cloak And Dagger+1","Doppelganger+1","Cloak And Dagger+1","Concentrate+1","Leg Sweep+1","Adrenaline+1","Crippling Poison+1","Bouncing Flask+1","Acrobatics+1","Catalyst+1","Crippling Poison+1","Bullet Time+1","Noxious Fumes+1","Backflip+1","Finisher+1","Blur+1"],"special_seed":0,"relics":["Ring of the Snake","Molten Egg 2","Toxic Egg 2","Orrery","Blood Vial","Whetstone","Happy Flower","Coffee Dripper","Orichalcum","Unceasing Top"],"potions_floor_usage":[18,22,23,40,41,55,55,55],"damage_taken":[{"damage":1.0,"enemies":"Small Slimes","floor":1.0,"turns":4.0},{"damage":0.0,"enemies":"Cultist","floor":4.0,"turns":4.0},{"damage":26.0,"enemies":"Lagavulin","floor":6.0,"turns":12.0},{"damage":0.0,"enemies":"2 Louse","floor":8.0,"turns":2.0},{"damage":1,"enemies":"Large Slime","floor":11,"turns":5},{"damage":7,"enemies":"Lots of Slimes","floor":13,"turns":3},{"damage":0,"enemies":"3 Louse","floor":14,"turns":4},{"damage":0,"enemies":"The Guardian","floor":16,"turns":13},{"damage":10,"enemies":"Shell Parasite","floor":18,"turns":5},{"damage":8,"enemies":"Chosen","floor":21,"turns":6},{"damage":12,"enemies":"Snake Plant","floor":22,"turns":6},{"damage":28,"enemies":"Slavers","floor":23,"turns":9},{"damage":14,"enemies":"Book of Stabbing","floor":25,"turns":6},{"damage":0,"enemies":"3 Cultists","floor":28,"turns":3},{"damage":20,"enemies":"Centurion and Healer","floor":30,"turns":8},{"damage":0,"enemies":"Snake Plant","floor":31,"turns":5},{"damage":27,"enemies":"Champ","floor":33,"turns":15},{"damage":7,"enemies":"3 Darklings","floor":35,"turns":4},{"damage":0,"enemies":"3 Shapes","floor":37,"turns":5},{"damage":22,"enemies":"3 Darklings","floor":38,"turns":4},{"damage":34,"enemies":"Nemesis","floor":40,"turns":5},{"damage":4,"enemies":"Transient","floor":41,"turns":5},{"damage":10,"enemies":"Spire Growth","floor":42,"turns":4},{"damage":6,"enemies":"Writhing Mass","floor":45,"turns":3},{"damage":0,"enemies":"Jaw Worm Horde","floor":48,"turns":3},{"damage":37,"enemies":"Awakened One","floor":50,"turns":13},{"damage":33,"enemies":"Shield and Spear","floor":54,"turns":6},{"damage":38,"enemies":"The Heart","floor":55,"turns":3}],"seed_played":"-4902843507063897636","potions_obtained":[{"floor":4.0,"key":"SkillPotion"},{"floor":5.0,"key":"Block Potion"},{"floor":5.0,"key":"SkillPotion"},{"floor":8.0,"key":"Strength Potion"},{"floor":14,"key":"AttackPotion"},{"floor":18,"key":"AttackPotion"},{"floor":33,"key":"Poison Potion"},{"floor":36,"key":"GamblersBrew"},{"floor":41,"key":"Swift Potion"}],"is_trial":false,"path_per_floor":["M","$","?","M","?","E","R","M","T","R","M","R","M","M","R","B",null,"M","$","?","M","M","E","R","E","T","R","M","R","M","M","R","B",null,"M","?","M","M","?","E","M","M","T","R","M","$","R","M","R","B",null,"R","$","E","B"],"character_chosen":"THE_SILENT","items_purchased":["Footwork","Underhanded Strike","Caltrops","Bullet Time+1","Noxious Fumes","Finisher+1","Poison Potion","Poison Potion"],"campfire_rested":0,"item_purchase_floors":[2,2,19,46,46,53,53,53],"current_hp_per_floor":[69,69,69,69,69,43,43,43,43,43,42,42,35,35,35,35,67,57,57,53,52,53,49,49,48,48,48,53,53,53,53,53,41,50,53,53,53,46,46,23,42,49,49,49,53,53,53,53,53,41,50,50,50,29,0],"gold":43,"neow_bonus":"TEN_PERCENT_HP_BONUS","is_prod":false,"is_daily":false,"chose_seed":false,"campfire_upgraded":11,"win_rate":0,"timestamp":1571120627,"path_taken":["M","$","?","M","?","E","R","M","T","R","?","R","M","M","R","BOSS","M","$","?","M","M","E","R","E","T","R","M","R","M","M","R","BOSS","M","?","M","?","?","E","M","M","T","R","M","$","R","M","R","BOSS","R","$","E","BOSS"],"build_version":"2019-07-17","purchased_purges":2,"victory":false,"max_hp_per_floor":[77,77,77,77,77,77,77,77,77,77,77,77,77,77,77,77,77,77,77,53,53,53,53,53,53,53,53,53,53,53,53,53,53,53,53,53,53,53,53,53,53,53,53,53,53,53,53,53,53,53,53,53,53,53,53],"card_choices":[{"not_picked":["Underhanded Strike","Bane"],"picked":"Acrobatics","floor":1.0},{"not_picked":["Infinite Blades","Eviscerate"],"picked":"Crippling Poison","floor":4.0},{"not_picked":["Terror","Sucker Punch"],"picked":"Backstab","floor":6.0},{"not_picked":["Outmaneuver","Dagger Throw+1"],"picked":"Poisoned Stab+1","floor":8.0},{"not_picked":["After Image","Leg Sweep+1"],"picked":"Well Laid Plans","floor":11},{"not_picked":["Deadly Poison+1","Bane+1"],"picked":"Outmaneuver+1","floor":13},{"not_picked":["Deadly Poison+1","Crippling Poison+1"],"picked":"PiercingWail+1","floor":14},{"not_picked":["Doppelganger+1","Storm of Steel+1"],"picked":"Die Die Die+1","floor":16},{"not_picked":["Poisoned Stab+1","Bane+1"],"picked":"Leg Sweep+1","floor":17},{"not_picked":["Flechettes+1","Quick Slash+1"],"picked":"Acrobatics+1","floor":17},{"not_picked":["Dagger Spray+1","Well Laid Plans"],"picked":"PiercingWail+1","floor":17},{"not_picked":["Blade Dance+1","Dagger Throw+1"],"picked":"Prepared+1","floor":17},{"not_picked":["Dagger Spray+1","Flying Knee+1"],"picked":"Acrobatics+1","floor":18},{"not_picked":["Bane+1","Prepared+1"],"picked":"PiercingWail+1","floor":21},{"not_picked":["Prepared+1","Bane+1"],"picked":"Catalyst+1","floor":22},{"not_picked":["Deflect+1","PiercingWail+1"],"picked":"Cloak And Dagger+1","floor":23},{"not_picked":["Blade Dance+1","Heel Hook+1"],"picked":"Doppelganger+1","floor":25},{"not_picked":["Poisoned Stab+1","Predator+1"],"picked":"Cloak And Dagger+1","floor":28},{"not_picked":["Blade Dance+1","Setup+1"],"picked":"Concentrate+1","floor":30},{"not_picked":["Flying Knee+1","Deadly Poison+1"],"picked":"Leg Sweep+1","floor":31},{"not_picked":["Unload+1","Grand Finale+1"],"picked":"Adrenaline+1","floor":33},{"not_picked":["Setup+1","Acrobatics+1"],"picked":"Crippling Poison+1","floor":35},{"not_picked":["Bane+1","Slice+1","Deflect+1"],"picked":"SKIP","floor":37},{"not_picked":["Blade Dance+1","Dagger Throw+1","Quick Slash+1"],"picked":"SKIP","floor":38},{"not_picked":["Backstab+1","Poisoned Stab+1"],"picked":"Bouncing Flask+1","floor":40},{"not_picked":["All Out Attack+1","Dagger Spray+1"],"picked":"Acrobatics+1","floor":41},{"not_picked":["Acrobatics+1","Choke+1"],"picked":"Catalyst+1","floor":42},{"not_picked":["Dash+1","Quick Slash+1"],"picked":"Crippling Poison+1","floor":45},{"not_picked":["Bane+1","Prepared+1"],"picked":"Backflip+1","floor":48},{"not_picked":["Deadly Poison+1","Finisher+1"],"picked":"Blur+1","floor":54}],"player_experience":336575,"relics_obtained":[{"floor":6.0,"key":"Molten Egg 2"},{"floor":9.0,"key":"Toxic Egg 2"},{"floor":23,"key":"Blood Vial"},{"floor":25,"key":"Whetstone"},{"floor":26,"key":"Happy Flower"},{"floor":40,"key":"Orichalcum"},{"floor":54,"key":"Unceasing Top"}],"event_choices":[{"damage_healed":0.0,"max_hp_gain":0.0,"max_hp_loss":0.0,"gold_gain":0.0,"event_name":"Living Wall","player_choice":"Grow","floor":3.0,"gold_loss":0.0,"damage_taken":0.0,"cards_upgraded":["Neutralize"]},{"damage_healed":0.0,"max_hp_gain":0.0,"max_hp_loss":0.0,"gold_gain":0.0,"event_name":"Lab","player_choice":"Got Potions","floor":5.0,"gold_loss":0.0,"damage_taken":0.0},{"damage_healed":0,"gold_gain":0,"player_choice":"Became a vampire","damage_taken":0,"max_hp_gain":0,"max_hp_loss":24,"event_name":"Vampires","floor":20,"gold_loss":0,"cards_obtained":["Bite","Bite","Bite","Bite","Bite"]},{"damage_healed":0,"gold_gain":0,"player_choice":"Bought 2 Potions","damage_taken":0,"max_hp_gain":0,"max_hp_loss":0,"event_name":"The Woman in Blue","floor":36,"gold_loss":0},{"damage_healed":0,"gold_gain":0,"player_choice":"Ignored","damage_taken":0,"max_hp_gain":0,"max_hp_loss":0,"event_name":"Tomb of Lord Red Mask","floor":39,"gold_loss":0}],"is_beta":false,"boss_relics":[{"not_picked":["Tiny House","Lizard Tail"],"picked":"Orrery"},{"not_picked":["Ring of the Serpent","Philosopher\u0027s Stone"],"picked":"Coffee Dripper"}],"items_purged_floors":[19,46],"is_endless":false,"potions_floor_spawned":[4,8,14,18,21,33,37,38,41],"killed_by":"The Heart","ascension_level":8}