{"gold_per_floor":[115,134,151,151,168,198,198,231,231,243,1,12,12,23,23,126,126,136,43,43,59,77,106,106,126,126,152,152,152,152,183,183,287,287,304,304,322,422,435,470,131,191,241,294,294,333,360,400,400,450,450,450,17,75,75],"floor_reached":56,"playtime":3797,"items_purged":["Strike_G","Strike_G","Strike_G"],"score":2010,"play_id":"c6595a6d-1231-4717-b0d7-b2b315f4ca51","local_time":"20190831165400","is_ascension_mode":true,"campfire_choices":[{"data":"Apotheosis","floor":13.0,"key":"SMITH"},{"data":"1","floor":15.0,"key":"LIFT"},{"data":"2","floor":24.0,"key":"LIFT"},{"floor":29.0,"key":"DIG"},{"floor":32.0,"key":"DIG"},{"floor":49,"key":"RECALL"},{"floor":52,"key":"DIG"}],"neow_cost":"NONE","seed_source_timestamp":0,"circlet_count":0,"master_deck":["Defend_G","Defend_G","Defend_G","Defend_G","Defend_G","Survivor","Neutralize","Flechettes","Infinite Blades","Noxious Fumes","Backflip","PiercingWail","Backstab","Footwork","Apotheosis+1","Noxious Fumes","Adrenaline","Dodge and Roll","Impatience","Prepared+1","Bouncing Flask+1","Crippling Poison+1","Escape Plan","Venomology","After Image","Finesse","Heel Hook+1","Blade Dance+1","HandOfGreed","Escape Plan","Calculated Gamble","Backflip"],"special_seed":0,"relics":["Ring of the Snake","Kunai","Mercury Hourglass","Ginger","Girya","Fusion Hammer","Potion Belt","Mango","Shovel","Pen Nib","Darkstone Periapt","Nunchaku","Runic Pyramid","Tingsha","MawBank","Membership Card","Lantern","Question Card","Singing Bowl","Ornamental Fan","Lee\u0027s Waffle","Pear","The Specimen","Oddly Smooth Stone"],"potions_floor_usage":[47,50,54,55,55,55,55,55],"damage_taken":[{"damage":1.0,"enemies":"2 Louse","floor":1.0,"turns":3.0},{"damage":1.0,"enemies":"Cultist","floor":2.0,"turns":4.0},{"damage":0.0,"enemies":"Jaw Worm","floor":3.0,"turns":4.0},{"damage":2.0,"enemies":"Looter","floor":5.0,"turns":4.0},{"damage":9.0,"enemies":"Lagavulin","floor":6.0,"turns":8.0},{"damage":11.0,"enemies":"3 Sentries","floor":8.0,"turns":6.0},{"damage":1.0,"enemies":"Red Slaver","floor":10.0,"turns":4.0},{"damage":0.0,"enemies":"3 Louse","floor":12.0,"turns":4.0},{"damage":0.0,"enemies":"Large Slime","floor":14.0,"turns":4.0},{"damage":5.0,"enemies":"Hexaghost","floor":16.0,"turns":8.0},{"damage":0.0,"enemies":"2 Thieves","floor":18.0,"turns":3.0},{"damage":0.0,"enemies":"3 Byrds","floor":21.0,"turns":5.0},{"damage":3.0,"enemies":"Shelled Parasite and Fungi","floor":22.0,"turns":5.0},{"damage":8.0,"enemies":"Book of Stabbing","floor":23.0,"turns":5.0},{"damage":0.0,"enemies":"Snake Plant","floor":25.0,"turns":4.0},{"damage":19.0,"enemies":"Gremlin Leader","floor":27.0,"turns":5.0},{"damage":2.0,"enemies":"Slavers","floor":31.0,"turns":4.0},{"damage":0.0,"enemies":"Automaton","floor":33.0,"turns":8.0},{"damage":0.0,"enemies":"3 Shapes","floor":35.0,"turns":4.0},{"damage":4.0,"enemies":"3 Darklings","floor":37.0,"turns":4.0},{"damage":0.0,"enemies":"Mind Bloom Boss Battle","floor":38.0,"turns":6.0},{"damage":0.0,"enemies":"Maw","floor":39.0,"turns":5.0},{"damage":7.0,"enemies":"Reptomancer","floor":40.0,"turns":5.0},{"damage":0.0,"enemies":"Nemesis","floor":42.0,"turns":7.0},{"damage":0.0,"enemies":"Reptomancer","floor":44.0,"turns":6.0},{"damage":0.0,"enemies":"Writhing Mass","floor":46.0,"turns":6.0},{"damage":5,"enemies":"Nemesis","floor":47,"turns":5},{"damage":0,"enemies":"Sphere and 2 Shapes","floor":48,"turns":4},{"damage":7,"enemies":"Donu and Deca","floor":50,"turns":9},{"damage":24,"enemies":"Shield and Spear","floor":54,"turns":6},{"damage":0,"enemies":"The Heart","floor":55,"turns":8}],"seed_played":"-2623798245630343730","potions_obtained":[{"floor":0.0,"key":"SkillPotion"},{"floor":0.0,"key":"Fire Potion"},{"floor":0.0,"key":"EssenceOfSteel"},{"floor":5.0,"key":"Fruit Juice"},{"floor":8.0,"key":"GamblersBrew"},{"floor":10.0,"key":"GamblersBrew"},{"floor":18.0,"key":"SteroidPotion"},{"floor":25.0,"key":"Regen Potion"},{"floor":31.0,"key":"Weak Potion"},{"floor":33.0,"key":"Dexterity Potion"},{"floor":38.0,"key":"GhostInAJar"},{"floor":39.0,"key":"GhostInAJar"},{"floor":54,"key":"PowerPotion"}],"is_trial":false,"path_per_floor":["M","M","M","?","M","E","?","E","T","M","$","M","R","M","R","B",null,"M","$","?","M","M","E","R","M","T","E","?","R","?","E","R","B",null,"M","?","M","?","M","E","$","E","T","E","?","M","E","M","R","B",null,"R","$","E","B",null],"character_chosen":"THE_SILENT","items_purchased":["Apotheosis","Impatience","Membership Card","HandOfGreed","Lee\u0027s Waffle","Pear","The Specimen"],"campfire_rested":0,"item_purchase_floors":[11,19,41,41,53,53,53],"current_hp_per_floor":[62,61,61,54,57,48,41,30,30,29,29,29,29,29,29,24,62,62,62,62,62,59,51,51,51,65,60,60,60,60,58,58,58,81,81,81,77,77,77,70,70,70,70,70,70,70,67,67,67,60,83,83,108,84,84],"gold":75,"neow_bonus":"THREE_SMALL_POTIONS","is_prod":false,"is_daily":false,"chose_seed":false,"campfire_upgraded":1,"win_rate":0,"timestamp":1567266840,"path_taken":["M","M","M","?","M","E","?","E","T","M","$","M","R","M","R","BOSS","M","$","?","M","?","E","R","M","T","E","?","R","?","E","R","BOSS","M","?","M","?","M","E","$","E","T","E","?","M","E","M","R","BOSS","R","$","E","BOSS"],"build_version":"2019-07-17","purchased_purges":3,"victory":true,"max_hp_per_floor":[70,70,70,70,75,75,75,75,75,75,75,75,75,75,75,75,75,75,75,75,75,75,75,75,75,89,89,89,89,89,89,89,89,89,89,89,89,89,89,89,89,89,89,89,89,89,91,91,91,91,91,91,108,108,108],"card_choices":[{"not_picked":["Prepared","Slice"],"picked":"Flechettes","floor":1.0},{"not_picked":["Storm of Steel","Acrobatics"],"picked":"Infinite Blades","floor":2.0},{"not_picked":["Underhanded Strike","Acrobatics"],"picked":"Noxious Fumes","floor":3.0},{"not_picked":["Dagger Throw","Concentrate"],"picked":"Backflip","floor":5.0},{"not_picked":["Calculated Gamble","Underhanded Strike"],"picked":"PiercingWail","floor":6.0},{"not_picked":["Wraith Form v2","Calculated Gamble"],"picked":"Backstab","floor":8.0},{"not_picked":["Dagger Spray","Riddle With Holes"],"picked":"Footwork","floor":10.0},{"not_picked":["Dagger Spray","PiercingWail"],"picked":"Noxious Fumes","floor":12.0},{"not_picked":["Distraction","Bane","Quick Slash"],"picked":"SKIP","floor":14.0},{"not_picked":["Burst","Envenom"],"picked":"Adrenaline","floor":16.0},{"not_picked":["Deadly Poison","Blade Dance"],"picked":"Dodge and Roll","floor":18.0},{"not_picked":["Backflip","Deadly Poison"],"picked":"Prepared+1","floor":21.0},{"not_picked":["Accuracy","Predator"],"picked":"Bouncing Flask+1","floor":22.0},{"not_picked":["Flechettes","Slice"],"picked":"Crippling Poison+1","floor":23.0},{"not_picked":["PiercingWail","Endless Agony"],"picked":"Escape Plan","floor":25.0},{"not_picked":["Deflect+1","Riddle With Holes","Distraction"],"picked":"SKIP","floor":27.0},{"not_picked":["Heel Hook+1","Deflect+1"],"picked":"Venomology","floor":31.0},{"not_picked":["Phantasmal Killer","Unload"],"picked":"After Image","floor":33.0},{"not_picked":["All Out Attack","PiercingWail","Poisoned Stab"],"picked":"SKIP","floor":35.0},{"not_picked":["Purity","Jack Of All Trades"],"picked":"Finesse","floor":36.0},{"not_picked":["Eviscerate","Predator+1","Footwork"],"picked":"SKIP","floor":37.0},{"not_picked":["Slice+1","Underhanded Strike"],"picked":"Heel Hook+1","floor":39.0},{"not_picked":["Slice","Dodge and Roll"],"picked":"Blade Dance+1","floor":40.0},{"not_picked":["Well Laid Plans","Terror+1","Envenom"],"picked":"SKIP","floor":42.0},{"not_picked":["Endless Agony","Dagger Throw+1","Glass Knife"],"picked":"SKIP","floor":44.0},{"not_picked":["Dagger Throw","Reflex+1","Deflect"],"picked":"Escape Plan","floor":46},{"not_picked":["Terror","Deadly Poison+1","Quick Slash+1","Bane"],"picked":"Singing Bowl","floor":47},{"not_picked":["All Out Attack","Outmaneuver","Catalyst"],"picked":"Calculated Gamble","floor":48},{"not_picked":["Deadly Poison+1","Choke+1","Reflex"],"picked":"Backflip","floor":54}],"player_experience":1886199,"relics_obtained":[{"floor":6.0,"key":"Mercury Hourglass"},{"floor":8.0,"key":"Ginger"},{"floor":9.0,"key":"Girya"},{"floor":23.0,"key":"Potion Belt"},{"floor":26.0,"key":"Mango"},{"floor":27.0,"key":"Shovel"},{"floor":29.0,"key":"Pen Nib"},{"floor":31.0,"key":"Darkstone Periapt"},{"floor":32.0,"key":"Nunchaku"},{"floor":38.0,"key":"Tingsha"},{"floor":40.0,"key":"MawBank"},{"floor":42.0,"key":"Lantern"},{"floor":44.0,"key":"Question Card"},{"floor":47,"key":"Singing Bowl"},{"floor":52,"key":"Ornamental Fan"},{"floor":54,"key":"Oddly Smooth Stone"}],"event_choices":[{"damage_healed":0.0,"max_hp_gain":0.0,"max_hp_loss":0.0,"gold_gain":0.0,"event_name":"Scrap Ooze","player_choice":"Success","floor":4.0,"gold_loss":0.0,"damage_taken":7.0,"relics_obtained":["Kunai"]},{"cards_removed":["Strike_G"],"damage_healed":0.0,"max_hp_gain":0.0,"max_hp_loss":0.0,"gold_gain":0.0,"event_name":"Golden Wing","player_choice":"Card Removal","floor":7.0,"gold_loss":0.0,"damage_taken":7.0},{"damage_healed":0.0,"max_hp_gain":0.0,"max_hp_loss":0.0,"gold_gain":0.0,"cards_transformed":["Strike_G"],"event_name":"Transmorgrifier","player_choice":"Transformed","floor":20.0,"gold_loss":0.0,"damage_taken":0.0,"cards_obtained":["Underhanded Strike"]},{"damage_healed":0.0,"max_hp_gain":0.0,"max_hp_loss":0.0,"gold_gain":0.0,"event_name":"The Mausoleum","player_choice":"Ignored","floor":28.0,"gold_loss":0.0,"damage_taken":0.0},{"cards_removed":["Underhanded Strike"],"damage_healed":0.0,"max_hp_gain":0.0,"max_hp_loss":0.0,"gold_gain":0.0,"event_name":"Purifier","player_choice":"Purged","floor":30.0,"gold_loss":0.0,"damage_taken":0.0},{"damage_healed":0.0,"max_hp_gain":0.0,"max_hp_loss":0.0,"gold_gain":0.0,"event_name":"SensoryStone","player_choice":"Memory 1","floor":36.0,"gold_loss":0.0,"damage_taken":0.0},{"damage_healed":0.0,"max_hp_gain":0.0,"max_hp_loss":0.0,"gold_gain":0.0,"event_name":"MindBloom","player_choice":"Fight","floor":38.0,"gold_loss":0.0,"damage_taken":0.0},{"damage_healed":0.0,"max_hp_gain":0.0,"max_hp_loss":0.0,"gold_gain":0.0,"event_name":"Tomb of Lord Red Mask","player_choice":"Ignored","floor":45.0,"gold_loss":0.0,"damage_taken":0.0}],"is_beta":false,"boss_relics":[{"not_picked":["Astrolabe","WristBlade"],"picked":"Fusion Hammer"},{"not_picked":["Velvet Choker","White Beast Statue"],"picked":"Runic Pyramid"}],"items_purged_floors":[11,41,53],"is_endless":false,"potions_floor_spawned":[5,8,10,18,25,31,33,38,39,40,47,54],"ascension_level":9}