{"gold_per_floor":[119,119,119,119,135,135,158,192,240,258,258,279,279,303,303,431,431,451,376,9,9,29,29,40,71,71,71,71,87,87,119,119,216,216,231,246,98,110,110,110,129,129,129,161,179,230,261,64,64,64],"floor_reached":51,"playtime":4374,"items_purged":["Doubt"],"score":1042,"play_id":"ce98d020-4c21-42b4-9657-bd6f2b1c357e","local_time":"20190930110526","daily_mods":["Draft"],"is_ascension_mode":true,"campfire_choices":[{"data":"Shockwave","floor":6.0,"key":"SMITH"},{"data":"Searing Blow","floor":11.0,"key":"SMITH"},{"data":"Searing Blow+1","floor":13.0,"key":"SMITH"},{"data":"Seeing Red","floor":15.0,"key":"SMITH"},{"data":"Corruption","floor":23.0,"key":"SMITH"},{"data":"Dark Embrace","floor":27.0,"key":"SMITH"},{"data":"Searing Blow+2","floor":30.0,"key":"SMITH"},{"data":"Searing Blow+3","floor":32.0,"key":"SMITH"},{"data":"Searing Blow+4","floor":40.0,"key":"SMITH"},{"data":"Searing Blow+5","floor":42.0,"key":"SMITH"},{"data":"Searing Blow+6","floor":49,"key":"SMITH"}],"neow_cost":"","seed_source_timestamp":0,"circlet_count":0,"master_deck":["Rampage","Ghostly Armor","Dropkick","Searing Blow+7","Corruption+1","Armaments+1","Second Wind","Shockwave+1","Sever Soul+1","Sentinel","True Grit","True Grit","Seeing Red+1","Warcry+1","Feel No Pain","Headbutt+1","Headbutt","Sentinel","Shrug It Off","Seeing Red","Dark Embrace+1","Doubt","Disarm+1","Body Slam+1","Body Slam","True Grit+1","Exhume","Exhume","True Grit","Shockwave","Thunderclap+1"],"special_seed":0,"relics":["Burning Blood","War Paint","Bloody Idol","Pantograph","Whetstone","Calling Bell","Red Skull","Ornamental Fan","Mango","Dead Branch","Oddly Smooth Stone","Dream Catcher","Singing Bowl","Blood Vial","Busted Crown","Happy Flower","Letter Opener","Orichalcum","Charon\u0027s Ashes","Prayer Wheel","OrangePellets"],"potions_floor_usage":[45,50,50],"damage_taken":[{"damage":0.0,"enemies":"2 Louse","floor":1.0,"turns":3.0},{"damage":2.0,"enemies":"Jaw Worm","floor":5.0,"turns":4.0},{"damage":0.0,"enemies":"Small Slimes","floor":7.0,"turns":4.0},{"damage":0.0,"enemies":"Lagavulin","floor":8.0,"turns":8.0},{"damage":0.0,"enemies":"Red Slaver","floor":10.0,"turns":2.0},{"damage":3.0,"enemies":"Exordium Thugs","floor":12.0,"turns":4.0},{"damage":11.0,"enemies":"Large Slime","floor":14.0,"turns":5.0},{"damage":37.0,"enemies":"Hexaghost","floor":16.0,"turns":8.0},{"damage":25.0,"enemies":"2 Thieves","floor":18.0,"turns":5.0},{"damage":0.0,"enemies":"Chosen","floor":22.0,"turns":4.0},{"damage":19.0,"enemies":"Shelled Parasite and Fungi","floor":24.0,"turns":3.0},{"damage":0.0,"enemies":"Slavers","floor":25.0,"turns":2.0},{"damage":18.0,"enemies":"Snecko","floor":29.0,"turns":5.0},{"damage":0.0,"enemies":"Gremlin Leader","floor":31.0,"turns":3.0},{"damage":2.0,"enemies":"Champ","floor":33.0,"turns":3.0},{"damage":1.0,"enemies":"3 Darklings","floor":35.0,"turns":3.0},{"damage":1.0,"enemies":"Orb Walker","floor":36.0,"turns":4.0},{"damage":4.0,"enemies":"4 Shapes","floor":38.0,"turns":2.0},{"damage":3.0,"enemies":"Jaw Worm Horde","floor":41.0,"turns":2.0},{"damage":53.0,"enemies":"Reptomancer","floor":44.0,"turns":5.0},{"damage":0,"enemies":"Writhing Mass","floor":45,"turns":4},{"damage":0,"enemies":"2 Orb Walkers","floor":46,"turns":3},{"damage":6,"enemies":"Giant Head","floor":47,"turns":3},{"damage":0,"enemies":"Donu and Deca","floor":50,"turns":5}],"seed_played":"4921718281997083259","potions_obtained":[{"floor":7.0,"key":"Explosive Potion"},{"floor":10.0,"key":"Block Potion"},{"floor":14.0,"key":"Fruit Juice"},{"floor":16.0,"key":"Energy Potion"},{"floor":25.0,"key":"Regen Potion"},{"floor":31.0,"key":"Weak Potion"},{"floor":35.0,"key":"AttackPotion"},{"floor":38.0,"key":"Weak Potion"},{"floor":46,"key":"BloodPotion"}],"is_trial":true,"path_per_floor":["M","?","?","?","M","R","M","E","T","M","R","M","R","M","R","B",null,"M","?","$","?","M","R","M","E","T","R","T","M","R","E","R","B",null,"M","M","$","M","?","R","M","R","T","E","M","?","E","$","R","B",null],"character_chosen":"IRONCLAD","items_purchased":["Dead Branch","Happy Flower","OrangePellets"],"campfire_rested":0,"item_purchase_floors":[20,37,48],"current_hp_per_floor":[80,73,61,61,65,65,71,74,74,74,74,74,74,69,69,48,93,74,74,74,74,85,85,77,88,88,88,88,86,86,93,93,93,93,93,93,93,95,97,97,97,97,97,57,72,87,96,96,96,105],"gold":64,"neow_bonus":"","is_prod":false,"is_daily":false,"chose_seed":false,"campfire_upgraded":11,"win_rate":0,"timestamp":1569859526,"path_taken":["M","?","?","?","?","R","M","E","T","M","R","M","R","M","R","BOSS","M","?","$","?","M","R","M","E","T","R","?","M","R","E","R","BOSS","M","M","$","M","?","R","M","R","T","E","M","?","E","$","R","BOSS"],"build_version":"2019-07-17","purchased_purges":1,"victory":true,"max_hp_per_floor":[80,80,80,74,74,74,74,74,74,74,74,74,74,74,74,79,93,93,93,93,93,93,93,93,93,93,93,93,93,93,93,93,93,93,93,93,93,95,97,97,97,97,97,99,101,103,105,105,105,105],"card_choices":[{"not_picked":["Twin Strike","Sword Boomerang"],"picked":"Rampage","floor":0.0},{"not_picked":["Havoc","Dual Wield"],"picked":"Ghostly Armor","floor":0.0},{"not_picked":["Body Slam","Iron Wave"],"picked":"Dropkick","floor":0.0},{"not_picked":["Warcry","Anger"],"picked":"Searing Blow","floor":0.0},{"not_picked":["Carnage","Havoc"],"picked":"Corruption","floor":0.0},{"not_picked":["Warcry","Second Wind"],"picked":"Armaments","floor":0.0},{"not_picked":["Anger","Reckless Charge"],"picked":"Second Wind","floor":0.0},{"not_picked":["Sword Boomerang","Havoc"],"picked":"Shockwave","floor":0.0},{"not_picked":["Clash","Inflame"],"picked":"Sever Soul","floor":0.0},{"not_picked":["Fire Breathing","Headbutt"],"picked":"Sentinel","floor":0.0},{"not_picked":["Intimidate","Armaments"],"picked":"True Grit","floor":0.0},{"not_picked":["Headbutt","Body Slam"],"picked":"True Grit","floor":0.0},{"not_picked":["Headbutt","Pummel"],"picked":"Seeing Red","floor":0.0},{"not_picked":["Sword Boomerang","Searing Blow"],"picked":"Heavy Blade","floor":0.0},{"not_picked":["Burning Pact","Wild Strike"],"picked":"Warcry","floor":0.0},{"not_picked":["True Grit","Metallicize"],"picked":"Feel No Pain","floor":1.0},{"not_picked":["Warcry","Havoc"],"picked":"Headbutt","floor":5.0},{"not_picked":["Power Through","Clash"],"picked":"Headbutt","floor":7.0},{"not_picked":["Brutality","Clash","Thunderclap"],"picked":"SKIP","floor":8.0},{"not_picked":["Flex","Combust"],"picked":"Sentinel","floor":10.0},{"not_picked":["Hemokinesis","Metallicize"],"picked":"Shrug It Off","floor":12.0},{"not_picked":["Cleave","Ghostly Armor"],"picked":"Seeing Red","floor":14.0},{"not_picked":["Double Tap","Demon Form"],"picked":"Dark Embrace","floor":16.0},{"not_picked":["Reckless Charge+1","Clash"],"picked":"Disarm+1","floor":18.0},{"not_picked":["Clothesline","Rampage"],"picked":"Body Slam+1","floor":22.0},{"not_picked":["Clothesline","Entrench"],"picked":"Body Slam","floor":24.0},{"not_picked":["Reckless Charge+1","Body Slam","Metallicize"],"picked":"SKIP","floor":25.0},{"not_picked":["Twin Strike","Heavy Blade"],"picked":"True Grit+1","floor":29.0},{"not_picked":["Evolve","Heavy Blade+1"],"picked":"Exhume","floor":31.0},{"not_picked":["Impervious","Reaper"],"picked":"Exhume","floor":33.0},{"not_picked":[],"picked":"True Grit","floor":35.0},{"not_picked":[],"picked":"Shockwave","floor":36.0},{"not_picked":["Anger"],"picked":"Singing Bowl","floor":38.0},{"not_picked":["Flash of Steel"],"picked":"Singing Bowl","floor":39.0},{"not_picked":[],"picked":"Thunderclap+1","floor":41.0},{"not_picked":["Sever Soul"],"picked":"Singing Bowl","floor":44.0},{"not_picked":["Anger"],"picked":"Singing Bowl","floor":45},{"not_picked":["Heavy Blade"],"picked":"Singing Bowl","floor":46},{"not_picked":["Heavy Blade"],"picked":"Singing Bowl","floor":47}],"player_experience":221756,"relics_obtained":[{"floor":8.0,"key":"Pantograph"},{"floor":9.0,"key":"Whetstone"},{"floor":17.0,"key":"Red Skull"},{"floor":17.0,"key":"Ornamental Fan"},{"floor":17.0,"key":"Mango"},{"floor":25.0,"key":"Oddly Smooth Stone"},{"floor":26.0,"key":"Dream Catcher"},{"floor":28.0,"key":"Singing Bowl"},{"floor":31.0,"key":"Blood Vial"},{"floor":43.0,"key":"Letter Opener"},{"floor":44.0,"key":"Orichalcum"},{"floor":46,"key":"Charon\u0027s Ashes"},{"floor":47,"key":"Prayer Wheel"}],"event_choices":[{"cards_removed":["Heavy Blade"],"damage_healed":0.0,"max_hp_gain":0.0,"max_hp_loss":0.0,"gold_gain":0.0,"event_name":"Golden Wing","player_choice":"Card Removal","floor":2.0,"gold_loss":0.0,"damage_taken":7.0},{"damage_healed":0.0,"max_hp_gain":0.0,"max_hp_loss":0.0,"gold_gain":0.0,"event_name":"Scrap Ooze","player_choice":"Success","floor":3.0,"gold_loss":0.0,"damage_taken":12.0,"relics_obtained":["War Paint"]},{"damage_healed":0.0,"max_hp_gain":0.0,"max_hp_loss":6.0,"gold_gain":0.0,"event_name":"Golden Idol","player_choice":"Lose Max HP","floor":4.0,"gold_loss":0.0,"damage_taken":0.0,"relics_obtained":["Golden Idol"]},{"cards_removed":["Regret"],"damage_healed":0.0,"max_hp_gain":0.0,"max_hp_loss":0.0,"gold_gain":0.0,"event_name":"Beggar","player_choice":"Gave Gold","floor":19.0,"gold_loss":75.0,"damage_taken":0.0},{"damage_healed":0.0,"max_hp_gain":0.0,"max_hp_loss":0.0,"gold_gain":0.0,"event_name":"Forgotten Altar","player_choice":"Gave Idol","floor":21.0,"relics_lost":["Golden Idol"],"gold_loss":0.0,"damage_taken":0.0,"relics_obtained":["Bloody Idol"]},{"damage_healed":0.0,"max_hp_gain":0.0,"max_hp_loss":0.0,"gold_gain":0.0,"event_name":"SensoryStone","player_choice":"Memory 1","floor":39.0,"gold_loss":0.0,"damage_taken":0.0},{"damage_healed":0,"gold_gain":0,"player_choice":"Fight","damage_taken":0,"max_hp_gain":0,"max_hp_loss":0,"event_name":"Mysterious Sphere","floor":46,"gold_loss":0}],"is_beta":false,"boss_relics":[{"not_picked":["Ectoplasm","Lizard Tail"],"picked":"Calling Bell"},{"not_picked":["Coffee Dripper","Snecko Eye"],"picked":"Busted Crown"}],"items_purged_floors":[20],"is_endless":false,"potions_floor_spawned":[7,10,14,16,18,25,31,35,38,44,46],"ascension_level":1}