{"gold_per_floor":[116,136,136,156,116,151,151,178,205,130,130,147,182,182,182,261,261,280,291,291,307,323,323,358,283,307,334,334,334,40,53,53,129,129,148,159,173,192,42,67,67,67,67,79,98,98,109,125,125,125],"floor_reached":51,"playtime":4650,"items_purged":["Strike_B","Strike_B"],"score":1281,"play_id":"46284705-7740-4570-8d21-89cb663b3a00","local_time":"20191023144102","is_ascension_mode":true,"campfire_choices":[{"floor":7.0,"key":"REST"},{"data":"Buffer","floor":11.0,"key":"SMITH"},{"floor":15.0,"key":"REST"},{"floor":23.0,"key":"REST"},{"data":"Biased Cognition","floor":29.0,"key":"SMITH"},{"floor":32.0,"key":"REST"},{"data":"Seek","floor":41,"key":"SMITH"},{"data":"Capacitor","floor":46,"key":"SMITH"},{"data":"Creative AI","floor":49,"key":"SMITH"}],"neow_cost":"PERCENT_DAMAGE","seed_source_timestamp":0,"circlet_count":0,"master_deck":["AscendersBane","Strike_B","Defend_B","Defend_B","Defend_B","Defend_B","Zap","Dualcast","White Noise","Genetic Algorithm","Undo","Rip and Tear","Buffer+1","Go for the Eyes","Core Surge","Biased Cognition+1","Capacitor+1","Cold Snap","Core Surge","Cold Snap","Reinforced Body","Seek+1","BootSequence","Self Repair+1","Creative AI+1","Panacea","Parasite","Loop"],"special_seed":0,"relics":["FrozenCore","Potion Belt","Juzu Bracelet","Blood Vial","Boot","Dream Catcher","Orichalcum","Art of War","Runic Capacitor","Sozu","Bag of Preparation","Bottled Lightning","Gremlin Horn"],"potions_floor_usage":[50,50],"damage_taken":[{"damage":1.0,"enemies":"Small Slimes","floor":1.0,"turns":3.0},{"damage":1.0,"enemies":"Cultist","floor":2.0,"turns":3.0},{"damage":8.0,"enemies":"2 Louse","floor":4.0,"turns":4.0},{"damage":36.0,"enemies":"3 Sentries","floor":6.0,"turns":11.0},{"damage":26.0,"enemies":"Lagavulin","floor":8.0,"turns":6.0},{"damage":5.0,"enemies":"2 Fungi Beasts","floor":12.0,"turns":3.0},{"damage":6.0,"enemies":"3 Sentries","floor":13.0,"turns":7.0},{"damage":14.0,"enemies":"The Guardian","floor":16.0,"turns":13.0},{"damage":11.0,"enemies":"3 Byrds","floor":18.0,"turns":7.0},{"damage":0.0,"enemies":"Shell Parasite","floor":19.0,"turns":8.0},{"damage":16.0,"enemies":"Sentry and Sphere","floor":21.0,"turns":12.0},{"damage":25.0,"enemies":"Shelled Parasite and Fungi","floor":22.0,"turns":7.0},{"damage":7.0,"enemies":"Gremlin Leader","floor":24.0,"turns":8.0},{"damage":1.0,"enemies":"Book of Stabbing","floor":27.0,"turns":11.0},{"damage":0.0,"enemies":"Snecko","floor":31.0,"turns":5.0},{"damage":0.0,"enemies":"Champ","floor":33.0,"turns":20.0},{"damage":5,"enemies":"3 Shapes","floor":35,"turns":8},{"damage":0,"enemies":"Orb Walker","floor":36,"turns":7},{"damage":0,"enemies":"Spire Growth","floor":37,"turns":9},{"damage":0,"enemies":"Maw","floor":38,"turns":12},{"damage":15,"enemies":"Giant Head","floor":40,"turns":14},{"damage":0,"enemies":"Writhing Mass","floor":44,"turns":9},{"damage":0,"enemies":"Spire Growth","floor":45,"turns":7},{"damage":0,"enemies":"3 Darklings","floor":47,"turns":9},{"damage":5,"enemies":"Transient","floor":48,"turns":5},{"damage":2,"enemies":"Donu and Deca","floor":50,"turns":11}],"seed_played":"-6718341970347332607","potions_obtained":[{"floor":5.0,"key":"Fruit Juice"},{"floor":5.0,"key":"Swift Potion"},{"floor":5.0,"key":"FearPotion"},{"floor":6.0,"key":"Dexterity Potion"},{"floor":8.0,"key":"AttackPotion"},{"floor":13.0,"key":"Energy Potion"},{"floor":21.0,"key":"FocusPotion"},{"floor":22.0,"key":"SpeedPotion"},{"floor":27.0,"key":"FearPotion"},{"floor":31.0,"key":"PowerPotion"}],"is_trial":false,"path_per_floor":["M","M","$","M","?","E","R","E","T","$","R","M","E","?","R","B",null,"M","M","?","M","M","R","E","?","T","E","?","R","$","M","R","B",null,"M","M","M","M","$","E","R","?","T","M","M","R","M","M","R","B",null],"character_chosen":"DEFECT","items_purchased":["Runic Capacitor","Bag of Preparation"],"campfire_rested":4,"item_purchase_floors":[30,39],"current_hp_per_floor":[59,58,58,50,55,19,46,20,20,20,20,17,13,13,40,28,75,66,68,50,36,13,41,36,36,36,37,37,37,37,39,67,69,89,86,88,95,95,95,90,90,80,80,92,95,95,95,95,95,95],"gold":125,"neow_bonus":"TWENTY_PERCENT_HP_BONUS","is_prod":false,"is_daily":false,"chose_seed":false,"campfire_upgraded":5,"win_rate":0,"timestamp":1571834462,"path_taken":["M","M","$","M","?","E","R","E","T","$","R","M","E","?","R","BOSS","M","M","?","M","M","R","E","?","T","E","?","R","$","M","R","BOSS","M","M","M","M","$","E","R","?","T","M","M","R","M","M","R","BOSS"],"build_version":"2019-07-17","purchased_purges":2,"victory":true,"max_hp_per_floor":[85,85,85,85,90,90,90,90,90,90,90,90,90,90,90,90,90,90,90,95,95,95,95,95,95,95,95,95,95,95,95,95,95,95,95,95,95,95,95,95,95,95,95,95,95,95,95,95,95,95],"card_choices":[{"not_picked":["Turbo","Barrage"],"picked":"White Noise","floor":1.0},{"not_picked":["Consume","Auto Shields"],"picked":"Genetic Algorithm","floor":2.0},{"not_picked":["Ball Lightning","Rebound"],"picked":"Undo","floor":4.0},{"not_picked":["Turbo","Hello World"],"picked":"Rip and Tear","floor":6.0},{"not_picked":["Amplify","Streamline"],"picked":"Buffer","floor":8.0},{"not_picked":["Gash","Darkness"],"picked":"Go for the Eyes","floor":12.0},{"not_picked":["Go for the Eyes","Coolheaded"],"picked":"Core Surge","floor":13.0},{"not_picked":["Creative AI","Electrodynamics"],"picked":"Biased Cognition","floor":16.0},{"not_picked":["Barrage","Sweeping Beam","Leap"],"picked":"SKIP","floor":18.0},{"not_picked":["Coolheaded","Gash"],"picked":"Capacitor","floor":19.0},{"not_picked":["Coolheaded","Compile Driver","Go for the Eyes"],"picked":"SKIP","floor":21.0},{"not_picked":["Melter","Darkness"],"picked":"Cold Snap","floor":22.0},{"not_picked":["Hologram","Beam Cell"],"picked":"Core Surge","floor":24.0},{"not_picked":["Stack","Coolheaded","Rebound+1"],"picked":"SKIP","floor":27.0},{"not_picked":["Turbo","Conserve Battery"],"picked":"Cold Snap","floor":31.0},{"not_picked":["Chaos","Sweeping Beam+1"],"picked":"Reinforced Body","floor":32.0},{"not_picked":["Amplify","Buffer"],"picked":"Seek","floor":33.0},{"not_picked":["Streamline","Go for the Eyes"],"picked":"BootSequence","floor":35},{"not_picked":["Hologram","Turbo+1"],"picked":"Self Repair+1","floor":36},{"not_picked":["Hyperbeam","Stack","Hologram"],"picked":"SKIP","floor":37},{"not_picked":["Sweeping Beam","Go for the Eyes","Beam Cell"],"picked":"SKIP","floor":38},{"not_picked":["Barrage+1","Coolheaded"],"picked":"Creative AI","floor":40},{"not_picked":["Violence","PanicButton"],"picked":"Panacea","floor":42},{"not_picked":["Beam Cell","Gash+1"],"picked":"Loop","floor":44},{"not_picked":["Chaos","Leap","Ball Lightning+1"],"picked":"SKIP","floor":45},{"not_picked":["Aggregate","Barrage","Double Energy"],"picked":"SKIP","floor":47},{"not_picked":["Coolheaded","Self Repair","Rebound"],"picked":"SKIP","floor":48}],"player_experience":312162,"relics_obtained":[{"floor":6.0,"key":"Potion Belt"},{"floor":8.0,"key":"Juzu Bracelet"},{"floor":9.0,"key":"Blood Vial"},{"floor":13.0,"key":"Boot"},{"floor":24.0,"key":"Dream Catcher"},{"floor":26.0,"key":"Orichalcum"},{"floor":27.0,"key":"Art of War"},{"floor":40,"key":"Bottled Lightning"},{"floor":43,"key":"Gremlin Horn"}],"event_choices":[{"damage_healed":0.0,"max_hp_gain":0.0,"max_hp_loss":0.0,"gold_gain":0.0,"event_name":"The Woman in Blue","player_choice":"Bought 3 Potions","floor":5.0,"gold_loss":0.0,"damage_taken":0.0},{"damage_healed":0.0,"max_hp_gain":0.0,"max_hp_loss":0.0,"gold_gain":0.0,"event_name":"Shining Light","player_choice":"Ignored","floor":14.0,"gold_loss":0.0,"damage_taken":0.0},{"damage_healed":0.0,"max_hp_gain":5.0,"max_hp_loss":0.0,"gold_gain":0.0,"event_name":"Forgotten Altar","player_choice":"Shed Blood","floor":20.0,"gold_loss":0.0,"damage_taken":23.0},{"cards_removed":["Strike_B"],"damage_healed":0.0,"max_hp_gain":0.0,"max_hp_loss":0.0,"gold_gain":0.0,"event_name":"Beggar","player_choice":"Gave Gold","floor":25.0,"gold_loss":75.0,"damage_taken":0.0},{"damage_healed":0.0,"max_hp_gain":0.0,"max_hp_loss":0.0,"gold_gain":0.0,"event_name":"Ghosts","player_choice":"Ignored","floor":28.0,"gold_loss":0.0,"damage_taken":0.0},{"damage_healed":0,"gold_gain":0,"player_choice":"Memory 3","damage_taken":10,"max_hp_gain":0,"max_hp_loss":0,"event_name":"SensoryStone","floor":42,"gold_loss":0}],"is_beta":false,"boss_relics":[{"not_picked":["Empty Cage","Astrolabe"],"picked":"FrozenCore"},{"not_picked":["Black Star","Calling Bell"],"picked":"Sozu"}],"items_purged_floors":[10,30],"is_endless":false,"potions_floor_spawned":[6,8,13,21,22,27,31,35,36,44,45],"ascension_level":14}