{"gold_per_floor":[14,34,48,123,123,123,48,81,105,119,147,157,157,187,187,261,261,275,61,72,86,86,86,97,97,97,97,107,107,107],"floor_reached":30,"playtime":2085,"items_purged":["Strike_B","Strike_B"],"score":450,"play_id":"eb1ce5a9-2994-4684-8b97-97db3933c39e","local_time":"20191026182451","is_ascension_mode":true,"campfire_choices":[{"floor":6.0,"key":"REST"},{"floor":13.0,"key":"REST"},{"data":"Sunder","floor":15.0,"key":"SMITH"},{"floor":23.0,"key":"REST"},{"data":"RitualDagger","floor":27.0,"key":"SMITH"},{"data":"Seek","floor":29.0,"key":"SMITH"}],"neow_cost":"NO_GOLD","seed_source_timestamp":1160366460341500,"circlet_count":0,"master_deck":["AscendersBane","Strike_B+1","Defend_B+1","Defend_B","Defend_B","Defend_B","Zap","Dualcast","Streamline","Cold Snap","Sweeping Beam","Cold Snap","Auto Shields","Sunder+1","Cold Snap","Leap","Multi-Cast","Capacitor","Go for the Eyes","RitualDagger+1","Streamline+1","Seek+1"],"special_seed":0,"relics":["Cracked Core","StoneCalendar","Lantern","Bag of Marbles","Shuriken","The Courier","Inserter","DataDisk","Turnip"],"potions_floor_usage":[30],"damage_taken":[{"damage":6.0,"enemies":"Jaw Worm","floor":1.0,"turns":4.0},{"damage":3.0,"enemies":"Small Slimes","floor":2.0,"turns":3.0},{"damage":0.0,"enemies":"Cultist","floor":3.0,"turns":3.0},{"damage":15.0,"enemies":"3 Sentries","floor":8.0,"turns":7.0},{"damage":9.0,"enemies":"Exordium Thugs","floor":10.0,"turns":3.0},{"damage":8.0,"enemies":"Lagavulin","floor":11.0,"turns":6.0},{"damage":1.0,"enemies":"Gremlin Gang","floor":12.0,"turns":2.0},{"damage":7.0,"enemies":"3 Sentries","floor":14.0,"turns":7.0},{"damage":3.0,"enemies":"Hexaghost","floor":16.0,"turns":7.0},{"damage":5.0,"enemies":"3 Byrds","floor":18.0,"turns":6.0},{"damage":13.0,"enemies":"Shell Parasite","floor":20.0,"turns":7.0},{"damage":6.0,"enemies":"Snake Plant","floor":21.0,"turns":5.0},{"damage":2.0,"enemies":"Centurion and Healer","floor":24.0,"turns":7.0},{"damage":8.0,"enemies":"Snecko","floor":28.0,"turns":7.0},{"damage":46,"enemies":"Book of Stabbing","floor":30,"turns":5}],"seed_played":"-5216801401148426012","potions_obtained":[{"floor":2.0,"key":"SneckoOil"},{"floor":3.0,"key":"Explosive Potion"},{"floor":11.0,"key":"AttackPotion"},{"floor":16.0,"key":"SpeedPotion"},{"floor":18.0,"key":"Fire Potion"}],"is_trial":false,"path_per_floor":["M","M","M","?","?","R","$","E","T","M","E","M","R","E","R","B",null,"M","$","M","M","?","R","M","?","T","R","M","R","E"],"character_chosen":"DEFECT","items_purchased":["DataDisk"],"campfire_rested":3,"item_purchase_floors":[19],"current_hp_per_floor":[58,55,55,44,23,44,44,29,29,20,12,11,32,25,25,22,59,54,54,41,35,29,50,48,48,48,48,40,40,0],"gold":107,"neow_bonus":"ONE_RARE_RELIC","is_prod":false,"is_daily":false,"chose_seed":false,"campfire_upgraded":3,"win_rate":0,"timestamp":1572107091,"path_taken":["M","M","M","?","?","R","?","E","T","M","E","M","R","E","R","BOSS","M","$","M","M","?","R","M","?","T","R","M","R","E"],"build_version":"2019-07-17","purchased_purges":2,"victory":false,"max_hp_per_floor":[71,71,71,71,71,71,71,71,71,71,71,71,71,71,71,71,71,71,71,71,71,71,71,71,71,71,71,71,71,71],"card_choices":[{"not_picked":["Beam Cell","Hologram"],"picked":"Streamline","floor":1.0},{"not_picked":["Fusion","Loop"],"picked":"Cold Snap","floor":2.0},{"not_picked":["Stack","Chaos"],"picked":"Sweeping Beam","floor":3.0},{"not_picked":["Fusion","Gash"],"picked":"Cold Snap","floor":8.0},{"not_picked":["Heatsinks","Reboot"],"picked":"Auto Shields","floor":10.0},{"not_picked":["Loop","Hello World"],"picked":"Sunder","floor":11.0},{"not_picked":["Hologram","Steam"],"picked":"Cold Snap","floor":12.0},{"not_picked":["Loop","Static Discharge"],"picked":"Leap","floor":14.0},{"not_picked":["All For One","Amplify"],"picked":"Multi-Cast","floor":16.0},{"not_picked":["Fusion","Go for the Eyes"],"picked":"Capacitor","floor":18.0},{"not_picked":["Rebound","Redo"],"picked":"Go for the Eyes","floor":20.0},{"not_picked":["Storm","Streamline+1","Barrage+1"],"picked":"SKIP","floor":21.0},{"not_picked":["Genetic Algorithm","Heatsinks+1"],"picked":"Streamline+1","floor":24.0},{"not_picked":["Coolheaded","Go for the Eyes"],"picked":"Seek","floor":28.0}],"player_experience":353160,"relics_obtained":[{"floor":8.0,"key":"Lantern"},{"floor":9.0,"key":"Bag of Marbles"},{"floor":11.0,"key":"Shuriken"},{"floor":14.0,"key":"The Courier"},{"floor":26.0,"key":"Turnip"}],"event_choices":[{"damage_healed":0.0,"max_hp_gain":0.0,"max_hp_loss":0.0,"gold_gain":75.0,"event_name":"World of Goop","player_choice":"Gather Gold","floor":4.0,"gold_loss":0.0,"damage_taken":11.0},{"damage_healed":0.0,"max_hp_gain":0.0,"max_hp_loss":0.0,"gold_gain":0.0,"event_name":"Shining Light","player_choice":"Entered Light","floor":5.0,"gold_loss":0.0,"damage_taken":21.0,"cards_upgraded":["Strike_B","Defend_B"]},{"damage_healed":0.0,"max_hp_gain":0.0,"max_hp_loss":0.0,"gold_gain":0.0,"event_name":"Nest","player_choice":"Joined the Cult","floor":22.0,"gold_loss":0.0,"damage_taken":6.0,"cards_obtained":["RitualDagger"]},{"cards_removed":["Strike_B"],"damage_healed":0.0,"max_hp_gain":0.0,"max_hp_loss":0.0,"gold_gain":0.0,"event_name":"Purifier","player_choice":"Purged","floor":25.0,"gold_loss":0.0,"damage_taken":0.0}],"is_beta":false,"boss_relics":[{"not_picked":["Coffee Dripper","Pandora\u0027s Box"],"picked":"Inserter"}],"items_purged_floors":[7,19],"is_endless":false,"potions_floor_spawned":[2,3,11,16,18,20],"killed_by":"Book of Stabbing","ascension_level":16}