{"gold_per_floor":[215,234,234,234,248,248,280,280,280,335,335,335,22,22,22,122,122,133,133,58,77,111,111,111,111,111,126,126,139,139,165,165,262,262,276,201,201,216,228,228,259,259,259,259,279,298,318,352,352,352,352,352,95,130,130],"floor_reached":56,"playtime":2739,"items_purged":["Steam Power"],"score":1709,"play_id":"0a890407-32d0-415c-a471-b9d92c53a1cd","local_time":"20190908182516","is_ascension_mode":true,"campfire_choices":[{"data":"Sweeping Beam","floor":6,"key":"SMITH"},{"floor":8,"key":"REST"},{"floor":15,"key":"REST"},{"floor":23,"key":"REST"},{"floor":28,"key":"REST"},{"data":"Tempest","floor":30,"key":"SMITH"},{"data":"Reinforced Body","floor":32,"key":"SMITH"},{"floor":40,"key":"RECALL"},{"data":"Defend_B","floor":44,"key":"SMITH"},{"data":"Defend_B","floor":49,"key":"SMITH"},{"data":"Defend_B","floor":52,"key":"SMITH"}],"neow_cost":"NONE","seed_source_timestamp":23731229471600,"circlet_count":0,"master_deck":["AscendersBane","Defend_B+1","Defend_B+1","Defend_B+1","Defend_B+1","Ball Lightning+1","Tempest+1","Sweeping Beam+1","Reinforced Body+1","Electrodynamics+1","Undo+1","Loop+1","RitualDagger+1","Self Repair+1","Double Energy","Sunder+1","Buffer+1","Hologram+1","Recycle+1","Echo Form+1","Sunder+1","Undo+1"],"relics":["Cracked Core","PreservedInsect","Frozen Egg 2","Tiny Chest","Emotion Chip","Ice Cream","Snecko Eye","Nilry\u0027s Codex","Red Mask","Letter Opener","Velvet Choker","Nunchaku","Du-Vu Doll","Toxic Egg 2","Bottled Tornado","Art of War"],"potions_floor_usage":[55,55,55],"damage_taken":[{"damage":11,"enemies":"Small Slimes","floor":1,"turns":5},{"damage":2,"enemies":"2 Louse","floor":2,"turns":3},{"damage":2,"enemies":"Jaw Worm","floor":5,"turns":3},{"damage":35,"enemies":"3 Sentries","floor":7,"turns":7},{"damage":10,"enemies":"Lagavulin","floor":10,"turns":6},{"damage":13,"enemies":"The Guardian","floor":16,"turns":10},{"damage":3,"enemies":"2 Thieves","floor":18,"turns":2},{"damage":0,"enemies":"Spheric Guardian","floor":21,"turns":4},{"damage":10,"enemies":"Masked Bandits","floor":22,"turns":3},{"damage":2,"enemies":"3 Cultists","floor":27,"turns":3},{"damage":12,"enemies":"Snake Plant","floor":29,"turns":4},{"damage":11,"enemies":"Slavers","floor":31,"turns":2},{"damage":28,"enemies":"Collector","floor":33,"turns":6},{"damage":0,"enemies":"3 Darklings","floor":35,"turns":3},{"damage":0,"enemies":"Orb Walker","floor":38,"turns":3},{"damage":0,"enemies":"Spire Growth","floor":39,"turns":4},{"damage":0,"enemies":"Giant Head","floor":41,"turns":6},{"damage":0,"enemies":"Jaw Worm Horde","floor":45,"turns":1},{"damage":12,"enemies":"Transient","floor":46,"turns":5},{"damage":0,"enemies":"4 Shapes","floor":47,"turns":3},{"damage":0,"enemies":"Reptomancer","floor":48,"turns":4},{"damage":11,"enemies":"Awakened One","floor":50,"turns":15},{"damage":6,"enemies":"Shield and Spear","floor":54,"turns":7},{"damage":8,"enemies":"The Heart","floor":55,"turns":11}],"seed_played":"-6780291856339091210","potions_obtained":[{"floor":2,"key":"GamblersBrew"},{"floor":7,"key":"SkillPotion"},{"floor":27,"key":"AttackPotion"},{"floor":31,"key":"Poison Potion"},{"floor":33,"key":"FocusPotion"},{"floor":41,"key":"Dexterity Potion"},{"floor":45,"key":"LiquidBronze"}],"is_trial":false,"path_per_floor":["M","M","?","?","M","R","E","R","T","E","?","T","$","?","R","B",null,"M","?","?","M","?","R","?","?","T","M","R","M","R","E","R","B",null,"M","$","?","M","M","R","E","?","T","R","M","M","M","E","R","B",null,"R","$","E","B",null],"character_chosen":"DEFECT","items_purchased":["Ice Cream","Bottled Tornado"],"campfire_rested":4,"item_purchase_floors":[13,53],"current_hp_per_floor":[57,55,55,55,53,53,18,40,40,30,23,23,23,8,30,17,61,58,42,42,42,32,54,54,48,48,46,68,66,66,65,65,47,68,75,75,75,75,75,75,75,75,75,75,75,75,75,75,75,75,75,75,75,69,61],"gold":130,"neow_bonus":"HUNDRED_GOLD","is_prod":false,"is_daily":false,"chose_seed":false,"campfire_upgraded":6,"win_rate":0,"timestamp":1567963516,"path_taken":["M","M","?","?","M","R","E","R","T","E","?","?","$","?","R","BOSS","M","?","?","M","?","R","?","?","T","M","R","M","R","E","R","BOSS","M","$","?","M","M","R","E","?","T","R","?","M","M","E","R","BOSS","R","$","E","BOSS"],"build_version":"2019-07-17","purchased_purges":1,"victory":true,"max_hp_per_floor":[75,75,75,75,75,75,75,75,75,75,75,75,75,75,75,75,75,75,75,75,75,75,75,75,75,75,75,75,75,75,75,75,75,75,75,75,75,75,75,75,75,75,75,75,75,75,75,75,75,75,75,75,75,75,75],"card_choices":[{"not_picked":["Hologram","Steam"],"picked":"Ball Lightning","floor":1},{"not_picked":["Streamline","Stack"],"picked":"Tempest","floor":2},{"not_picked":["Redo","Ball Lightning"],"picked":"Sweeping Beam","floor":5},{"not_picked":["Rebound","Stack"],"picked":"Reinforced Body","floor":7},{"not_picked":["Static Discharge+1","Hello World+1","Stack"],"picked":"SKIP","floor":10},{"not_picked":["Fission","Thunder Strike"],"picked":"Electrodynamics+1","floor":16},{"not_picked":["White Noise","Gash"],"picked":"Undo+1","floor":18},{"not_picked":["Stack","Steam","Hologram"],"picked":"SKIP","floor":21},{"not_picked":["BootSequence","Reprogram+1"],"picked":"Self Repair+1","floor":27},{"not_picked":["Reinforced Body","Storm+1"],"picked":"Double Energy","floor":29},{"not_picked":["Turbo","Chaos"],"picked":"Sunder+1","floor":31},{"not_picked":["Electrodynamics+1","Thunder Strike"],"picked":"Buffer+1","floor":33},{"not_picked":["Cold Snap+1","Compile Driver"],"picked":"Hologram+1","floor":35},{"not_picked":["Aggregate","Stack+1","Go for the Eyes+1"],"picked":"SKIP","floor":38},{"not_picked":["Redo+1","Hologram+1"],"picked":"Recycle+1","floor":39},{"not_picked":["Leap","Creative AI+1"],"picked":"Echo Form+1","floor":41},{"not_picked":["Steam Power","FTL+1"],"picked":"Sunder+1","floor":45},{"not_picked":["Storm+1","Stack+1"],"picked":"Undo+1","floor":46},{"not_picked":["Reprogram+1","Storm+1","Scrape"],"picked":"SKIP","floor":47},{"not_picked":["White Noise+1","Streamline+1","Leap+1"],"picked":"SKIP","floor":48},{"not_picked":["Fission+1","Fusion+1","Gash+1"],"picked":"SKIP","floor":54}],"player_experience":1918680,"relics_obtained":[{"floor":7,"key":"PreservedInsect"},{"floor":9,"key":"Frozen Egg 2"},{"floor":10,"key":"Tiny Chest"},{"floor":12,"key":"Emotion Chip"},{"floor":19,"key":"Nilry\u0027s Codex"},{"floor":22,"key":"Red Mask"},{"floor":31,"key":"Letter Opener"},{"floor":41,"key":"Nunchaku"},{"floor":43,"key":"Du-Vu Doll"},{"floor":48,"key":"Toxic Egg 2"},{"floor":54,"key":"Art of War"}],"event_choices":[{"damage_healed":0,"gold_gain":0,"player_choice":"Ignored","damage_taken":0,"max_hp_gain":0,"max_hp_loss":0,"event_name":"Liars Game","floor":3,"gold_loss":0},{"cards_removed":["Strike_B"],"damage_healed":0,"gold_gain":0,"player_choice":"Forget","damage_taken":0,"max_hp_gain":0,"max_hp_loss":0,"event_name":"Living Wall","floor":4,"gold_loss":0},{"cards_removed":["Strike_B"],"damage_healed":0,"gold_gain":0,"player_choice":"Card Removal","damage_taken":7,"max_hp_gain":0,"max_hp_loss":0,"event_name":"Golden Wing","floor":11,"gold_loss":0},{"damage_healed":0,"gold_gain":0,"player_choice":"Entered Light","damage_taken":15,"max_hp_gain":0,"max_hp_loss":0,"event_name":"Shining Light","floor":14,"gold_loss":0,"cards_upgraded":["Defend_B","Ball Lightning"]},{"damage_healed":0,"gold_gain":0,"player_choice":"Obtained Book","damage_taken":16,"max_hp_gain":0,"max_hp_loss":0,"event_name":"Cursed Tome","floor":19,"gold_loss":0},{"cards_removed":["Zap"],"damage_healed":0,"gold_gain":0,"player_choice":"Gave Gold","damage_taken":0,"max_hp_gain":0,"max_hp_loss":0,"event_name":"Beggar","floor":20,"gold_loss":75},{"damage_healed":0,"gold_gain":0,"player_choice":"Fought Bandits","damage_taken":0,"max_hp_gain":0,"max_hp_loss":0,"event_name":"Masked Bandits","floor":22,"gold_loss":0},{"damage_healed":0,"gold_gain":0,"cards_transformed":["Strike_B","Strike_B"],"player_choice":"Became Test Subject","damage_taken":0,"max_hp_gain":0,"max_hp_loss":0,"event_name":"Drug Dealer","floor":24,"gold_loss":0,"cards_obtained":["Steam Power","Loop"]},{"damage_healed":0,"gold_gain":0,"player_choice":"Joined the Cult","damage_taken":6,"max_hp_gain":0,"max_hp_loss":0,"event_name":"Nest","floor":25,"gold_loss":0,"cards_obtained":["RitualDagger"]},{"cards_removed":["Dualcast"],"damage_healed":0,"gold_gain":0,"player_choice":"Removed Skill","damage_taken":0,"max_hp_gain":0,"max_hp_loss":0,"event_name":"Falling","floor":37,"gold_loss":0},{"damage_healed":0,"gold_gain":0,"player_choice":"Forge","damage_taken":0,"max_hp_gain":0,"max_hp_loss":0,"event_name":"Accursed Blacksmith","floor":42,"gold_loss":0,"cards_upgraded":["RitualDagger"]}],"is_beta":false,"boss_relics":[{"not_picked":["White Beast Statue","Black Star"],"picked":"Snecko Eye"},{"not_picked":["Cursed Key","Pandora\u0027s Box"],"picked":"Velvet Choker"}],"items_purged_floors":[36],"is_endless":false,"potions_floor_spawned":[2,7,27,31,33,35,41,45,47],"ascension_level":10}