{"gold_per_floor":[113,131,146,156,12,12,39,49,49,61,92,132,144,186,198,210],"floor_reached":16,"playtime":1032,"items_purged":["Strike_B"],"score":189,"play_id":"53f8c0e8-7675-484a-bda8-b803b68c79f6","local_time":"20191012085514","is_ascension_mode":true,"campfire_choices":[{"floor":6.0,"key":"REST"},{"floor":10.0,"key":"REST"},{"floor":13.0,"key":"REST"},{"data":"Capacitor","floor":15.0,"key":"SMITH"}],"neow_cost":"NONE","seed_source_timestamp":0,"circlet_count":0,"master_deck":["AscendersBane","Strike_B","Strike_B","Defend_B","Defend_B","Defend_B","Defend_B","Zap","Dualcast+1","Go for the Eyes","Gash","Gash","Darkness+1","Capacitor","Chill","White Noise","Glacier","Capacitor+1"],"special_seed":0,"relics":["Cracked Core","War Paint","MawBank","Blood Vial","Bottled Flame"],"potions_floor_usage":[16],"damage_taken":[{"damage":6.0,"enemies":"Cultist","floor":1.0,"turns":4.0},{"damage":4.0,"enemies":"Jaw Worm","floor":2.0,"turns":3.0},{"damage":0.0,"enemies":"Small Slimes","floor":3.0,"turns":3.0},{"damage":26.0,"enemies":"3 Louse","floor":4.0,"turns":3.0},{"damage":34.0,"enemies":"Gremlin Nob","floor":7.0,"turns":5.0},{"damage":12.0,"enemies":"Red Slaver","floor":8.0,"turns":4.0},{"damage":0.0,"enemies":"Large Slime","floor":11.0,"turns":5.0},{"damage":9.0,"enemies":"Lagavulin","floor":12.0,"turns":8.0},{"damage":14.0,"enemies":"3 Sentries","floor":14.0,"turns":11.0},{"damage":41,"enemies":"Slime Boss","floor":16,"turns":6}],"seed_played":"229502408684078462","potions_obtained":[{"floor":3.0,"key":"PowerPotion"},{"floor":4.0,"key":"Dexterity Potion"},{"floor":8.0,"key":"Strength Potion"}],"is_trial":false,"path_per_floor":["M","M","M","M","$","R","E","M","T","R","M","E","R","E","R","B"],"character_chosen":"DEFECT","items_purchased":["Capacitor"],"campfire_rested":3,"item_purchase_floors":[5],"current_hp_per_floor":[62,58,58,32,32,54,20,8,8,30,30,21,43,31,31,0],"gold":210,"neow_bonus":"REMOVE_CARD","is_prod":false,"is_daily":false,"chose_seed":false,"campfire_upgraded":1,"win_rate":0,"timestamp":1570863314,"path_taken":["M","?","M","?","?","R","E","M","T","R","M","E","R","E","R","BOSS"],"build_version":"2019-07-17","purchased_purges":1,"victory":false,"max_hp_per_floor":[75,75,75,75,75,75,75,75,75,75,75,75,75,75,75,75],"card_choices":[{"not_picked":["Rebound","Aggregate"],"picked":"Go for the Eyes","floor":1.0},{"not_picked":["Tempest","Compile Driver"],"picked":"Gash","floor":2.0},{"not_picked":["Go for the Eyes","Hologram"],"picked":"Gash","floor":3.0},{"not_picked":["Sweeping Beam","Redo"],"picked":"Darkness","floor":4.0},{"not_picked":["Storm","Barrage"],"picked":"Chill","floor":7.0},{"not_picked":["Compile Driver","Sweeping Beam"],"picked":"White Noise","floor":8.0},{"not_picked":["Rip and Tear","Go for the Eyes"],"picked":"Glacier","floor":11.0},{"not_picked":["Amplify","Buffer"],"picked":"Capacitor","floor":12.0},{"not_picked":["Ball Lightning","Hologram","Rebound"],"picked":"SKIP","floor":14.0}],"player_experience":255909,"relics_obtained":[{"floor":7.0,"key":"War Paint"},{"floor":9.0,"key":"MawBank"},{"floor":12.0,"key":"Blood Vial"},{"floor":14.0,"key":"Bottled Flame"}],"event_choices":[],"is_beta":false,"boss_relics":[],"items_purged_floors":[5],"is_endless":false,"potions_floor_spawned":[3,4,8,14],"killed_by":"Slime Boss","ascension_level":11}