{"gold_per_floor":[113,126,126,136,153,182,198,198,198,198,209,284,284,311,311,409,409,427,444,176,176,193,193,226,226,226,226,326,338,349,386,386,485,535,546,94,94,111,111,111,142,142,142,154,183,183,0,20,20,20,20,20,20,46,46],"floor_reached":56,"playtime":2299,"items_purged":["Strike_R","Defend_R"],"score":1335,"play_id":"9dc7134b-70b9-4b57-82e4-5ea05d616cd2","local_time":"20190603135216","is_ascension_mode":false,"campfire_choices":[{"data":"Armaments","floor":8,"key":"SMITH"},{"data":"Carnage","floor":10,"key":"SMITH"},{"data":"Searing Blow+1","floor":13,"key":"SMITH"},{"data":"Searing Blow+2","floor":15,"key":"SMITH"},{"data":"Searing Blow+3","floor":23,"key":"SMITH"},{"data":"Searing Blow+4","floor":25,"key":"SMITH"},{"data":"Searing Blow+5","floor":27,"key":"SMITH"},{"data":"Searing Blow+6","floor":32,"key":"SMITH"},{"data":"Searing Blow+7","floor":40,"key":"SMITH"},{"data":"Searing Blow+8","floor":42,"key":"SMITH"},{"data":"Searing Blow+9","floor":46,"key":"SMITH"},{"floor":49,"key":"RECALL"},{"data":"Searing Blow+10","floor":52,"key":"SMITH"}],"neow_cost":"NONE","seed_source_timestamp":521859780656055,"circlet_count":0,"master_deck":["Defend_R","Defend_R","Bash","Headbutt","Run Through+1","Shrug It Off","Carnage+1","Armaments+1","Searing Blow+11","Offering+1","Pommel Strike+1","Bite+1","Bite+1","Bite+1","Bite+1","Bite+1","Reaper+1","Headbutt+1","Armaments+1","Double Tap","Injury"],"relics":["Burning Blood","Incense Burner","Molten Egg 2","Cursed Key","Sling","Garlic","Torii","Mirror","Du-Vu Doll","Tiny House","Bag of Preparation","Frozen Eye","Happy Flower","Baseball","Red Mask","Sundial"],"potions_floor_usage":[5,7,24,30,33,33,33,50,54,55],"damage_taken":[{"damage":1,"enemies":"Cultist","floor":1,"turns":3},{"damage":5,"enemies":"Small Slimes","floor":2,"turns":4},{"damage":0,"enemies":"2 Louse","floor":4,"turns":2},{"damage":6,"enemies":"Exordium Wildlife","floor":5,"turns":3},{"damage":22,"enemies":"Gremlin Nob","floor":6,"turns":4},{"damage":8,"enemies":"Exordium Thugs","floor":7,"turns":5},{"damage":0,"enemies":"3 Louse","floor":11,"turns":3},{"damage":9,"enemies":"3 Sentries","floor":14,"turns":7},{"damage":33,"enemies":"Fading Forest","floor":16,"turns":11},{"damage":7,"enemies":"Shell Parasite","floor":18,"turns":4},{"damage":8,"enemies":"3 Byrds","floor":19,"turns":6},{"damage":22,"enemies":"Snake Plant","floor":22,"turns":3},{"damage":6,"enemies":"Gremlin Leader","floor":24,"turns":5},{"damage":15,"enemies":"Colosseum Slavers","floor":28,"turns":3},{"damage":9,"enemies":"Colosseum Nobs","floor":28,"turns":3},{"damage":6,"enemies":"Snecko","floor":29,"turns":2},{"damage":2,"enemies":"3 Cultists","floor":30,"turns":3},{"damage":53,"enemies":"Automaton","floor":33,"turns":8},{"damage":13,"enemies":"3 Shapes","floor":35,"turns":4},{"damage":2,"enemies":"3 Darklings","floor":38,"turns":3},{"damage":1,"enemies":"Giant Head","floor":41,"turns":3},{"damage":11,"enemies":"4 Shapes","floor":44,"turns":6},{"damage":8,"enemies":"Nemesis","floor":45,"turns":3},{"damage":1,"enemies":"Spire Growth","floor":48,"turns":3},{"damage":87,"enemies":"Awakened One","floor":50,"turns":8},{"damage":16,"enemies":"Shield and Spear","floor":54,"turns":4},{"damage":82,"enemies":"The Heart","floor":55,"turns":7}],"seed_played":"-2971828628639923277","potions_obtained":[{"floor":1,"key":"Explosive Potion"},{"floor":4,"key":"Venom Potion"},{"floor":5,"key":"GamblersBrew"},{"floor":19,"key":"FearPotion"},{"floor":22,"key":"Strength Potion"},{"floor":29,"key":"AttackPotion"},{"floor":30,"key":"Reflective Coating"},{"floor":33,"key":"BloodPotion"},{"floor":34,"key":"SpeedPotion"},{"floor":35,"key":"Languid Potion"},{"floor":44,"key":"SkillPotion"}],"is_trial":false,"path_per_floor":["M","M","?","M","M","E","M","R","T","R","M","?","R","E","R","B",null,"M","M","$","?","M","R","E","R","T","R","?","M","M","?","R","B",null,"M","$","?","M","?","R","E","R","T","M","E","R","?","M","R","B",null,"R","$","E","B",null],"character_chosen":"IRONCLAD","items_purchased":["Sling","Bag of Preparation","Frozen Eye"],"campfire_rested":0,"item_purchase_floors":[20,36,36],"current_hp_per_floor":[88,88,93,93,93,77,75,75,75,75,81,70,70,67,67,62,93,92,91,91,91,81,81,93,93,93,93,93,93,93,70,70,53,98,96,96,96,98,98,98,98,98,98,98,98,98,98,98,98,26,98,98,98,98,55],"gold":46,"neow_bonus":"TEN_PERCENT_HP_BONUS","is_prod":false,"is_daily":false,"chose_seed":false,"campfire_upgraded":12,"win_rate":0,"timestamp":1559566336,"path_taken":["M","M","?","M","M","E","M","R","T","R","M","?","R","E","R","BOSS","M","M","$","?","M","R","E","R","T","R","?","?","M","?","R","BOSS","M","$","?","?","?","R","E","R","T","M","E","R","?","M","R","BOSS","R","$","E","BOSS"],"build_version":"2019-01-23","purchased_purges":2,"victory":true,"max_hp_per_floor":[88,88,93,93,93,93,93,93,93,93,93,93,93,93,93,93,93,93,93,93,93,93,93,93,93,93,93,93,93,93,93,93,93,98,98,98,98,98,98,98,98,98,98,98,98,98,98,98,98,98,98,98,98,98,98],"card_choices":[{"not_picked":["Rupture","Ghostly Armor"],"picked":"Headbutt","floor":1},{"not_picked":["Intimidate","Replay:Undeath\u0027s Touch"],"picked":"Run Through","floor":2},{"not_picked":["Armaments","Anger"],"picked":"Shrug It Off","floor":4},{"not_picked":["Shrug It Off","Perfected Strike"],"picked":"Carnage","floor":5},{"not_picked":["Power Through","Twin Strike"],"picked":"Armaments","floor":6},{"not_picked":["Sword Boomerang","ReplayTheSpireMod:LeadingStrike","Run Through"],"picked":"SKIP","floor":7},{"not_picked":["ReplayTheSpireMod:Muscle Training","Immolate+1"],"picked":"Searing Blow+1","floor":11},{"not_picked":["Sword Boomerang+1","Rampage+1","Anger+1"],"picked":"SKIP","floor":14},{"not_picked":["Eclipse","Demonic Infusion"],"picked":"Offering","floor":16},{"not_picked":["Havoc","Thunderclap+1"],"picked":"Pommel Strike+1","floor":18},{"not_picked":["Perfected Strike+1","Iron Wave+1","Cleave+1"],"picked":"SKIP","floor":19},{"not_picked":["ReplayTheSpireMod:LeadingStrike+1","Sword Boomerang+1","Heavy Blade+1"],"picked":"SKIP","floor":22},{"not_picked":["Perfected Strike+1","Clothesline+1"],"picked":"Reaper+1","floor":24},{"not_picked":["Warcry","Body Slam+1","Run Through+1"],"picked":"SKIP","floor":29},{"not_picked":["Warcry+1","Sword Boomerang+1"],"picked":"Headbutt+1","floor":30},{"not_picked":["Perfected Strike+1","Wild Strike+1"],"picked":"Armaments+1","floor":31},{"not_picked":["Berserk","Barricade"],"picked":"Double Tap","floor":33},{"not_picked":["Cleave+1","Entrench+1","Wild Strike+1"],"picked":"SKIP","floor":35},{"not_picked":["ReplayTheSpireMod:Strike From Hell+1","Clothesline+1","Rage+1"],"picked":"SKIP","floor":38},{"not_picked":["Evolve+1","Sword Boomerang+1","Armaments+1"],"picked":"SKIP","floor":41},{"not_picked":["Flex+1","Heavy Blade+1","Replay:Undeath\u0027s Touch+1"],"picked":"SKIP","floor":44},{"not_picked":["Fiend Fire+1","Havoc+1","ReplayTheSpireMod:Corrosion Curse"],"picked":"SKIP","floor":45},{"not_picked":["Wild Strike+1","Fire Breathing","Shrug It Off"],"picked":"SKIP","floor":48},{"not_picked":["Replay:Undeath\u0027s Touch+1","ReplayTheSpireMod:Strike From Hell+1","ReplayTheSpireMod:Corrosion Curse"],"picked":"SKIP","floor":54}],"player_experience":1563404,"relics_obtained":[{"floor":6,"key":"Incense Burner"},{"floor":9,"key":"Molten Egg 2"},{"floor":14,"key":"Blood Vial"},{"floor":24,"key":"Garlic"},{"floor":28,"key":"Torii"},{"floor":28,"key":"Mirror"},{"floor":31,"key":"Du-Vu Doll"},{"floor":41,"key":"Happy Flower"},{"floor":45,"key":"Baseball"},{"floor":54,"key":"Sundial"}],"event_choices":[{"damage_healed":0,"gold_gain":0,"player_choice":"Donut","damage_taken":0,"max_hp_gain":5,"max_hp_loss":0,"event_name":"Big Fish","floor":3,"gold_loss":0},{"damage_healed":0,"gold_gain":75,"player_choice":"Gather Gold","damage_taken":11,"max_hp_gain":0,"max_hp_loss":0,"event_name":"World of Goop","floor":12,"gold_loss":0},{"damage_healed":0,"gold_gain":0,"player_choice":"Became a vampire (Vial)","damage_taken":0,"max_hp_gain":0,"max_hp_loss":0,"event_name":"Vampires","floor":21,"relics_lost":["Blood Vial"],"gold_loss":0,"cards_obtained":["Bite","Bite","Bite","Bite","Bite"]},{"damage_healed":0,"gold_gain":0,"player_choice":"Fight","damage_taken":0,"max_hp_gain":0,"max_hp_loss":0,"event_name":"Colosseum","floor":28,"gold_loss":0},{"damage_healed":0,"gold_gain":0,"player_choice":"Fought Nobs","damage_taken":0,"max_hp_gain":0,"max_hp_loss":0,"event_name":"Colosseum","floor":28,"gold_loss":0},{"damage_healed":0,"gold_gain":0,"player_choice":"Upgraded","damage_taken":0,"max_hp_gain":0,"max_hp_loss":0,"event_name":"Upgrade Shrine","floor":37,"gold_loss":0,"cards_upgraded":["Offering"]},{"cards_removed":["Defend_R"],"damage_healed":0,"gold_gain":0,"player_choice":"Removed Skill","damage_taken":0,"max_hp_gain":0,"max_hp_loss":0,"event_name":"Falling","floor":39,"gold_loss":0},{"damage_healed":0,"gold_gain":0,"player_choice":"Paid","damage_taken":0,"relics_obtained":["Red Mask"],"max_hp_gain":0,"max_hp_loss":0,"event_name":"Tomb of Lord Red Mask","floor":47,"gold_loss":183}],"is_beta":false,"boss_relics":[{"not_picked":["Ring of Chaos","Electric Blood"],"picked":"Cursed Key"},{"not_picked":["Snecko Heart","Black Blood"],"picked":"Tiny House"}],"items_purged_floors":[20,36],"is_endless":false,"potions_floor_spawned":[1,4,5,19,22,29,30,33,35,44,45],"ascension_level":0}