{"gold_per_floor":[112,122,122,197,209,238,238,43,43,57,57,57,73,101,101,206,206,226,238,337,357,357,391,405,405,405,437,452,269,286,6,6,110,110,120,137,188,199,199,199,233,233,233,233,262,275,295,315,315,315],"floor_reached":50,"playtime":2621,"items_purged":["Strike_R","Strike_R","Strike_R"],"score":629,"play_id":"445cc05c-2f34-48e7-a11e-5727a5abb5a9","local_time":"20190913232027","is_ascension_mode":false,"campfire_choices":[{"data":"Berserk","floor":7,"key":"SMITH"},{"data":"Bash","floor":12,"key":"SMITH"},{"data":"Fire Breathing","floor":15,"key":"SMITH"},{"data":"Disarm","floor":25,"key":"SMITH"},{"data":"Demon Form","floor":32,"key":"SMITH"},{"data":"Buffer","floor":40,"key":"SMITH"},{"data":"Shockwave","floor":42,"key":"SMITH"},{"floor":44,"key":"RECALL"},{"data":"Flame Barrier","floor":49,"key":"SMITH"}],"neow_cost":"NONE","seed_source_timestamp":101938126506500,"circlet_count":0,"master_deck":["Defend_R","Defend_R","Defend_R","Bash+1","Berserk+1","Pommel Strike+1","Fire Breathing+1","Cleave","Wild Strike","Dropkick","Ghostly Armor","Shockwave+1","Disarm+1","Demon Form+1","Flame Barrier+1","Body Slam+1","Iron Wave+1","Clumsy","Battle Trance+1","Swift Strike","Shrug It Off+1","Buffer+1","Dark Embrace+1","Twin Strike+1","Flex+1","Dark Shackles+1","Coolheaded+1","Clumsy","Riddle With Holes+1","Reprogram+1"],"relics":["Burning Blood","Shuriken","Dream Catcher","Meat on the Bone","Cursed Key","Bronze Scales","InkBottle","PrismaticShard","Astrolabe","Turnip","Centennial Puzzle","The Courier","HornCleat"],"potions_floor_usage":[6,23,33,33],"damage_taken":[{"damage":6,"enemies":"Jaw Worm","floor":1,"turns":3},{"damage":0,"enemies":"Small Slimes","floor":2,"turns":3},{"damage":0,"enemies":"2 Louse","floor":5,"turns":3},{"damage":17,"enemies":"3 Sentries","floor":6,"turns":5},{"damage":7,"enemies":"Blue Slaver","floor":10,"turns":2},{"damage":0,"enemies":"Exordium Wildlife","floor":13,"turns":3},{"damage":20,"enemies":"Gremlin Nob","floor":14,"turns":5},{"damage":0,"enemies":"Slime Boss","floor":16,"turns":6},{"damage":2,"enemies":"3 Byrds","floor":18,"turns":4},{"damage":8,"enemies":"Spheric Guardian","floor":19,"turns":6},{"damage":15,"enemies":"Shelled Parasite and Fungi","floor":21,"turns":5},{"damage":14,"enemies":"Slavers","floor":23,"turns":6},{"damage":5,"enemies":"Snecko","floor":24,"turns":5},{"damage":0,"enemies":"Gremlin Leader","floor":27,"turns":5},{"damage":11,"enemies":"Sentry and Sphere","floor":28,"turns":5},{"damage":9,"enemies":"Centurion and Healer","floor":30,"turns":6},{"damage":50,"enemies":"Automaton","floor":33,"turns":7},{"damage":4,"enemies":"3 Darklings","floor":35,"turns":5},{"damage":3,"enemies":"3 Shapes","floor":36,"turns":4},{"damage":32,"enemies":"2 Orb Walkers","floor":37,"turns":4},{"damage":0,"enemies":"Writhing Mass","floor":38,"turns":6},{"damage":10,"enemies":"Giant Head","floor":41,"turns":8},{"damage":19,"enemies":"Reptomancer","floor":45,"turns":8},{"damage":0,"enemies":"Jaw Worm Horde","floor":46,"turns":2},{"damage":13,"enemies":"Spire Growth","floor":47,"turns":4},{"damage":0,"enemies":"Maw","floor":48,"turns":6},{"damage":79,"enemies":"Awakened One","floor":50,"turns":7}],"seed_played":"7518323511384447698","potions_obtained":[{"floor":5,"key":"Fire Potion"},{"floor":6,"key":"Dexterity Potion"},{"floor":14,"key":"Weak Potion"},{"floor":23,"key":"Energy Potion"},{"floor":27,"key":"DuplicationPotion"},{"floor":33,"key":"SpeedPotion"},{"floor":36,"key":"LiquidBronze"},{"floor":48,"key":"Dexterity Potion"}],"is_trial":false,"path_per_floor":["M","M","?","?","M","E","R","$","T","M","?","R","M","E","R","B",null,"M","M","?","M","?","E","M","R","T","E","M","$","M","$","R","B",null,"M","M","?","M","?","R","E","R","T","R","E","M","M","M","R","B"],"character_chosen":"IRONCLAD","items_purchased":["Dropkick","SteroidPotion","Swift Strike","PrismaticShard"],"campfire_rested":0,"item_purchase_floors":[8,8,29,31],"current_hp_per_floor":[80,80,80,69,75,64,64,64,64,63,47,47,53,39,39,57,80,80,78,78,69,69,61,62,62,62,68,63,63,60,60,60,28,80,80,80,54,60,50,50,58,58,58,58,57,63,56,62,62,0],"gold":315,"neow_bonus":"ONE_RANDOM_RARE_CARD","is_prod":false,"is_daily":false,"chose_seed":false,"campfire_upgraded":8,"win_rate":0,"timestamp":1568413227,"path_taken":["M","M","?","?","M","E","R","?","T","M","?","R","M","E","R","BOSS","M","M","?","M","?","E","M","R","T","E","M","$","M","?","R","BOSS","M","M","?","M","?","R","E","R","T","R","E","M","M","M","R","BOSS"],"build_version":"2019-09-12","purchased_purges":3,"victory":false,"max_hp_per_floor":[80,80,80,80,80,80,80,80,80,80,80,80,80,80,80,80,80,80,80,80,80,80,80,80,80,80,80,80,80,80,80,80,80,80,80,80,80,80,80,80,80,80,80,80,80,80,80,80,80,80],"card_choices":[{"not_picked":["Iron Wave","Evolve"],"picked":"Pommel Strike","floor":1},{"not_picked":["Metallicize","Searing Blow"],"picked":"Fire Breathing","floor":2},{"not_picked":["Shrug It Off","Evolve"],"picked":"Cleave","floor":5},{"not_picked":["Bloodletting","Ghostly Armor"],"picked":"Wild Strike","floor":6},{"not_picked":["Cleave","Iron Wave"],"picked":"Ghostly Armor","floor":10},{"not_picked":["Limit Break","Flex"],"picked":"Shockwave","floor":13},{"not_picked":["Twin Strike","Corruption"],"picked":"Disarm","floor":14},{"not_picked":["Bludgeon","Impervious"],"picked":"Demon Form","floor":16},{"not_picked":["Heavy Blade","Havoc"],"picked":"Flame Barrier","floor":18},{"not_picked":["Cleave","Sword Boomerang+1"],"picked":"Body Slam+1","floor":19},{"not_picked":["Perfected Strike","Corruption"],"picked":"Iron Wave+1","floor":21},{"not_picked":["Reckless Charge","Thunderclap","Clash"],"picked":"SKIP","floor":23},{"not_picked":["Reckless Charge","Thunderclap","Clash"],"picked":"SKIP","floor":23},{"not_picked":["Flex","Power Through","Bloodletting+1"],"picked":"SKIP","floor":24},{"not_picked":["Armaments","Wild Strike","Clothesline"],"picked":"SKIP","floor":27},{"not_picked":["Clash","Carnage"],"picked":"Battle Trance+1","floor":28},{"not_picked":["Clothesline","Exhume"],"picked":"Shrug It Off+1","floor":30},{"not_picked":["Venomology","Nirvana"],"picked":"Buffer","floor":33},{"not_picked":["Swivel","Dagger Throw"],"picked":"Dark Shackles+1","floor":35},{"not_picked":["Bane","Hello World+1","Barrage+1"],"picked":"SKIP","floor":36},{"not_picked":["FollowUp","EmptyFist","Barrage"],"picked":"SKIP","floor":38},{"not_picked":["ClearTheMind","Outmaneuver"],"picked":"Coolheaded+1","floor":41},{"not_picked":["Concentrate","Rampage"],"picked":"Riddle With Holes+1","floor":45},{"not_picked":["Carnage+1","Leap"],"picked":"Reprogram+1","floor":46},{"not_picked":["Bloodletting+1","Halt","Bludgeon"],"picked":"SKIP","floor":47},{"not_picked":["Prostrate+1","Terror","Havoc"],"picked":"SKIP","floor":48}],"player_experience":1474794,"relics_obtained":[{"floor":6,"key":"Shuriken"},{"floor":9,"key":"Dream Catcher"},{"floor":14,"key":"Meat on the Bone"},{"floor":23,"key":"Bronze Scales"},{"floor":27,"key":"InkBottle"},{"floor":37,"key":"Turnip"},{"floor":41,"key":"Centennial Puzzle"},{"floor":43,"key":"The Courier"},{"floor":45,"key":"HornCleat"}],"event_choices":[{"damage_healed":0,"gold_gain":0,"player_choice":"Ignored","damage_taken":0,"max_hp_gain":0,"max_hp_loss":0,"event_name":"Liars Game","floor":3,"gold_loss":0},{"damage_healed":0,"gold_gain":75,"player_choice":"Gather Gold","damage_taken":11,"max_hp_gain":0,"max_hp_loss":0,"event_name":"World of Goop","floor":4,"gold_loss":0},{"damage_healed":0,"gold_gain":0,"player_choice":"Entered Light","damage_taken":16,"max_hp_gain":0,"max_hp_loss":0,"event_name":"Shining Light","floor":11,"gold_loss":0,"cards_upgraded":["Strike_R","Pommel Strike"]},{"damage_healed":0,"gold_gain":99,"player_choice":"Stole From Cult","damage_taken":0,"max_hp_gain":0,"max_hp_loss":0,"event_name":"Nest","floor":20,"gold_loss":0},{"damage_healed":0,"gold_gain":0,"player_choice":"Ignored","damage_taken":0,"max_hp_gain":0,"max_hp_loss":0,"event_name":"Ghosts","floor":22,"gold_loss":0},{"damage_healed":0,"gold_gain":0,"player_choice":"Fight","damage_taken":0,"max_hp_gain":0,"max_hp_loss":0,"event_name":"Mysterious Sphere","floor":37,"gold_loss":0},{"damage_healed":0,"gold_gain":0,"player_choice":"Memory 3","damage_taken":10,"max_hp_gain":0,"max_hp_loss":0,"event_name":"SensoryStone","floor":39,"gold_loss":0}],"is_beta":true,"boss_relics":[{"not_picked":["Tiny House","Velvet Choker"],"picked":"Cursed Key"},{"not_picked":["Busted Crown","Fusion Hammer"],"picked":"Astrolabe"}],"items_purged_floors":[8,29,31],"is_endless":false,"potions_floor_spawned":[5,6,14,21,23,27,28,30,33,36,38,41,46,48],"killed_by":"Awakened One","ascension_level":0}