{"gold_per_floor":[118,118,134,144,43,73,73,102,102,102,102,277,277,289,289,289],"floor_reached":16,"playtime":1133,"items_purged":[],"score":182,"play_id":"d1f70328-5e60-42d7-b7db-7afc0297f975","local_time":"20190916211533","is_ascension_mode":true,"campfire_choices":[{"data":"Infinite Blades","floor":7,"key":"SMITH"},{"data":"Accuracy","floor":13,"key":"SMITH"},{"floor":15,"key":"REST"}],"neow_cost":"NONE","seed_source_timestamp":0,"circlet_count":0,"master_deck":["Strike_G","Strike_G","Strike_G","Strike_G","Strike_G","Defend_G","Defend_G","Defend_G","Defend_G","Defend_G","Survivor","Neutralize","Tactician","Dodge and Roll","Infinite Blades+1","Heel Hook","Accuracy+1","Backflip","Distraction","Doubt","PiercingWail"],"special_seed":0,"relics":["Philosopher\u0027s Stone","Sundial","Bottled Tornado","Gremlin Horn"],"potions_floor_usage":[6,8,16],"damage_taken":[{"damage":5,"enemies":"2 Louse","floor":1,"turns":3},{"damage":0,"enemies":"Cultist","floor":3,"turns":5},{"damage":0,"enemies":"Jaw Worm","floor":4,"turns":4},{"damage":43,"enemies":"Gremlin Nob","floor":6,"turns":7},{"damage":14,"enemies":"3 Sentries","floor":8,"turns":8},{"damage":8,"enemies":"2 Fungi Beasts","floor":14,"turns":4},{"damage":65,"enemies":"Hexaghost","floor":16,"turns":15}],"seed_played":"358631603589770328","potions_obtained":[{"floor":3,"key":"FearPotion"},{"floor":4,"key":"GhostInAJar"},{"floor":14,"key":"Regen Potion"}],"is_trial":false,"path_per_floor":["M","?","M","M","$","E","R","E","T","T","?","?","R","M","R","B"],"character_chosen":"THE_SILENT","items_purchased":["Accuracy","Backflip"],"campfire_rested":1,"item_purchase_floors":[5,5],"current_hp_per_floor":[65,65,65,65,65,22,22,8,8,8,31,31,31,23,44,0],"gold":289,"neow_bonus":"BOSS_RELIC","is_prod":false,"is_daily":false,"chose_seed":false,"campfire_upgraded":2,"win_rate":0,"timestamp":1568693733,"path_taken":["M","?","M","M","?","E","R","E","T","?","?","?","R","M","R","BOSS"],"build_version":"2019-07-17","purchased_purges":0,"victory":false,"max_hp_per_floor":[70,70,70,70,70,70,70,70,70,70,70,70,70,70,70,70],"card_choices":[{"not_picked":["Acrobatics","Catalyst"],"picked":"Tactician","floor":1},{"not_picked":["Slice","Deadly Poison"],"picked":"Infinite Blades","floor":3},{"not_picked":["PiercingWail","Blur"],"picked":"Heel Hook","floor":4},{"not_picked":["PiercingWail","Dodge and Roll"],"picked":"Distraction","floor":6},{"not_picked":["Deflect","Blade Dance","Catalyst"],"picked":"SKIP","floor":8},{"not_picked":["Flying Knee","Catalyst"],"picked":"PiercingWail","floor":14}],"player_experience":99314,"relics_obtained":[{"floor":6,"key":"Sundial"},{"floor":8,"key":"Bottled Tornado"},{"floor":10,"key":"Gremlin Horn"}],"event_choices":[{"damage_healed":0,"gold_gain":0,"player_choice":"1 cards matched","damage_taken":0,"max_hp_gain":0,"max_hp_loss":0,"event_name":"Match and Keep!","floor":2,"gold_loss":0,"cards_obtained":["Dodge and Roll"]},{"damage_healed":23,"gold_gain":0,"player_choice":"Banana","damage_taken":0,"max_hp_gain":0,"max_hp_loss":0,"event_name":"Big Fish","floor":11,"gold_loss":0},{"damage_healed":0,"gold_gain":175,"player_choice":"AGREE","damage_taken":0,"max_hp_gain":0,"max_hp_loss":0,"event_name":"Liars Game","floor":12,"gold_loss":0,"cards_obtained":["Doubt"]}],"is_beta":false,"boss_relics":[],"items_purged_floors":[],"is_endless":false,"potions_floor_spawned":[3,4,14],"killed_by":"Hexaghost","ascension_level":3}