{"gold_per_floor":[111,129,149,149,167,167,186,211,238,20,47,47,47,65,65,170,170,186,204,104,119,73,73,86,86,113,132,132,149,64,110,122,235,247,272,59,59,78,95,130,130],"floor_reached":41,"playtime":1924,"items_purged":["Strike_G","Strike_G"],"score":705,"play_id":"9c94a2ce-09bf-4c77-ad1f-be0758186380","local_time":"20190923201654","is_ascension_mode":true,"campfire_choices":[{"data":"Glass Knife","floor":6.0,"key":"SMITH"},{"floor":15.0,"key":"REST"},{"data":"Crippling Poison","floor":23.0,"key":"SMITH"},{"data":"Malaise","floor":25.0,"key":"SMITH"},{"data":"Neutralize","floor":28.0,"key":"SMITH"},{"floor":32.0,"key":"REST"}],"neow_cost":"NONE","seed_source_timestamp":0,"circlet_count":0,"master_deck":["AscendersBane","Strike_G","Strike_G","Strike_G","Defend_G","Defend_G","Defend_G","Defend_G","Survivor+1","Neutralize+1","Glass Knife+1","Backflip+1","Dagger Spray","Crippling Poison+1","Acrobatics","Well Laid Plans","Predator","Backstab","Malaise+1","Concentrate+1","Dash+1","Calculated Gamble+1","Flying Knee","Deflect","Bouncing Flask","Poisoned Stab+1","Wraith Form v2","Footwork+1","Caltrops","Deadly Poison+1","Catalyst+1"],"special_seed":0,"relics":["Ring of the Snake","CultistMask","Calipers","Bag of Preparation","Toy Ornithopter","Bronze Scales","War Paint","Runic Pyramid","Akabeko","MawBank","Pen Nib","Cursed Key","Oddly Smooth Stone","Dodecahedron"],"potions_floor_usage":[],"damage_taken":[{"damage":0.0,"enemies":"Small Slimes","floor":1.0,"turns":2.0},{"damage":0.0,"enemies":"Cultist","floor":2.0,"turns":3.0},{"damage":0.0,"enemies":"Jaw Worm","floor":3.0,"turns":3.0},{"damage":0.0,"enemies":"3 Louse","floor":5.0,"turns":2.0},{"damage":3.0,"enemies":"Gremlin Gang","floor":7.0,"turns":3.0},{"damage":13.0,"enemies":"3 Sentries","floor":8.0,"turns":7.0},{"damage":8.0,"enemies":"Gremlin Nob","floor":11.0,"turns":4.0},{"damage":0.0,"enemies":"Large Slime","floor":14.0,"turns":4.0},{"damage":28.0,"enemies":"Slime Boss","floor":16.0,"turns":13.0},{"damage":14.0,"enemies":"Spheric Guardian","floor":18.0,"turns":4.0},{"damage":0.0,"enemies":"Chosen","floor":19.0,"turns":4.0},{"damage":2.0,"enemies":"Centurion and Healer","floor":21.0,"turns":7.0},{"damage":8.0,"enemies":"Snecko","floor":24.0,"turns":6.0},{"damage":6.0,"enemies":"Shelled Parasite and Fungi","floor":27.0,"turns":5.0},{"damage":0.0,"enemies":"Chosen and Byrds","floor":29.0,"turns":4.0},{"damage":11.0,"enemies":"Book of Stabbing","floor":31.0,"turns":5.0},{"damage":34.0,"enemies":"Champ","floor":33.0,"turns":10.0},{"damage":0.0,"enemies":"3 Shapes","floor":35.0,"turns":4.0},{"damage":0.0,"enemies":"Orb Walker","floor":38.0,"turns":3.0},{"damage":0.0,"enemies":"4 Shapes","floor":39.0,"turns":5.0},{"damage":6.0,"enemies":"Nemesis","floor":40.0,"turns":7.0}],"seed_played":"617154092779260207","potions_obtained":[{"floor":1.0,"key":"PowerPotion"},{"floor":2.0,"key":"CunningPotion"},{"floor":7.0,"key":"Weak Potion"},{"floor":16.0,"key":"Poison Potion"},{"floor":18.0,"key":"FearPotion"},{"floor":33.0,"key":"Swift Potion"},{"floor":35.0,"key":"Fruit Juice"},{"floor":37.0,"key":"Dexterity Potion"}],"is_trial":false,"path_per_floor":["M","M","M","?","M","R","M","E","T","$","E","?","?","M","R","B",null,"M","M","$","M","$","R","M","R","T","M","R","M","?","E","R","B",null,"M","$","?","M","M","E","$"],"character_chosen":"THE_SILENT","items_purchased":["Toy Ornithopter","Flying Knee","Caltrops","Oddly Smooth Stone"],"campfire_rested":2,"item_purchase_floors":[10,22,36,36],"current_hp_per_floor":[63,63,63,63,63,63,60,47,47,47,44,11,11,11,32,9,55,41,41,41,39,39,39,36,36,36,30,30,30,30,19,40,11,55,65,65,65,65,65,59,59],"gold":130,"neow_bonus":"TRANSFORM_CARD","is_prod":false,"is_daily":false,"chose_seed":false,"campfire_upgraded":4,"win_rate":0,"timestamp":1569266214,"path_taken":["M","M","M","?","?","R","M","E","T","$","E","?","?","M","R","BOSS","M","M","$","M","$","R","?","R","T","M","R","M","?","E","R","BOSS","M","$","?","M","M","E","$"],"build_version":"2019-09-23","purchased_purges":2,"victory":false,"max_hp_per_floor":[70,70,70,70,70,70,70,70,70,70,70,70,70,70,70,70,70,70,70,70,70,70,70,70,70,70,70,70,70,70,70,70,70,70,75,75,75,75,75,75,75],"card_choices":[{"not_picked":["Setup","Reflex"],"picked":"Backflip","floor":1.0},{"not_picked":["Dagger Throw","Bouncing Flask"],"picked":"Dagger Spray","floor":2.0},{"not_picked":["Reflex","Dodge and Roll","Dagger Spray"],"picked":"SKIP","floor":3.0},{"not_picked":["Setup","Caltrops"],"picked":"Crippling Poison","floor":5.0},{"not_picked":["Eviscerate","Outmaneuver"],"picked":"Acrobatics","floor":7.0},{"not_picked":["Bouncing Flask","Poisoned Stab"],"picked":"Well Laid Plans","floor":8.0},{"not_picked":["Deflect","Accuracy"],"picked":"Predator","floor":11.0},{"not_picked":["Flechettes","Dodge and Roll","Acrobatics"],"picked":"SKIP","floor":14.0},{"not_picked":["Bullet Time","Storm of Steel"],"picked":"Malaise","floor":16.0},{"not_picked":["Slice","Dagger Throw"],"picked":"Concentrate+1","floor":18.0},{"not_picked":["Expertise","Dagger Spray"],"picked":"Dash+1","floor":19.0},{"not_picked":["Eviscerate","Escape Plan"],"picked":"Calculated Gamble+1","floor":21.0},{"not_picked":["Dagger Spray","Well Laid Plans","Escape Plan"],"picked":"SKIP","floor":24.0},{"not_picked":["Well Laid Plans+1","Acrobatics"],"picked":"Deflect","floor":27.0},{"not_picked":["Flying Knee","PiercingWail"],"picked":"Bouncing Flask","floor":29.0},{"not_picked":["Acrobatics","Prepared"],"picked":"Poisoned Stab+1","floor":31.0},{"not_picked":["Doppelganger","Malaise"],"picked":"Wraith Form v2","floor":33.0},{"not_picked":["Bane","Caltrops"],"picked":"Footwork+1","floor":35.0},{"not_picked":["Accuracy+1","Slice+1"],"picked":"Deadly Poison+1","floor":38.0},{"not_picked":["Quick Slash+1","Dagger Throw+1"],"picked":"Catalyst+1","floor":39.0},{"not_picked":["Leg Sweep","Choke","Blade Dance+1"],"picked":"SKIP","floor":40.0}],"player_experience":1553670,"relics_obtained":[{"floor":8.0,"key":"Calipers"},{"floor":9.0,"key":"Bag of Preparation"},{"floor":11.0,"key":"Bronze Scales"},{"floor":26.0,"key":"Akabeko"},{"floor":31.0,"key":"Pen Nib"},{"floor":40.0,"key":"Dodecahedron"}],"event_choices":[{"damage_healed":0.0,"max_hp_gain":0.0,"max_hp_loss":0.0,"gold_gain":0.0,"event_name":"FaceTrader","player_choice":"Trade","floor":4.0,"gold_loss":0.0,"damage_taken":0.0,"relics_obtained":["CultistMask"]},{"damage_healed":0.0,"max_hp_gain":0.0,"max_hp_loss":0.0,"gold_gain":0.0,"event_name":"Scrap Ooze","player_choice":"Success","floor":12.0,"gold_loss":0.0,"damage_taken":33.0,"relics_obtained":["War Paint"]},{"damage_healed":0.0,"max_hp_gain":0.0,"max_hp_loss":0.0,"gold_gain":0.0,"event_name":"Match and Keep!","player_choice":"1 cards matched","floor":13.0,"gold_loss":0.0,"damage_taken":0.0,"cards_obtained":["Backstab"]},{"damage_healed":0.0,"max_hp_gain":0.0,"max_hp_loss":0.0,"gold_gain":0.0,"event_name":"Addict","player_choice":"Obtained Relic","floor":30.0,"gold_loss":85.0,"damage_taken":0.0,"relics_obtained":["MawBank"]},{"damage_healed":0.0,"max_hp_gain":0.0,"max_hp_loss":0.0,"gold_gain":0.0,"event_name":"Lab","player_choice":"Got Potions","floor":37.0,"gold_loss":0.0,"damage_taken":0.0}],"is_beta":true,"boss_relics":[{"not_picked":["Tiny House","Calling Bell"],"picked":"Runic Pyramid"},{"not_picked":["Velvet Choker","Astrolabe"],"picked":"Cursed Key"}],"items_purged_floors":[10,20],"is_endless":false,"potions_floor_spawned":[1,2,3,7,16,18,33,35,38,40],"ascension_level":11}