{"gold_per_floor":[114,389,402,402,415,415,415,415,439,453,453,466,391,407,407,507,507,492,417,36,36,55,55],"floor_reached":23,"playtime":534,"items_purged":["Regret","Defend_R"],"score":224,"play_id":"8b9d9e26-dbd4-49d2-aacf-0cc0429e0abf","local_time":"20190413224518","is_ascension_mode":true,"campfire_choices":[{"data":"Uppercut","floor":6,"key":"SMITH"},{"data":"Spot Weakness","floor":8,"key":"SMITH"},{"data":"Bash","floor":11,"key":"SMITH"},{"floor":15,"key":"REST"}],"neow_cost":"NONE","seed_source_timestamp":1830646423257000,"circlet_count":0,"master_deck":["Strike_R","Strike_R","Strike_R","Defend_R","Defend_R","Bash+1","Spot Weakness+1","Wild Strike","Uppercut+1","Feed+1","Cleave"],"relics":["Burning Blood","Singing Bowl","Oddly Smooth Stone","Empty Cage","Molten Egg 2"],"potions_floor_usage":[5,18],"damage_taken":[{"damage":1,"enemies":"Small Slimes","floor":1,"turns":5},{"damage":4,"enemies":"Cultist","floor":3,"turns":3},{"damage":0,"enemies":"2 Louse","floor":5,"turns":1},{"damage":20,"enemies":"Large Slime","floor":10,"turns":4},{"damage":36,"enemies":"Exordium Thugs","floor":12,"turns":5},{"damage":16,"enemies":"Lots of Slimes","floor":14,"turns":4},{"damage":46,"enemies":"Slime Boss","floor":16,"turns":10},{"damage":35,"enemies":"2 Thieves","floor":18,"turns":4},{"damage":31,"enemies":"Shell Parasite","floor":22,"turns":5},{"damage":52,"enemies":"Gremlin Leader","floor":23,"turns":4}],"seed_played":"553742489311901616","potions_obtained":[{"floor":3,"key":"Explosive Potion"},{"floor":5,"key":"SpeedPotion"},{"floor":14,"key":"SneckoOil"},{"floor":16,"key":"Strength Potion"},{"floor":18,"key":"Swift Potion"}],"is_trial":false,"path_per_floor":["M","?","M","?","M","R","?","R","T","M","R","M","$","M","R","B",null,"M","?","$","?","M","E"],"character_chosen":"IRONCLAD","items_purchased":["Cleave","Molten Egg 2"],"campfire_rested":1,"item_purchase_floors":[20,20],"current_hp_per_floor":[88,88,88,88,88,88,81,81,81,69,69,41,41,33,61,21,94,67,67,67,67,44,0],"gold":55,"neow_bonus":"TEN_PERCENT_HP_BONUS","is_prod":false,"is_daily":false,"chose_seed":false,"campfire_upgraded":3,"win_rate":0,"timestamp":1555184718,"path_taken":["M","?","?","?","M","R","?","R","T","M","R","M","$","M","R","BOSS","M","?","$","?","?","E"],"build_version":"2019-01-23","purchased_purges":2,"victory":false,"max_hp_per_floor":[88,88,88,88,88,88,88,88,88,90,90,92,92,94,94,94,94,96,96,96,96,98,98],"card_choices":[{"not_picked":["Havoc","Intimidate"],"picked":"Spot Weakness","floor":1},{"not_picked":["Hemokinesis","Searing Blow"],"picked":"Wild Strike","floor":3},{"not_picked":["Heavy Blade","True Grit"],"picked":"Uppercut","floor":5},{"not_picked":["Clothesline","Sword Boomerang","Searing Blow"],"picked":"Singing Bowl","floor":10},{"not_picked":["Disarm","Iron Wave","Twin Strike"],"picked":"Singing Bowl","floor":12},{"not_picked":["Anger","Havoc","Heavy Blade"],"picked":"Singing Bowl","floor":14},{"not_picked":["Brutality","Berserk"],"picked":"Feed","floor":16},{"not_picked":["Clothesline","Evolve","Combust+1"],"picked":"Singing Bowl","floor":18},{"not_picked":["Perfected Strike+1","Blood for Blood+1","Whirlwind+1"],"picked":"Singing Bowl","floor":22}],"player_experience":274877,"relics_obtained":[{"floor":9,"key":"Oddly Smooth Stone"}],"event_choices":[{"damage_healed":0,"gold_gain":275,"player_choice":"Desecrate","damage_taken":0,"max_hp_gain":0,"max_hp_loss":0,"event_name":"Golden Shrine","floor":2,"gold_loss":0,"cards_obtained":["Regret"]},{"damage_healed":0,"gold_gain":0,"player_choice":"Box","damage_taken":0,"relics_obtained":["Singing Bowl"],"max_hp_gain":0,"max_hp_loss":0,"event_name":"Big Fish","floor":4,"gold_loss":0,"cards_obtained":["Regret"]},{"cards_removed":["Regret"],"damage_healed":0,"gold_gain":0,"player_choice":"Card Removal","damage_taken":7,"max_hp_gain":0,"max_hp_loss":0,"event_name":"Golden Wing","floor":7,"gold_loss":0},{"cards_removed":["Defend_R"],"damage_healed":0,"gold_gain":0,"player_choice":"Gave Gold","damage_taken":0,"max_hp_gain":0,"max_hp_loss":0,"event_name":"Beggar","floor":19,"gold_loss":75},{"damage_healed":0,"gold_gain":0,"player_choice":"Upgraded","damage_taken":0,"max_hp_gain":0,"max_hp_loss":0,"event_name":"Upgrade Shrine","floor":21,"gold_loss":0,"cards_upgraded":["Feed"]}],"is_beta":false,"boss_relics":[{"not_picked":["Runic Cube","Runic Dome"],"picked":"Empty Cage"}],"items_purged_floors":[13,20],"is_endless":false,"potions_floor_spawned":[3,5,14,16,18],"killed_by":"Gremlin Leader","ascension_level":2}