{"gold_per_floor":[110,110,185,460,471,471,486,486,533,546,546,574,593,693,693,693],"floor_reached":16,"playtime":372,"items_purged":[],"score":110,"play_id":"85113878-be62-47a1-ba9e-b7910f57c0d6","local_time":"20190413191153","is_ascension_mode":true,"campfire_choices":[{"data":"Flame Barrier","floor":6,"key":"SMITH"},{"data":"Bash","floor":8,"key":"SMITH"},{"data":"Flex","floor":11,"key":"SMITH"},{"floor":15,"key":"REST"}],"neow_cost":"TEN_PERCENT_HP_LOSS","seed_source_timestamp":1818003725216400,"circlet_count":0,"master_deck":["Strike_R","Strike_R","Strike_R","Strike_R","Strike_R","Defend_R","Defend_R","Defend_R+1","Defend_R+1","Bash+1","Headbutt","Regret","Regret","Flame Barrier+1","Bloodletting","Flex+1","Infernal Blade","Shrug It Off"],"relics":["Burning Blood","Nunchaku","War Paint","Bag of Preparation","WingedGreaves"],"potions_floor_usage":[5,12,16],"damage_taken":[{"damage":12,"enemies":"Jaw Worm","floor":1,"turns":3},{"damage":13,"enemies":"Small Slimes","floor":5,"turns":2},{"damage":3,"enemies":"Cultist","floor":7,"turns":4},{"damage":8,"enemies":"3 Louse","floor":10,"turns":3},{"damage":28,"enemies":"Gremlin Nob","floor":12,"turns":4},{"damage":26,"enemies":"Exordium Thugs","floor":13,"turns":4},{"damage":31,"enemies":"Slime Boss","floor":16,"turns":6}],"seed_played":"4329616605528890156","potions_obtained":[{"floor":1,"key":"PowerPotion"},{"floor":5,"key":"Poison Potion"},{"floor":7,"key":"Dexterity Potion"}],"is_trial":false,"path_per_floor":["M","?","?","?","M","R","M","R","T","M","R","E","M","?","R","B"],"character_chosen":"IRONCLAD","items_purchased":[],"campfire_rested":1,"item_purchase_floors":[],"current_hp_per_floor":[66,66,55,55,48,48,51,51,51,49,49,27,7,7,28,0],"gold":693,"neow_bonus":"ONE_RARE_RELIC","is_prod":false,"is_daily":false,"chose_seed":false,"campfire_upgraded":3,"win_rate":0,"timestamp":1555171913,"path_taken":["M","?","?","?","M","R","M","R","T","?","R","E","M","?","R","BOSS"],"build_version":"2019-01-23","purchased_purges":0,"victory":false,"max_hp_per_floor":[72,72,72,72,72,72,72,72,72,72,72,72,72,72,72,72],"card_choices":[{"not_picked":["Metallicize","Power Through"],"picked":"Headbutt","floor":1},{"not_picked":["Headbutt","Havoc"],"picked":"Flame Barrier","floor":5},{"not_picked":["Searing Blow","Ghostly Armor"],"picked":"Bloodletting","floor":7},{"not_picked":["Dropkick","Uppercut"],"picked":"Flex","floor":10},{"not_picked":["Bludgeon","Blood for Blood"],"picked":"Infernal Blade","floor":12},{"not_picked":["Body Slam","Havoc"],"picked":"Shrug It Off","floor":13}],"player_experience":262916,"relics_obtained":[{"floor":9,"key":"Bag of Preparation"},{"floor":12,"key":"WingedGreaves"}],"event_choices":[{"damage_healed":0,"gold_gain":0,"player_choice":"Box","damage_taken":0,"relics_obtained":["War Paint"],"max_hp_gain":0,"max_hp_loss":0,"event_name":"Big Fish","floor":2,"gold_loss":0,"cards_obtained":["Regret"]},{"damage_healed":0,"gold_gain":75,"player_choice":"Gather Gold","damage_taken":11,"max_hp_gain":0,"max_hp_loss":0,"event_name":"World of Goop","floor":3,"gold_loss":0},{"damage_healed":0,"gold_gain":275,"player_choice":"Desecrate","damage_taken":0,"max_hp_gain":0,"max_hp_loss":0,"event_name":"Golden Shrine","floor":4,"gold_loss":0,"cards_obtained":["Regret"]},{"damage_healed":0,"gold_gain":100,"player_choice":"Gold","damage_taken":0,"max_hp_gain":0,"max_hp_loss":0,"event_name":"Wheel of Change","floor":14,"gold_loss":0}],"is_beta":false,"boss_relics":[],"items_purged_floors":[],"is_endless":false,"potions_floor_spawned":[1,5,7],"killed_by":"Slime Boss","ascension_level":2}