{"gold_per_floor":[117,4,4,4,17,17,17,17,17,49,68,79,113,133,133,234,234,246,246,263,53,70,105,105,105,116,135,135,148,158,257,269,269,269,372,372,387,400,455,455,455,482,494,511,511,112,112,131,164,174,174,174],"floor_reached":53,"playtime":2607,"items_purged":["Strike_R","Exhume"],"score":828,"play_id":"39003e8d-2379-4b31-b6fa-b13db4cc4f3b","local_time":"20190516122320","is_ascension_mode":false,"campfire_choices":[{"data":"Body Slam","floor":6,"key":"SMITH"},{"data":"Rampage","floor":8,"key":"SMITH"},{"data":"Bash","floor":15,"key":"SMITH"},{"floor":34,"key":"DIG"},{"data":"Dual Wield","floor":47,"key":"SMITH"},{"data":"True Grit","floor":47,"key":"SMITH"},{"data":"Pommel Strike","floor":51,"key":"SMITH"},{"data":"Shockwave","floor":51,"key":"SMITH"}],"neow_cost":"PERCENT_DAMAGE","seed_source_timestamp":86623678965104,"circlet_count":0,"master_deck":["Bash+1","Body Slam+1","Rampage+1","Whirlwind","Pommel Strike+1","Dual Wield+1","Demon Form+1","Headbutt+1","Shrug It Off","Shrug It Off","ReplayReversal","Reaper+1","True Grit+1","Spot Weakness","Headbutt+1","Shrug It Off+1","Shockwave+1","Feel No Pain+1","Flame Barrier","Pommel Strike+1"],"relics":["Burning Blood","Bag of Marbles","Bottled Lightning","Mummified Hand","Paper Frog","Replay:Grab Bag","ReplayTheSpireMod:DimensionalGlitch","Sozu","Black Star","Snecko Eye","TheAbacus","Dream Catcher","Molten Egg 2","Self Forming Clay","Gremlin Horn","Pandora\u0027s Box","Replay:Towering Pillar of Hats","Omamori","ReplayTheSpireMod:Spearhead","Arrowhead","Another Sword","Boot"],"potions_floor_usage":[13,27],"damage_taken":[{"damage":1,"enemies":"2 Louse","floor":1,"turns":3},{"damage":1,"enemies":"Jaw Worm","floor":5,"turns":3},{"damage":25,"enemies":"Gremlin Nob","floor":10,"turns":4},{"damage":0,"enemies":"Small Slimes","floor":11,"turns":2},{"damage":10,"enemies":"Looter","floor":12,"turns":3},{"damage":16,"enemies":"Lagavulin","floor":13,"turns":6},{"damage":6,"enemies":"Exordium Thugs","floor":14,"turns":3},{"damage":28,"enemies":"Hexaghost","floor":16,"turns":7},{"damage":15,"enemies":"2 Thieves","floor":18,"turns":3},{"damage":15,"enemies":"Shell Parasite","floor":20,"turns":4},{"damage":4,"enemies":"Sentry and Sphere","floor":22,"turns":3},{"damage":7,"enemies":"Book of Stabbing","floor":23,"turns":3},{"damage":0,"enemies":"3 Cultists","floor":26,"turns":2},{"damage":0,"enemies":"Snecko","floor":27,"turns":2},{"damage":10,"enemies":"Shelled Parasite and Fungi","floor":29,"turns":3},{"damage":0,"enemies":"Chosen and Byrds","floor":30,"turns":4},{"damage":0,"enemies":"Cultist and Chosen","floor":32,"turns":3},{"damage":41,"enemies":"Champ","floor":35,"turns":7},{"damage":12,"enemies":"Orb Walker","floor":37,"turns":3},{"damage":22,"enemies":"3 Shapes","floor":38,"turns":3},{"damage":66,"enemies":"2 Orb Walkers","floor":39,"turns":6},{"damage":0,"enemies":"Giant Head","floor":42,"turns":5},{"damage":12,"enemies":"3 Darklings","floor":43,"turns":5},{"damage":13,"enemies":"Transient","floor":44,"turns":5},{"damage":14,"enemies":"Writhing Mass","floor":48,"turns":3},{"damage":6,"enemies":"R_Hoarder","floor":49,"turns":5},{"damage":0,"enemies":"Maw","floor":50,"turns":5},{"damage":0,"enemies":"Time Eater","floor":52,"turns":9}],"seed_played":"-5422565614237133565","potions_obtained":[{"floor":11,"key":"Regen Potion"},{"floor":13,"key":"FearPotion"},{"floor":16,"key":"Energy Potion"}],"is_trial":false,"path_per_floor":["M","$","?","?","M","R","?","R","T","E","M","M","E","M","R","B",null,"M","?","M","$","M","E","PTL","PTL","M","M","T","M","M","?","M","?","R","B",null,"M","M","?","?","?","E","M","M","T","$","R","M","E","M","R","B",null],"character_chosen":"IRONCLAD","items_purchased":["Rampage","TheAbacus","Arrowhead"],"campfire_rested":0,"item_purchase_floors":[2,21,46],"current_hp_per_floor":[61,61,61,54,59,59,52,52,52,33,39,35,40,40,40,18,80,68,68,56,56,55,51,51,51,54,57,57,50,53,53,56,56,56,18,80,78,72,43,43,43,78,80,77,77,77,77,66,73,80,80,80],"gold":174,"neow_bonus":"REMOVE_TWO","is_prod":false,"is_daily":false,"chose_seed":false,"campfire_upgraded":7,"win_rate":0,"timestamp":1558005800,"path_taken":["M","$","?","?","M","R","?","R","T","E","M","M","E","M","R","BOSS","M","?","M","$","M","E","PTL","PTL","M","M","T","M","M","?","M","?","R","BOSS","M","M","?","?","?","E","?","M","T","$","R","M","E","M","R","BOSS"],"build_version":"2019-01-23","purchased_purges":2,"victory":true,"max_hp_per_floor":[80,80,80,80,80,80,80,80,80,80,80,80,80,80,80,80,80,80,80,80,80,80,80,80,80,80,80,80,80,80,80,80,80,80,80,80,80,80,80,80,80,80,80,80,80,80,80,80,80,80,80,80],"card_choices":[{"not_picked":["Warcry","ReplayTheSpireMod:Strike From Hell"],"picked":"Body Slam","floor":1},{"not_picked":["ReplayTheSpireMod:Strike From Hell","ReplayTheSpireMod:Limb From Limb","Flex"],"picked":"SKIP","floor":5},{"not_picked":["Havoc","Flex"],"picked":"Whirlwind","floor":10},{"not_picked":["ReplayTheSpireMod:Corrosion Curse","Twin Strike"],"picked":"Pommel Strike","floor":11},{"not_picked":["Replay:Many Hands","Rupture","ReplayTheSpireMod:Strike From Hell"],"picked":"SKIP","floor":12},{"not_picked":["Perfected Strike","ReplayTheSpireMod:Strike From Hell"],"picked":"Dual Wield","floor":13},{"not_picked":["Run Through","Pommel Strike","Wild Strike"],"picked":"SKIP","floor":14},{"not_picked":["Berserk","Reaper"],"picked":"Demon Form","floor":16},{"not_picked":["Wild Strike","Evolve"],"picked":"Headbutt+1","floor":18},{"not_picked":["Spot Weakness","Run Through+1","Anger"],"picked":"SKIP","floor":20},{"not_picked":["Clothesline","Warcry+1"],"picked":"Shrug It Off","floor":22},{"not_picked":["Fire Breathing","Abandon","Reckless Charge"],"picked":"SKIP","floor":23},{"not_picked":["Warcry","Flex+1","Body Slam+1"],"picked":"SKIP","floor":26},{"not_picked":["Thunderclap+1","Dark Embrace"],"picked":"Shrug It Off","floor":27},{"not_picked":["Cleave+1","Wild Strike+1","Flex"],"picked":"SKIP","floor":29},{"not_picked":["Shrug It Off","Thunderclap+1"],"picked":"ReplayReversal","floor":30},{"not_picked":["Flex","Rupture","Perfected Strike+1"],"picked":"SKIP","floor":32},{"not_picked":["Replay:Many Hands","Barricade"],"picked":"Reaper+1","floor":35},{"not_picked":["Havoc","Life Link+1"],"picked":"Shrug It Off+1","floor":37},{"not_picked":["Dropkick+1","Perfected Strike+1","Flex+1"],"picked":"SKIP","floor":38},{"not_picked":["Fire Breathing+1","Abandon+1"],"picked":"Shockwave","floor":39},{"not_picked":["Run Through+1","Second Wind+1","Warcry"],"picked":"SKIP","floor":42},{"not_picked":["Iron Wave+1","Demonic Infusion"],"picked":"Feel No Pain+1","floor":43},{"not_picked":["Second Wind","Shrug It Off"],"picked":"Flame Barrier","floor":44},{"not_picked":["ReplayReversal+1","Sever Soul+1","Searing Blow+1"],"picked":"SKIP","floor":48},{"not_picked":["ReplayReversal+1","Sever Soul+1","Searing Blow+1"],"picked":"SKIP","floor":48},{"not_picked":["Havoc","Sentinel","Wild Strike+1"],"picked":"SKIP","floor":49},{"not_picked":["Dual Wield","Anger+1"],"picked":"Pommel Strike+1","floor":50}],"player_experience":1427377,"relics_obtained":[{"floor":9,"key":"Bottled Lightning"},{"floor":10,"key":"Mummified Hand"},{"floor":13,"key":"Paper Frog"},{"floor":23,"key":"Dream Catcher"},{"floor":23,"key":"Molten Egg 2"},{"floor":28,"key":"Self Forming Clay"},{"floor":34,"key":"Gremlin Horn"},{"floor":39,"key":"Replay:Towering Pillar of Hats"},{"floor":42,"key":"Omamori"},{"floor":45,"key":"ReplayTheSpireMod:Spearhead"},{"floor":49,"key":"Another Sword"},{"floor":49,"key":"Boot"}],"event_choices":[{"cards_removed":["Defend_R"],"damage_healed":0,"gold_gain":0,"player_choice":"Forget","damage_taken":0,"max_hp_gain":0,"max_hp_loss":0,"event_name":"Living Wall","floor":3,"gold_loss":0},{"cards_removed":["Strike_R"],"damage_healed":0,"gold_gain":0,"player_choice":"Card Removal","damage_taken":7,"max_hp_gain":0,"max_hp_loss":0,"event_name":"Golden Wing","floor":4,"gold_loss":0},{"damage_healed":0,"gold_gain":0,"player_choice":"Success","damage_taken":7,"relics_obtained":["Bag of Marbles"],"max_hp_gain":0,"max_hp_loss":0,"event_name":"Scrap Ooze","floor":7,"gold_loss":0},{"damage_healed":0,"gold_gain":0,"player_choice":"Ignored","damage_taken":0,"max_hp_gain":0,"max_hp_loss":0,"event_name":"The Mausoleum","floor":19,"gold_loss":0},{"damage_healed":0,"gold_gain":99,"player_choice":"Stole From Cult","damage_taken":0,"max_hp_gain":0,"max_hp_loss":0,"event_name":"Nest","floor":31,"gold_loss":0},{"damage_healed":0,"gold_gain":0,"player_choice":"Forge","damage_taken":0,"max_hp_gain":0,"max_hp_loss":0,"event_name":"Accursed Blacksmith","floor":33,"gold_loss":0,"cards_upgraded":["Demon Form"]},{"damage_healed":0,"gold_gain":0,"player_choice":"Fight","damage_taken":0,"max_hp_gain":0,"max_hp_loss":0,"event_name":"Mysterious Sphere","floor":39,"gold_loss":0},{"damage_healed":0,"gold_gain":0,"player_choice":"Ignored","damage_taken":0,"max_hp_gain":0,"max_hp_loss":0,"event_name":"Tomb of Lord Red Mask","floor":40,"gold_loss":0},{"damage_healed":0,"gold_gain":0,"player_choice":"Ignored","damage_taken":0,"max_hp_gain":0,"max_hp_loss":0,"event_name":"SecretPortal","floor":41,"gold_loss":0}],"is_beta":false,"boss_relics":[{"not_picked":["Velvet Choker","Runic Dome"],"picked":"Replay:Grab Bag"},{"not_picked":["Replay:Bronze Core","Fusion Hammer"],"picked":"ReplayTheSpireMod:DimensionalGlitch"},{"not_picked":["ReplayTheSpireMod:Onyx Gauntlets","Busted Crown"],"picked":"Sozu"},{"not_picked":["Orrery","Eternal Feather"],"picked":"Black Star"},{"not_picked":["Lizard Tail","Calling Bell"],"picked":"Snecko Eye"},{"not_picked":["Ring of Chaos","Kintsugi"],"picked":"Pandora\u0027s Box"}],"items_purged_floors":[2,46],"is_endless":false,"potions_floor_spawned":[11,13,16,20,23,32,42,44,50],"ascension_level":0}