{"gold_per_floor":[111,127,142,161,31,31,61,61,61,136,136,149,149,178,178,283,283,294,294,314,111,128,128,159,179,179,206,234,234,234,244,244,345,345,358,222,222,322,341,341,352,380,405,424,185,0,0,28,28,28],"floor_reached":51,"playtime":6180,"items_purged":["Strike_B","Writhe","Fusion","Parasite"],"score":812,"play_id":"8c5664bb-10c0-4614-8238-19d4f0677f49","local_time":"20191009015855","is_ascension_mode":true,"campfire_choices":[{"data":"Zap","floor":6.0,"key":"SMITH"},{"data":"Double Energy","floor":8.0,"key":"SMITH"},{"data":"Reinforced Body","floor":11.0,"key":"SMITH"},{"data":"Go for the Eyes","floor":13.0,"key":"SMITH"},{"data":"Creative AI","floor":15.0,"key":"SMITH"},{"data":"Double Energy","floor":23,"key":"SMITH"},{"floor":29,"key":"REST"},{"data":"Consume","floor":32,"key":"SMITH"},{"data":"Capacitor","floor":40,"key":"SMITH"},{"data":"Defragment","floor":47,"key":"SMITH"},{"data":"Multi-Cast","floor":49,"key":"SMITH"}],"neow_cost":"NONE","seed_source_timestamp":13141692063700,"circlet_count":0,"master_deck":["Zap+1","Dualcast","Go for the Eyes+1","Reinforced Body+1","Steam","Gash","Self Repair","Double Energy+1","Rainbow","Creative AI+1","All For One","Coolheaded","Beam Cell","Multi-Cast+1","Genetic Algorithm","Double Energy+1","Sunder","Auto Shields","Consume+1","Stack","Coolheaded","Loop","Chill+1","Coolheaded","Ball Lightning+1","Electrodynamics","Capacitor+1","Turbo","Flash of Steel+1","Finesse","Panache","Reinforced Body+1","Glacier+1","Defragment+1"],"special_seed":0,"relics":["Cracked Core","Smiling Mask","Pantograph","Gambling Chip","FossilizedHelix","Pandora\u0027s Box","Dodecahedron","Kunai","Molten Egg 2","WingedGreaves","Bottled Lightning","Sundial","Eternal Feather","Pocketwatch","Boot","Lantern","Oddly Smooth Stone","Red Mask","Pen Nib"],"potions_floor_usage":[27,27,33,50,50],"damage_taken":[{"damage":1.0,"enemies":"Jaw Worm","floor":1.0,"turns":3.0},{"damage":7.0,"enemies":"Small Slimes","floor":2.0,"turns":2.0},{"damage":0.0,"enemies":"2 Louse","floor":3.0,"turns":2.0},{"damage":0.0,"enemies":"2 Fungi Beasts","floor":4.0,"turns":3.0},{"damage":24.0,"enemies":"Lagavulin","floor":7.0,"turns":8.0},{"damage":9.0,"enemies":"Large Slime","floor":12.0,"turns":6.0},{"damage":2.0,"enemies":"3 Sentries","floor":14.0,"turns":10.0},{"damage":10.0,"enemies":"Hexaghost","floor":16.0,"turns":8.0},{"damage":5.0,"enemies":"Shell Parasite","floor":18.0,"turns":5.0},{"damage":0.0,"enemies":"Chosen","floor":20.0,"turns":3.0},{"damage":38,"enemies":"Snake Plant","floor":22,"turns":27},{"damage":20,"enemies":"Slavers","floor":24,"turns":6},{"damage":0,"enemies":"3 Cultists","floor":25,"turns":7},{"damage":15,"enemies":"Book of Stabbing","floor":27,"turns":8},{"damage":20,"enemies":"Gremlin Leader","floor":28,"turns":11},{"damage":22,"enemies":"Cultist and Chosen","floor":31,"turns":6},{"damage":19,"enemies":"Champ","floor":33,"turns":10},{"damage":0,"enemies":"Orb Walker","floor":35,"turns":3},{"damage":28,"enemies":"Mind Bloom Boss Battle","floor":38,"turns":9},{"damage":0,"enemies":"3 Shapes","floor":39,"turns":4},{"damage":0,"enemies":"Writhing Mass","floor":41,"turns":8},{"damage":13,"enemies":"Giant Head","floor":42,"turns":10},{"damage":2,"enemies":"Spire Growth","floor":44,"turns":7},{"damage":0,"enemies":"Reptomancer","floor":48,"turns":7},{"damage":16,"enemies":"Awakened One","floor":50,"turns":13}],"seed_played":"-4013438890167927","potions_obtained":[{"floor":2.0,"key":"AttackPotion"},{"floor":7.0,"key":"Fire Potion"},{"floor":16.0,"key":"FocusPotion"},{"floor":27,"key":"SteroidPotion"},{"floor":28,"key":"Energy Potion"},{"floor":38,"key":"AttackPotion"},{"floor":39,"key":"FocusPotion"}],"is_trial":false,"path_per_floor":["M","M","M","M","$","R","E","R","T","?","R","M","R","E","R","B",null,"M","?","M","$","M","R","E","M","T","E","E","R","T","M","R","B",null,"M","$","?","?","M","R","M","E","T","M","$","?","R","E","R","B",null],"character_chosen":"DEFECT","items_purchased":["Self Repair","Stack","Coolheaded","Loop","Capacitor","Turbo","Defragment","Oddly Smooth Stone"],"campfire_rested":1,"item_purchase_floors":[5,21,21,21,36,36,45,45],"current_hp_per_floor":[74,67,67,67,67,67,50,50,50,39,39,37,37,42,42,64,75,75,75,75,75,44,44,31,38,38,30,17,39,39,24,24,37,75,75,75,65,54,54,72,75,69,69,74,72,72,72,72,72,56],"gold":28,"neow_bonus":"RANDOM_COMMON_RELIC","is_prod":false,"is_daily":false,"chose_seed":false,"campfire_upgraded":10,"win_rate":0,"timestamp":1570579135,"path_taken":["M","M","M","M","$","R","E","R","T","?","R","M","R","E","R","BOSS","M","?","M","$","M","R","E","M","T","E","E","R","?","M","R","BOSS","M","$","?","?","M","R","M","E","T","M","$","?","R","E","R","BOSS"],"build_version":"2019-07-17","purchased_purges":4,"victory":true,"max_hp_per_floor":[75,75,75,75,75,75,75,75,75,75,75,75,75,75,75,75,75,75,75,75,75,75,75,75,75,75,75,75,75,75,75,75,75,75,75,75,75,75,75,75,75,75,75,75,72,72,72,72,72,72],"card_choices":[{"not_picked":["Chaos","Redo"],"picked":"Go for the Eyes","floor":1.0},{"not_picked":["Gash","Scrape"],"picked":"Reinforced Body","floor":2.0},{"not_picked":["Storm","Gash"],"picked":"Steam","floor":3.0},{"not_picked":["Streamline","Barrage"],"picked":"Gash","floor":4.0},{"not_picked":["Darkness","Melter"],"picked":"Double Energy","floor":7.0},{"not_picked":["Compile Driver","Coolheaded"],"picked":"Rainbow","floor":12.0},{"not_picked":["Streamline","Steam Power"],"picked":"Creative AI","floor":14.0},{"not_picked":["Hyperbeam","Machine Learning"],"picked":"All For One","floor":16.0},{"not_picked":["Skim","Rip and Tear"],"picked":"Auto Shields","floor":18.0},{"not_picked":["Conserve Battery","Aggregate"],"picked":"Consume","floor":20.0},{"not_picked":["Heatsinks+1","Rebound","Sweeping Beam"],"picked":"SKIP","floor":22},{"not_picked":["Melter","Doom and Gloom"],"picked":"Chill+1","floor":24},{"not_picked":["Redo","Rebound"],"picked":"Coolheaded","floor":25},{"not_picked":["Steam+1","Rainbow"],"picked":"Ball Lightning+1","floor":27},{"not_picked":["Stack","Barrage+1","Compile Driver+1"],"picked":"SKIP","floor":28},{"not_picked":["Multi-Cast","Fusion","Gash+1"],"picked":"SKIP","floor":31},{"not_picked":["Reboot","Machine Learning"],"picked":"Electrodynamics","floor":33},{"not_picked":["Gash+1","Compile Driver+1","Streamline+1"],"picked":"SKIP","floor":35},{"not_picked":["Transmutation","PanicButton"],"picked":"Flash of Steel+1","floor":37},{"not_picked":["PanicButton","Impatience"],"picked":"Finesse","floor":37},{"not_picked":["Chrysalis","Jack Of All Trades"],"picked":"Panache","floor":37},{"not_picked":["Lockon+1","Rebound+1"],"picked":"Reinforced Body+1","floor":39},{"not_picked":["Go for the Eyes+1","Streamline+1"],"picked":"Glacier+1","floor":41},{"not_picked":["Sweeping Beam+1","Auto Shields","Ball Lightning+1"],"picked":"SKIP","floor":42},{"not_picked":["Coolheaded","Blizzard+1","Rainbow"],"picked":"SKIP","floor":44},{"not_picked":["Gash+1","Steam","Melter+1"],"picked":"SKIP","floor":48}],"player_experience":216897,"relics_obtained":[{"floor":7.0,"key":"Pantograph"},{"floor":9.0,"key":"Gambling Chip"},{"floor":14.0,"key":"FossilizedHelix"},{"floor":24,"key":"Kunai"},{"floor":26,"key":"Molten Egg 2"},{"floor":27,"key":"WingedGreaves"},{"floor":28,"key":"Bottled Lightning"},{"floor":30,"key":"Sundial"},{"floor":38,"key":"Pocketwatch"},{"floor":42,"key":"Boot"},{"floor":43,"key":"Lantern"},{"floor":48,"key":"Pen Nib"}],"event_choices":[{"damage_healed":0.0,"max_hp_gain":0.0,"max_hp_loss":0.0,"gold_gain":75.0,"event_name":"World of Goop","player_choice":"Gather Gold","floor":10.0,"gold_loss":0.0,"damage_taken":11.0},{"damage_healed":0.0,"max_hp_gain":0.0,"max_hp_loss":0.0,"gold_gain":0.0,"event_name":"The Mausoleum","player_choice":"Opened","floor":19.0,"gold_loss":0.0,"damage_taken":0.0,"relics_obtained":["Dodecahedron"],"cards_obtained":["Writhe"]},{"damage_healed":0,"gold_gain":0,"player_choice":"Memory 3","damage_taken":10,"max_hp_gain":0,"max_hp_loss":0,"event_name":"SensoryStone","floor":37,"gold_loss":0},{"damage_healed":0,"gold_gain":0,"player_choice":"Fight","damage_taken":0,"max_hp_gain":0,"max_hp_loss":0,"event_name":"MindBloom","floor":38,"gold_loss":0},{"damage_healed":0,"gold_gain":0,"player_choice":"Paid","damage_taken":0,"relics_obtained":["Red Mask"],"max_hp_gain":0,"max_hp_loss":0,"event_name":"Tomb of Lord Red Mask","floor":46,"gold_loss":185}],"is_beta":false,"boss_relics":[{"not_picked":["Coffee Dripper","Calling Bell"],"picked":"Pandora\u0027s Box"},{"not_picked":["Black Star","Orrery"],"picked":"Eternal Feather"}],"items_purged_floors":[5,21,36,45],"is_endless":false,"potions_floor_spawned":[2,7,16,20,25,27,28,38,39,41],"ascension_level":1}