{"gold_per_floor":[117,128,152,152,172,205,205,205,255,255,268,331,107,132,132,260,260,280,298,298,76,201,201,226,226,273,314,349,63,79,110,110,240,240,259,34,57,57,72,112,112,145,145,208,251,271,271,285,285,285,285,285,65,100,100],"floor_reached":56,"playtime":3778,"items_purged":["Strike_G","Strike_G"],"score":1485,"play_id":"21dfd3f1-b498-43cd-9918-5a44b3e72dea","local_time":"20190613200603","is_ascension_mode":false,"campfire_choices":[{"data":"Predator","floor":8,"key":"SMITH"},{"data":"Neutralize","floor":10,"key":"SMITH"},{"data":"Noxious Fumes","floor":15,"key":"SMITH"},{"data":"A Thousand Cuts","floor":23,"key":"SMITH"},{"data":"Cloak And Dagger","floor":25,"key":"SMITH"},{"data":"Cloak And Dagger","floor":32,"key":"SMITH"},{"data":"Malaise","floor":41,"key":"SMITH"},{"data":"Well Laid Plans","floor":47,"key":"SMITH"},{"floor":49,"key":"RECALL"},{"data":"Tactician","floor":52,"key":"SMITH"}],"neow_cost":"TEN_PERCENT_HP_LOSS","seed_source_timestamp":121337726275162,"circlet_count":0,"master_deck":["Defend_G","Defend_G","Defend_G","Defend_G","Strike_G","Survivor","Neutralize+1","Predator+1","Dagger Throw","Cloak And Dagger+1","Leg Sweep","A Thousand Cuts+1","PiercingWail","Noxious Fumes+1","Die Die Die","Crippling Poison+1","Tactician+1","Cloak And Dagger+1","Acrobatics+1","Acrobatics+1","Masterful Stab+1","Malaise+1","Calculated Gamble+1","Tools of the Trade","Adrenaline","Tactician+1","Infinite Blades+1","Backflip","Blade Dance+1","Clumsy","Well Laid Plans+1","Eviscerate+1","PiercingWail+1","Skewer+1","Backflip+1"],"relics":["Ring of the Snake","Potion Belt","Golden Idol","Pen Nib","Oddly Smooth Stone","Tiny Chest","Vajra","Black Star","Lantern","WingedGreaves","Molten Egg 2","Dream Catcher","Letter Opener","MawBank","TheAbacus","Shuriken","PreservedInsect","Cursed Key","Anchor","Boot","Gremlin Horn","Singing Bowl","StoneCalendar","Pear","Ornamental Fan","Bag of Preparation","Happy Flower","FossilizedHelix"],"potions_floor_usage":[6,16,18,18,33,33,40,44,54,55,55,55,55],"damage_taken":[{"damage":0,"enemies":"Cultist","floor":1,"turns":3},{"damage":0,"enemies":"Jaw Worm","floor":2,"turns":3},{"damage":0,"enemies":"2 Louse","floor":5,"turns":2},{"damage":10,"enemies":"Lagavulin","floor":6,"turns":6},{"damage":0,"enemies":"Blue Slaver","floor":11,"turns":4},{"damage":12,"enemies":"3 Sentries","floor":12,"turns":7},{"damage":0,"enemies":"Exordium Thugs","floor":14,"turns":3},{"damage":0,"enemies":"The Guardian","floor":16,"turns":12},{"damage":0,"enemies":"3 Byrds","floor":18,"turns":3},{"damage":1,"enemies":"Chosen","floor":19,"turns":5},{"damage":8,"enemies":"Colosseum Slavers","floor":22,"turns":4},{"damage":7,"enemies":"Colosseum Nobs","floor":22,"turns":4},{"damage":0,"enemies":"Sentry and Sphere","floor":24,"turns":5},{"damage":9,"enemies":"Book of Stabbing","floor":27,"turns":7},{"damage":0,"enemies":"3 Cultists","floor":28,"turns":2},{"damage":0,"enemies":"Cultist and Chosen","floor":30,"turns":4},{"damage":0,"enemies":"Gremlin Leader","floor":31,"turns":5},{"damage":0,"enemies":"Automaton","floor":33,"turns":6},{"damage":0,"enemies":"3 Shapes","floor":35,"turns":2},{"damage":0,"enemies":"Orb Walker","floor":37,"turns":2},{"damage":4,"enemies":"Sphere and 2 Shapes","floor":39,"turns":3},{"damage":8,"enemies":"Nemesis","floor":40,"turns":5},{"damage":0,"enemies":"Giant Head","floor":42,"turns":6},{"damage":9,"enemies":"2 Orb Walkers","floor":44,"turns":3},{"damage":0,"enemies":"Nemesis","floor":45,"turns":3},{"damage":0,"enemies":"Transient","floor":46,"turns":5},{"damage":0,"enemies":"4 Shapes","floor":48,"turns":3},{"damage":11,"enemies":"Time Eater","floor":50,"turns":10},{"damage":4,"enemies":"Shield and Spear","floor":54,"turns":4},{"damage":19,"enemies":"The Heart","floor":55,"turns":7}],"seed_played":"-4322244851869440371","potions_obtained":[{"floor":2,"key":"Block Potion"},{"floor":5,"key":"FearPotion"},{"floor":11,"key":"FearPotion"},{"floor":16,"key":"Poison Potion"},{"floor":22,"key":"SkillPotion"},{"floor":24,"key":"Dexterity Potion"},{"floor":27,"key":"Fire Potion"},{"floor":30,"key":"Strength Potion"},{"floor":35,"key":"SpeedPotion"},{"floor":37,"key":"Fire Potion"},{"floor":48,"key":"Ancient Potion"},{"floor":54,"key":"SteroidPotion"}],"is_trial":false,"path_per_floor":["M","M","T","?","M","E","?","R","T","R","M","E","$","M","R","B",null,"M","M","?","$","?","R","M","R","T","E","M","$","M","E","R","B",null,"M","$","M","?","M","E","R","E","T","?","E","M","R","M","R","B",null,"R","$","E","B",null],"character_chosen":"THE_SILENT","items_purchased":["Vajra","Fire Potion","Cloak And Dagger","Lantern","TheAbacus","Adrenaline","Tactician","Bag of Preparation","Skewer+1"],"campfire_rested":0,"item_purchase_floors":[13,21,21,21,29,36,36,53,53],"current_hp_per_floor":[63,63,63,48,48,38,38,38,38,38,38,26,26,26,26,26,63,63,62,62,62,47,47,47,47,47,38,38,38,38,38,38,38,63,63,63,63,63,59,51,51,53,53,44,54,54,54,56,56,45,77,77,77,73,54],"gold":100,"neow_bonus":"TRANSFORM_TWO_CARDS","is_prod":false,"is_daily":false,"chose_seed":false,"campfire_upgraded":9,"win_rate":0,"timestamp":1560452763,"path_taken":["M","M","?","?","M","E","?","R","T","R","M","E","$","M","R","BOSS","M","M","?","?","?","R","?","R","T","E","M","$","?","E","R","BOSS","M","$","M","?","M","E","R","E","T","?","E","M","R","M","R","BOSS","R","$","E","BOSS"],"build_version":"2019-01-23","purchased_purges":2,"victory":true,"max_hp_per_floor":[63,63,63,63,63,63,63,63,63,63,63,63,63,63,63,63,63,63,63,63,63,63,63,63,63,63,63,63,63,63,63,63,63,63,63,63,63,63,63,63,63,65,65,65,75,75,75,77,77,77,77,77,77,77,77],"card_choices":[{"not_picked":["Reflex","Prepared"],"picked":"Dagger Throw","floor":1},{"not_picked":["Predator","Sucker Punch"],"picked":"Cloak And Dagger","floor":2},{"not_picked":["Outmaneuver","Concentrate","Terror"],"picked":"SKIP","floor":5},{"not_picked":["Bouncing Flask","Outmaneuver"],"picked":"Leg Sweep","floor":6},{"not_picked":["Deflect","Cloak And Dagger"],"picked":"A Thousand Cuts","floor":11},{"not_picked":["Dagger Spray","Riddle With Holes"],"picked":"PiercingWail","floor":12},{"not_picked":["Flying Knee","Accuracy"],"picked":"Noxious Fumes","floor":14},{"not_picked":["Wraith Form v2","Venomology"],"picked":"Die Die Die","floor":16},{"not_picked":["Sucker Punch","Flying Knee+1"],"picked":"Crippling Poison+1","floor":18},{"not_picked":["Outmaneuver","Endless Agony"],"picked":"Tactician+1","floor":19},{"not_picked":["Noxious Fumes","Cloak And Dagger"],"picked":"Acrobatics+1","floor":24},{"not_picked":["Underhanded Strike+1","Sucker Punch+1"],"picked":"Acrobatics+1","floor":27},{"not_picked":["Dagger Throw+1","Slice+1"],"picked":"Masterful Stab+1","floor":28},{"not_picked":["Eviscerate+1","Finisher+1"],"picked":"Malaise","floor":30},{"not_picked":["Endless Agony+1","Flying Knee+1"],"picked":"Calculated Gamble+1","floor":31},{"not_picked":["Corpse Explosion","Venomology"],"picked":"Tools of the Trade","floor":33},{"not_picked":["Dagger Spray+1","Noxious Fumes","Deadly Poison+1"],"picked":"SKIP","floor":35},{"not_picked":["Blur","Leg Sweep+1"],"picked":"Infinite Blades+1","floor":37},{"not_picked":["Backstab+1","Outmaneuver"],"picked":"Backflip","floor":39},{"not_picked":["Infinite Blades","Night Terror"],"picked":"Blade Dance+1","floor":40},{"not_picked":["Dagger Spray+1","Eviscerate+1","Deflect"],"picked":"Singing Bowl","floor":42},{"not_picked":["Acrobatics","Deflect"],"picked":"Well Laid Plans","floor":44},{"not_picked":["Deflect","Bane+1"],"picked":"Eviscerate+1","floor":45},{"not_picked":["Bouncing Flask","All Out Attack+1"],"picked":"PiercingWail+1","floor":46},{"not_picked":["Dodge and Roll+1","Dagger Throw+1","Leg Sweep"],"picked":"Singing Bowl","floor":48},{"not_picked":["Dagger Throw+1","Calculated Gamble+1"],"picked":"Backflip+1","floor":54}],"player_experience":1597942,"relics_obtained":[{"floor":3,"key":"Potion Belt"},{"floor":6,"key":"Pen Nib"},{"floor":9,"key":"Oddly Smooth Stone"},{"floor":12,"key":"Tiny Chest"},{"floor":22,"key":"WingedGreaves"},{"floor":22,"key":"Molten Egg 2"},{"floor":26,"key":"Dream Catcher"},{"floor":27,"key":"Letter Opener"},{"floor":27,"key":"MawBank"},{"floor":31,"key":"Shuriken"},{"floor":31,"key":"PreservedInsect"},{"floor":40,"key":"Anchor"},{"floor":40,"key":"Boot"},{"floor":42,"key":"Gremlin Horn"},{"floor":42,"key":"Singing Bowl"},{"floor":44,"key":"StoneCalendar"},{"floor":45,"key":"Pear"},{"floor":45,"key":"Ornamental Fan"},{"floor":54,"key":"Happy Flower"},{"floor":54,"key":"FossilizedHelix"}],"event_choices":[{"damage_healed":0,"gold_gain":0,"player_choice":"Take Damage","damage_taken":15,"relics_obtained":["Golden Idol"],"max_hp_gain":0,"max_hp_loss":0,"event_name":"Golden Idol","floor":4,"gold_loss":0},{"damage_healed":0,"gold_gain":0,"player_choice":"Ignored","damage_taken":0,"max_hp_gain":0,"max_hp_loss":0,"event_name":"Shining Light","floor":7,"gold_loss":0},{"cards_removed":["Strike_G"],"damage_healed":0,"gold_gain":0,"player_choice":"Offered Basic","damage_taken":0,"max_hp_gain":0,"max_hp_loss":0,"event_name":"Bonfire Elementals","floor":20,"gold_loss":0},{"damage_healed":0,"gold_gain":0,"player_choice":"Fight","damage_taken":0,"max_hp_gain":0,"max_hp_loss":0,"event_name":"Colosseum","floor":22,"gold_loss":0},{"damage_healed":0,"gold_gain":0,"player_choice":"Fought Nobs","damage_taken":0,"max_hp_gain":0,"max_hp_loss":0,"event_name":"Colosseum","floor":22,"gold_loss":0},{"cards_removed":["Deflect"],"damage_healed":0,"gold_gain":0,"player_choice":"Removed Skill","damage_taken":0,"max_hp_gain":0,"max_hp_loss":0,"event_name":"Falling","floor":38,"gold_loss":0},{"damage_healed":0,"gold_gain":0,"player_choice":"Fight","damage_taken":0,"max_hp_gain":0,"max_hp_loss":0,"event_name":"Mysterious Sphere","floor":44,"gold_loss":0}],"is_beta":false,"boss_relics":[{"not_picked":["Tiny House","HoveringKite"],"picked":"Black Star"},{"not_picked":["White Beast Statue","Empty Cage"],"picked":"Cursed Key"}],"items_purged_floors":[13,29],"is_endless":false,"potions_floor_spawned":[2,5,11,16,22,24,27,30,31,35,37,48,54],"ascension_level":0}