{"gold_per_floor":[109,121,196,214,228,261,28,28,28,28,28,28,44,59,59,59],"floor_reached":16,"playtime":439,"items_purged":["Strike_R"],"score":112,"play_id":"9351dbf0-91dc-4441-acce-fe3da3226a29","local_time":"20190413203825","is_ascension_mode":true,"campfire_choices":[{"data":"Trip","floor":10,"key":"SMITH"},{"data":"Armaments","floor":12,"key":"SMITH"},{"floor":15,"key":"REST"}],"neow_cost":"NONE","seed_source_timestamp":1823128627359500,"circlet_count":0,"master_deck":["Strike_R","Strike_R","Strike_R","Strike_R","Defend_R","Defend_R","Defend_R","Defend_R","Bash","Shockwave","Armaments","Armaments+1","Shrug It Off","Ghostly Armor","Trip+1","Regret","Double Tap","Pommel Strike"],"relics":["Burning Blood","NeowsBlessing","WingedGreaves","Magic Flower","The Courier"],"potions_floor_usage":[6,6,14],"damage_taken":[{"damage":0,"enemies":"Cultist","floor":1,"turns":1},{"damage":0,"enemies":"2 Louse","floor":2,"turns":1},{"damage":0,"enemies":"Jaw Worm","floor":4,"turns":1},{"damage":8,"enemies":"Looter","floor":5,"turns":4},{"damage":30,"enemies":"Gremlin Nob","floor":6,"turns":5},{"damage":2,"enemies":"Exordium Wildlife","floor":13,"turns":6},{"damage":41,"enemies":"Lots of Slimes","floor":14,"turns":7},{"damage":65,"enemies":"Hexaghost","floor":16,"turns":11}],"seed_played":"6520668551155398376","potions_obtained":[{"floor":1,"key":"SkillPotion"},{"floor":2,"key":"Strength Potion"}],"is_trial":false,"path_per_floor":["M","M","?","M","M","E","$","$","T","R","?","R","M","M","R","B"],"character_chosen":"IRONCLAD","items_purchased":["BloodPotion","Trip"],"campfire_rested":1,"item_purchase_floors":[7,7],"current_hp_per_floor":[80,80,72,78,76,52,52,52,52,52,52,52,59,39,63,0],"gold":59,"neow_bonus":"THREE_ENEMY_KILL","is_prod":false,"is_daily":false,"chose_seed":false,"campfire_upgraded":2,"win_rate":0,"timestamp":1555177105,"path_taken":["M","?","?","?","M","E","$","$","T","R","?","R","M","M","R","BOSS"],"build_version":"2019-01-23","purchased_purges":1,"victory":false,"max_hp_per_floor":[80,80,80,80,80,80,80,80,80,80,80,80,80,80,80,80],"card_choices":[{"not_picked":["Clothesline","Rampage"],"picked":"Shockwave","floor":1},{"not_picked":["Sword Boomerang","Clothesline"],"picked":"Armaments","floor":2},{"not_picked":["Uppercut","Anger"],"picked":"Armaments","floor":4},{"not_picked":["Clothesline","True Grit"],"picked":"Shrug It Off","floor":5},{"not_picked":["Anger","Perfected Strike"],"picked":"Ghostly Armor","floor":6},{"not_picked":["Feel No Pain","Carnage"],"picked":"Double Tap","floor":13},{"not_picked":["Combust","Sword Boomerang"],"picked":"Pommel Strike","floor":14}],"player_experience":267894,"relics_obtained":[{"floor":6,"key":"WingedGreaves"},{"floor":9,"key":"Magic Flower"}],"event_choices":[{"damage_healed":0,"gold_gain":75,"player_choice":"Touch","damage_taken":8,"max_hp_gain":0,"max_hp_loss":0,"event_name":"FaceTrader","floor":3,"gold_loss":0},{"damage_healed":0,"gold_gain":0,"player_choice":"Box","damage_taken":0,"relics_obtained":["The Courier"],"max_hp_gain":0,"max_hp_loss":0,"event_name":"Big Fish","floor":11,"gold_loss":0,"cards_obtained":["Regret"]}],"is_beta":false,"boss_relics":[],"items_purged_floors":[7],"is_endless":false,"potions_floor_spawned":[1,2],"killed_by":"Hexaghost","ascension_level":2}