{"gold_per_floor":[366,54,54,64,83,83,98,173,173,173,173,173,203,219,219,319,319,338,238,104,104,122,122,151,163,245,245,47,47,63,78,78,178,178,195,243,255,255,268,268,296,296,296,316,316,391,417,437,437,437,437,437,17,46,46],"floor_reached":56,"playtime":2741,"items_purged":["Strike_B","Strike_B","Strike_B"],"score":1225,"play_id":"92fe537b-954a-4d1e-a723-95e0db4c7e2f","local_time":"20190530215014","is_ascension_mode":false,"campfire_choices":[{"data":"Zap","floor":6,"key":"SMITH"},{"data":"Zap","floor":10,"key":"SMITH"},{"data":"Capacitor","floor":12,"key":"SMITH"},{"data":"Barrage","floor":15,"key":"SMITH"},{"data":"Biased Cognition","floor":23,"key":"SMITH"},{"data":"Coolheaded","floor":27,"key":"SMITH"},{"data":"Self Repair","floor":29,"key":"SMITH"},{"data":"Loop","floor":32,"key":"SMITH"},{"data":"Echo Form","floor":40,"key":"SMITH"},{"floor":42,"key":"RECALL"},{"data":"Capacitor","floor":49,"key":"SMITH"},{"data":"Reinforced Body","floor":52,"key":"SMITH"}],"neow_cost":"TEN_PERCENT_HP_LOSS","seed_source_timestamp":204490613023787,"circlet_count":0,"master_deck":["Defend_B","Defend_B","Defend_B","Defend_B","Zap+1","Dualcast","Rebound","Sweeping Beam","Capacitor+1","Barrage+1","Zap+1","Echo Form+1","Turbo","Cold Snap","Conserve Battery","Core Surge","Coolheaded+1","Biased Cognition+1","Coolheaded+1","Skim+1","Self Repair+1","Reinforced Body+1","Loop+1","Coolheaded+1","Ball Lightning","Hologram+1","Coolheaded+1","Core Surge","Capacitor+1","Turbo"],"relics":["Cracked Core","Pocketwatch","Emotion Chip","Coffee Dripper","MutagenicStrength","Potion Belt","Pantograph","Empty Cage","Torii","Prayer Wheel","Dodecahedron","Ice Cream","Bottled Lightning","Calipers"],"potions_floor_usage":[14,16,31,36,37,39,47,47,55,55],"damage_taken":[{"damage":6,"enemies":"Jaw Worm","floor":1,"turns":3},{"damage":0,"enemies":"Cultist","floor":4,"turns":3},{"damage":6,"enemies":"Small Slimes","floor":5,"turns":3},{"damage":6,"enemies":"Blue Slaver","floor":7,"turns":5},{"damage":32,"enemies":"Gremlin Nob","floor":13,"turns":4},{"damage":14,"enemies":"Exordium Wildlife","floor":14,"turns":3},{"damage":21,"enemies":"Slime Boss","floor":16,"turns":5},{"damage":23,"enemies":"2 Thieves","floor":18,"turns":5},{"damage":0,"enemies":"Spheric Guardian","floor":22,"turns":3},{"damage":7,"enemies":"Book of Stabbing","floor":24,"turns":4},{"damage":32,"enemies":"Snake Plant","floor":25,"turns":3},{"damage":7,"enemies":"Centurion and Healer","floor":30,"turns":6},{"damage":3,"enemies":"Shelled Parasite and Fungi","floor":31,"turns":4},{"damage":41,"enemies":"Collector","floor":33,"turns":7},{"damage":0,"enemies":"Orb Walker","floor":35,"turns":4},{"damage":9,"enemies":"2 Orb Walkers","floor":36,"turns":5},{"damage":29,"enemies":"3 Darklings","floor":37,"turns":6},{"damage":9,"enemies":"Jaw Worm Horde","floor":39,"turns":5},{"damage":16,"enemies":"Nemesis","floor":41,"turns":7},{"damage":1,"enemies":"Sphere and 2 Shapes","floor":44,"turns":3},{"damage":21,"enemies":"Reptomancer","floor":47,"turns":6},{"damage":1,"enemies":"Maw","floor":48,"turns":7},{"damage":32,"enemies":"Donu and Deca","floor":50,"turns":8},{"damage":26,"enemies":"Shield and Spear","floor":54,"turns":9},{"damage":31,"enemies":"The Heart","floor":55,"turns":10}],"seed_played":"7464037179713356280","potions_obtained":[{"floor":13,"key":"GamblersBrew"},{"floor":14,"key":"Strength Potion"},{"floor":22,"key":"FearPotion"},{"floor":30,"key":"Energy Potion"},{"floor":35,"key":"Regen Potion"},{"floor":36,"key":"SkillPotion"},{"floor":39,"key":"Explosive Potion"},{"floor":41,"key":"Block Potion"}],"is_trial":false,"path_per_floor":["M","$","?","M","M","R","M","?","T","R","?","R","E","M","R","B",null,"M","$","$","?","M","R","E","M","T","R","$","R","M","M","R","B",null,"M","?","M","?","M","R","E","R","T","M","?","T","E","M","R","B",null,"R","$","E","B",null],"character_chosen":"DEFECT","items_purchased":["Sweeping Beam","Fission","Capacitor","Barrage","Biased Cognition","Coolheaded","Self Repair","Bottled Lightning","PowerPotion","LiquidBronze","Turbo"],"campfire_rested":0,"item_purchase_floors":[2,2,2,2,20,20,28,53,53,53,53],"current_hp_per_floor":[62,62,62,62,56,56,50,39,39,39,78,78,46,32,32,11,78,55,55,55,55,55,55,48,16,16,16,16,16,29,46,46,30,78,78,69,75,74,74,74,74,74,74,73,73,73,72,74,74,52,74,74,74,58,53],"gold":46,"neow_bonus":"TWO_FIFTY_GOLD","is_prod":false,"is_daily":false,"chose_seed":false,"campfire_upgraded":11,"win_rate":0,"timestamp":1559249414,"path_taken":["M","$","?","?","M","R","M","?","T","R","?","R","E","M","R","BOSS","M","?","$","?","M","R","E","M","T","R","?","R","M","M","R","BOSS","M","?","M","?","M","R","E","R","T","M","?","?","E","M","R","BOSS","R","$","E","BOSS"],"build_version":"2019-01-23","purchased_purges":3,"victory":true,"max_hp_per_floor":[68,68,68,68,68,68,68,68,68,68,78,78,78,78,78,78,78,78,78,78,78,78,78,78,78,78,78,78,78,78,78,78,78,78,78,78,78,74,74,74,74,74,74,74,74,74,74,74,74,74,74,74,74,74,74],"card_choices":[{"not_picked":["Turbo","Conserve Battery"],"picked":"Rebound","floor":1},{"not_picked":["Sweeping Beam","Compile Driver","Beam Cell"],"picked":"SKIP","floor":4},{"not_picked":["Steam Power","Leap"],"picked":"Turbo","floor":5},{"not_picked":["Tempest","Redo","Consume"],"picked":"SKIP","floor":7},{"not_picked":["Aggregate","Recycle"],"picked":"Cold Snap","floor":13},{"not_picked":["Rebound","Gash"],"picked":"Conserve Battery","floor":14},{"not_picked":["Fission","Meteor Strike"],"picked":"Core Surge","floor":16},{"not_picked":["Steam","Skim"],"picked":"Coolheaded+1","floor":18},{"not_picked":["Go for the Eyes","Sweeping Beam","Stack+1"],"picked":"SKIP","floor":22},{"not_picked":["Turbo","Beam Cell","Cold Snap"],"picked":"SKIP","floor":24},{"not_picked":["Redo","Leap"],"picked":"Skim+1","floor":25},{"not_picked":["Scrape","Consume"],"picked":"Reinforced Body","floor":30},{"not_picked":["Undo","FTL"],"picked":"Loop","floor":31},{"not_picked":["Conserve Battery+1","Recycle"],"picked":"Coolheaded+1","floor":35},{"not_picked":["Rebound","Reinforced Body"],"picked":"Ball Lightning","floor":36},{"not_picked":["Steam+1","Meteor Strike","Darkness+1"],"picked":"SKIP","floor":37},{"not_picked":["Go for the Eyes","Rebound+1"],"picked":"Hologram+1","floor":39},{"not_picked":["Streamline","Barrage"],"picked":"Coolheaded+1","floor":41},{"not_picked":["Double Energy+1","Go for the Eyes"],"picked":"Core Surge","floor":44},{"not_picked":["Reprogram","Leap","Hello World+1"],"picked":"SKIP","floor":44},{"not_picked":["Go for the Eyes+1","Storm+1","Sweeping Beam+1"],"picked":"SKIP","floor":47},{"not_picked":["White Noise","Self Repair+1"],"picked":"Capacitor","floor":48},{"not_picked":["Sweeping Beam","Force Field","Ball Lightning+1"],"picked":"SKIP","floor":48},{"not_picked":["FTL+1","Barrage","Doom and Gloom+1"],"picked":"SKIP","floor":54}],"player_experience":1524053,"relics_obtained":[{"floor":9,"key":"Pocketwatch"},{"floor":13,"key":"Emotion Chip"},{"floor":24,"key":"Potion Belt"},{"floor":26,"key":"Pantograph"},{"floor":36,"key":"Torii"},{"floor":41,"key":"Prayer Wheel"},{"floor":46,"key":"Dodecahedron"},{"floor":47,"key":"Ice Cream"},{"floor":54,"key":"Calipers"}],"event_choices":[{"damage_healed":0,"gold_gain":0,"player_choice":"3 cards matched","damage_taken":0,"max_hp_gain":0,"max_hp_loss":0,"event_name":"Match and Keep!","floor":3,"gold_loss":0,"cards_obtained":["Mind Blast","Zap","Echo Form"]},{"damage_healed":0,"gold_gain":75,"player_choice":"Gather Gold","damage_taken":11,"max_hp_gain":0,"max_hp_loss":0,"event_name":"World of Goop","floor":8,"gold_loss":0},{"cards_removed":["Fission"],"damage_healed":29,"gold_gain":0,"player_choice":"Offered Rare","damage_taken":0,"max_hp_gain":10,"max_hp_loss":0,"event_name":"Bonfire Elementals","floor":11,"gold_loss":0},{"damage_healed":0,"gold_gain":0,"player_choice":"Inject Mutagens","damage_taken":0,"relics_obtained":["MutagenicStrength"],"max_hp_gain":0,"max_hp_loss":0,"event_name":"Drug Dealer","floor":21,"gold_loss":0},{"damage_healed":0,"gold_gain":0,"player_choice":"Fight","damage_taken":0,"max_hp_gain":0,"max_hp_loss":0,"event_name":"Mysterious Sphere","floor":36,"gold_loss":0},{"damage_healed":0,"gold_gain":0,"player_choice":"Max HP","damage_taken":0,"max_hp_gain":0,"max_hp_loss":4,"event_name":"Winding Halls","floor":38,"gold_loss":0},{"damage_healed":0,"gold_gain":0,"player_choice":"Ignored","damage_taken":0,"max_hp_gain":0,"max_hp_loss":0,"event_name":"Tomb of Lord Red Mask","floor":45,"gold_loss":0}],"is_beta":false,"boss_relics":[{"not_picked":["Tiny House","Black Star"],"picked":"Coffee Dripper"},{"not_picked":["Runic Dome","Philosopher\u0027s Stone"],"picked":"Empty Cage"}],"items_purged_floors":[2,19,28],"is_endless":false,"potions_floor_spawned":[13,14,22,30,35,36,39,41],"ascension_level":0}