{"gold_per_floor":[109,119,119,119,142,142,166,166,166,497,497,511,544,567,567,695,695,720,645,661,125,143,143,187,187,187,210,249,273,273,273,273,397,460,475,115,175,199,213,246,261,304,329,29,29,67,67,0,0,0],"floor_reached":51,"playtime":2299,"items_purged":["Strike_B","Dualcast"],"score":935,"play_id":"ead0bb97-1145-465e-b942-d5057540999a","local_time":"20190525171334","is_ascension_mode":false,"campfire_choices":[{"data":"Streamline","floor":6,"key":"SMITH"},{"data":"Go for the Eyes","floor":15,"key":"SMITH"},{"data":"Strike_B","floor":23,"key":"PURGE"},{"floor":25,"key":"REST"},{"floor":32,"key":"REST"},{"data":"Defend_B","floor":45,"key":"PURGE"},{"data":"Defend_B","floor":47,"key":"PURGE"},{"data":"Loop","floor":49,"key":"SMITH"}],"neow_cost":"NONE","seed_source_timestamp":26586091110522,"circlet_count":0,"master_deck":["Defend_B","Defend_B+1","Zap+1","Streamline+1","FTL","Undo","Go for the Eyes+1","Compile Driver+1","Ball Lightning","Echo Form","Glacier","Biased Cognition","Glacier+1","Meteor Strike+1","Glacier+1","Defragment+1","Recycle+1","Sweeping Beam+1","Loop+1"],"relics":["Eternal Feather","Golden Idol","Meat on the Bone","Ornamental Fan","Old Coin","Strawberry","Smiling Mask","Snecko Eye","OrangePellets","Peace Pipe","Bottled Tornado","DataDisk","Pen Nib","MutagenicStrength","Tiny House","War Paint","Gambling Chip","Dream Catcher","Oddly Smooth Stone","Whetstone","Bird Faced Urn","Thread and Needle","Red Mask"],"potions_floor_usage":[10,28,37],"damage_taken":[{"damage":0,"enemies":"Small Slimes","floor":1,"turns":3},{"damage":0,"enemies":"Cultist","floor":2,"turns":3},{"damage":1,"enemies":"2 Louse","floor":5,"turns":3},{"damage":16,"enemies":"Exordium Wildlife","floor":7,"turns":4},{"damage":11,"enemies":"3 Sentries","floor":10,"turns":9},{"damage":0,"enemies":"Blue Slaver","floor":12,"turns":4},{"damage":11,"enemies":"Gremlin Nob","floor":13,"turns":4},{"damage":3,"enemies":"3 Louse","floor":14,"turns":4},{"damage":18,"enemies":"Hexaghost","floor":16,"turns":9},{"damage":6,"enemies":"Chosen","floor":18,"turns":4},{"damage":13,"enemies":"2 Thieves","floor":20,"turns":4},{"damage":8,"enemies":"Shelled Parasite and Fungi","floor":22,"turns":4},{"damage":58,"enemies":"Gremlin Leader","floor":24,"turns":7},{"damage":0,"enemies":"3 Cultists","floor":27,"turns":4},{"damage":38,"enemies":"Slavers","floor":28,"turns":4},{"damage":5,"enemies":"Centurion and Healer","floor":29,"turns":4},{"damage":17,"enemies":"Collector","floor":33,"turns":7},{"damage":2,"enemies":"Orb Walker","floor":35,"turns":3},{"damage":0,"enemies":"2 Orb Walkers","floor":37,"turns":5},{"damage":0,"enemies":"3 Darklings","floor":38,"turns":4},{"damage":0,"enemies":"Sphere and 2 Shapes","floor":39,"turns":4},{"damage":0,"enemies":"Nemesis","floor":40,"turns":3},{"damage":0,"enemies":"Spire Growth","floor":41,"turns":5},{"damage":0,"enemies":"Giant Head","floor":42,"turns":7},{"damage":0,"enemies":"Nemesis","floor":46,"turns":5},{"damage":0,"enemies":"Time Eater","floor":50,"turns":11}],"seed_played":"3028222081186663992","potions_obtained":[{"floor":2,"key":"Energy Potion"},{"floor":12,"key":"FearPotion"},{"floor":13,"key":"FairyPotion"},{"floor":16,"key":"Poison Potion"},{"floor":28,"key":"SpeedPotion"},{"floor":34,"key":"Poison Potion"},{"floor":35,"key":"Energy Potion"},{"floor":37,"key":"PowerPotion"}],"is_trial":false,"path_per_floor":["M","M","?","?","M","R","M","?","T","E","T","M","E","M","R","B",null,"M","?","M","$","M","R","E","R","T","M","E","M","?","?","R","B",null,"M","$","?","M","M","E","M","E","T","$","R","E","R","?","R","B",null],"character_chosen":"DEFECT","items_purchased":["OrangePellets","Peace Pipe","Meteor Strike","War Paint","Bird Faced Urn"],"campfire_rested":2,"item_purchase_floors":[21,21,36,36,44],"current_hp_per_floor":[75,75,57,57,56,62,46,43,43,44,51,51,52,49,58,52,82,76,76,63,63,55,64,18,48,48,48,22,29,29,29,59,42,87,85,85,85,85,85,85,85,85,85,85,87,87,87,87,87,87],"gold":0,"neow_bonus":"BOSS_RELIC","is_prod":false,"is_daily":false,"chose_seed":false,"campfire_upgraded":3,"win_rate":0,"timestamp":1558800814,"path_taken":["M","M","?","?","M","R","?","?","T","E","?","M","E","M","R","BOSS","M","?","M","$","M","R","E","R","T","M","E","M","?","?","R","BOSS","M","$","?","M","M","E","M","E","T","$","R","E","R","?","R","BOSS"],"build_version":"2019-01-23","purchased_purges":2,"victory":true,"max_hp_per_floor":[75,75,75,75,75,75,75,75,75,75,82,82,82,82,82,82,82,82,82,82,82,82,82,82,82,82,82,82,82,82,82,82,82,87,87,87,87,87,87,87,87,87,87,87,87,87,87,87,87,87],"card_choices":[{"not_picked":["Blizzard","Go for the Eyes"],"picked":"Streamline","floor":1},{"not_picked":["Force Field","Hologram"],"picked":"FTL","floor":2},{"not_picked":["Go for the Eyes","Loop","Redo"],"picked":"SKIP","floor":5},{"not_picked":["Go for the Eyes","Compile Driver"],"picked":"Undo","floor":7},{"not_picked":["Double Energy","Sweeping Beam"],"picked":"Go for the Eyes","floor":10},{"not_picked":["Leap","Compile Driver"],"picked":"Gash","floor":12},{"not_picked":["Doom and Gloom","Force Field"],"picked":"Compile Driver","floor":13},{"not_picked":["Sunder","Gash"],"picked":"Ball Lightning","floor":14},{"not_picked":["Electrodynamics","Buffer"],"picked":"Echo Form","floor":16},{"not_picked":["Streamline","Leap","Steam Power"],"picked":"SKIP","floor":18},{"not_picked":["Rip and Tear","Go for the Eyes","Fusion"],"picked":"SKIP","floor":20},{"not_picked":["Gash","Coolheaded","Stack+1"],"picked":"SKIP","floor":22},{"not_picked":["Blizzard","Hologram","Consume"],"picked":"SKIP","floor":24},{"not_picked":["Hologram","Chaos","Steam+1"],"picked":"SKIP","floor":27},{"not_picked":["Steam","Core Surge","Turbo"],"picked":"SKIP","floor":28},{"not_picked":["Doom and Gloom+1","Self Repair"],"picked":"Glacier","floor":29},{"not_picked":["Multi-Cast","Machine Learning"],"picked":"Biased Cognition","floor":33},{"not_picked":["Ball Lightning+1","Hologram"],"picked":"Glacier","floor":35},{"not_picked":["Leap","Hello World+1"],"picked":"Glacier+1","floor":37},{"not_picked":["Cold Snap","FTL"],"picked":"Defragment+1","floor":38},{"not_picked":["Fusion+1","Fission"],"picked":"Recycle+1","floor":39},{"not_picked":["Sweeping Beam+1","Barrage+1","Ball Lightning"],"picked":"SKIP","floor":40},{"not_picked":["Barrage+1","Ball Lightning"],"picked":"Sweeping Beam+1","floor":40},{"not_picked":["Stack+1","Beam Cell+1","Conserve Battery"],"picked":"SKIP","floor":41},{"not_picked":["Seek","Fusion+1"],"picked":"Loop","floor":42},{"not_picked":["Doom and Gloom+1","Consume","Leap+1"],"picked":"SKIP","floor":46}],"player_experience":1499890,"relics_obtained":[{"floor":9,"key":"Ornamental Fan"},{"floor":10,"key":"Old Coin"},{"floor":11,"key":"Strawberry"},{"floor":13,"key":"Smiling Mask"},{"floor":24,"key":"Bottled Tornado"},{"floor":26,"key":"DataDisk"},{"floor":28,"key":"Pen Nib"},{"floor":37,"key":"Gambling Chip"},{"floor":40,"key":"Dream Catcher"},{"floor":42,"key":"Oddly Smooth Stone"},{"floor":43,"key":"Whetstone"},{"floor":46,"key":"Thread and Needle"}],"event_choices":[{"damage_healed":0,"gold_gain":0,"player_choice":"Take Damage","damage_taken":18,"relics_obtained":["Golden Idol"],"max_hp_gain":0,"max_hp_loss":0,"event_name":"Golden Idol","floor":3,"gold_loss":0},{"cards_removed":["Strike_B"],"damage_healed":0,"gold_gain":0,"player_choice":"Purged","damage_taken":0,"max_hp_gain":0,"max_hp_loss":0,"event_name":"Purifier","floor":4,"gold_loss":0},{"damage_healed":0,"gold_gain":0,"player_choice":"Success","damage_taken":3,"relics_obtained":["Meat on the Bone"],"max_hp_gain":0,"max_hp_loss":0,"event_name":"Scrap Ooze","floor":8,"gold_loss":0},{"cards_removed":["Gash"],"damage_healed":0,"gold_gain":0,"player_choice":"Gave Gold","damage_taken":0,"max_hp_gain":0,"max_hp_loss":0,"event_name":"Beggar","floor":19,"gold_loss":75},{"damage_healed":0,"gold_gain":0,"player_choice":"Inject Mutagens","damage_taken":0,"relics_obtained":["MutagenicStrength"],"max_hp_gain":0,"max_hp_loss":0,"event_name":"Drug Dealer","floor":30,"gold_loss":0},{"cards_removed":["Strike_B"],"damage_healed":0,"gold_gain":0,"player_choice":"Elegance","damage_taken":0,"max_hp_gain":0,"max_hp_loss":0,"event_name":"Back to Basics","floor":31,"gold_loss":0},{"damage_healed":0,"gold_gain":0,"player_choice":"Fight","damage_taken":0,"max_hp_gain":0,"max_hp_loss":0,"event_name":"Mysterious Sphere","floor":37,"gold_loss":0},{"damage_healed":0,"gold_gain":0,"player_choice":"Paid","damage_taken":0,"relics_obtained":["Red Mask"],"max_hp_gain":0,"max_hp_loss":0,"event_name":"Tomb of Lord Red Mask","floor":48,"gold_loss":67}],"is_beta":false,"boss_relics":[{"not_picked":["White Beast Statue","Calling Bell"],"picked":"Snecko Eye"},{"not_picked":["Pandora\u0027s Box","Runic Pyramid"],"picked":"Tiny House"}],"items_purged_floors":[21,36],"is_endless":false,"potions_floor_spawned":[2,12,13,16,22,28,29,35,37,39,46],"ascension_level":0}