{"gold_per_floor":[114,114,134,84,100,100,120,195,222,247,247,273,273,304,304,405,405,423,423,403,415,430,449,449,481,481,33,33,50,0,17,17,122,122,141,141,156,156,172,172,202,202,202,202,235,235,245,255,255,255,255,255,54,81,81],"floor_reached":55,"playtime":3499,"items_purged":["Strike_B","Strike_B","Decay"],"score":1037,"play_id":"c3dfd9b5-3c90-4e2d-9158-51fd9806a02a","local_time":"20190901122532","is_ascension_mode":true,"campfire_choices":[{"data":"Streamline","floor":6,"key":"SMITH"},{"data":"Sweeping Beam","floor":11,"key":"SMITH"},{"data":"Hologram","floor":13,"key":"SMITH"},{"floor":15,"key":"REST"},{"floor":24,"key":"RECALL"},{"floor":28,"key":"REST"},{"floor":32,"key":"REST"},{"floor":40,"key":"REST"},{"floor":42,"key":"REST"},{"floor":49,"key":"REST"},{"floor":52,"key":"REST"}],"neow_cost":"NONE","seed_source_timestamp":1478393952907900,"circlet_count":0,"master_deck":["Defend_B","Defend_B+1","Defend_B","Zap+1","Dualcast","Sweeping Beam+1","Cold Snap","Streamline+1","Rebound","Hologram+1","Machine Learning","Conserve Battery+1","Turbo+1","Genetic Algorithm+1","Glacier","Echo Form","FTL","Coolheaded","Electrodynamics","Flash of Steel","Heatsinks+1","Blind","Recycle","Skim+1"],"relics":["Cracked Core","Anchor","Juzu Bracelet","Regal Pillow","Bird Faced Urn","Fusion Hammer","Calipers","Membership Card","Pen Nib","Runic Pyramid","Bottled Lightning","Meat on the Bone","Ancient Tea Set","War Paint","Turnip"],"potions_floor_usage":[7,18,23,23,25,25,33,35,45,50,55,55,55,55,55,55],"damage_taken":[{"damage":0,"enemies":"Small Slimes","floor":1,"turns":3},{"damage":6,"enemies":"2 Louse","floor":3,"turns":2},{"damage":0,"enemies":"Cultist","floor":5,"turns":3},{"damage":5,"enemies":"Lots of Slimes","floor":7,"turns":3},{"damage":18,"enemies":"Gremlin Nob","floor":10,"turns":3},{"damage":4,"enemies":"3 Sentries","floor":12,"turns":4},{"damage":21,"enemies":"Gremlin Nob","floor":14,"turns":5},{"damage":31,"enemies":"Slime Boss","floor":16,"turns":8},{"damage":0,"enemies":"3 Byrds","floor":18,"turns":4},{"damage":4,"enemies":"Shell Parasite","floor":21,"turns":4},{"damage":17,"enemies":"Snake Plant","floor":22,"turns":4},{"damage":14,"enemies":"Snecko","floor":23,"turns":6},{"damage":16,"enemies":"Book of Stabbing","floor":25,"turns":5},{"damage":0,"enemies":"3 Cultists","floor":29,"turns":4},{"damage":13,"enemies":"Shelled Parasite and Fungi","floor":31,"turns":6},{"damage":18,"enemies":"Collector","floor":33,"turns":8},{"damage":11,"enemies":"3 Darklings","floor":35,"turns":4},{"damage":0,"enemies":"Orb Walker","floor":37,"turns":3},{"damage":0,"enemies":"Sphere and 2 Shapes","floor":39,"turns":5},{"damage":12,"enemies":"Reptomancer","floor":41,"turns":8},{"damage":5,"enemies":"Nemesis","floor":45,"turns":7},{"damage":0,"enemies":"3 Darklings","floor":47,"turns":5},{"damage":0,"enemies":"Jaw Worm Horde","floor":48,"turns":4},{"damage":72,"enemies":"Donu and Deca","floor":50,"turns":14},{"damage":74,"enemies":"Shield and Spear","floor":54,"turns":11},{"damage":38,"enemies":"The Heart","floor":55,"turns":15}],"seed_played":"-2157600723369024179","potions_obtained":[{"floor":3,"key":"Fire Potion"},{"floor":10,"key":"FairyPotion"},{"floor":16,"key":"LiquidBronze"},{"floor":18,"key":"Regen Potion"},{"floor":20,"key":"Poison Potion"},{"floor":21,"key":"Weak Potion"},{"floor":23,"key":"Swift Potion"},{"floor":33,"key":"Energy Potion"},{"floor":35,"key":"FearPotion"},{"floor":39,"key":"EntropicBrew"},{"floor":45,"key":"GamblersBrew"},{"floor":48,"key":"PowerPotion"}],"is_trial":false,"path_per_floor":["M","?","M","?","M","R","M","?","T","E","R","E","R","E","R","B",null,"M","?","?","M","M","M","R","E","T","$","R","M","$","M","R","B",null,"M","?","M","?","M","R","E","R","T","?","E","?","M","M","R","B",null,"R","$","E","B"],"character_chosen":"DEFECT","items_purchased":["Membership Card","Echo Form","PowerPotion","Fire Potion","Block Potion","Pen Nib","War Paint","Dexterity Potion","Recycle"],"campfire_rested":7,"item_purchase_floors":[27,27,27,27,27,27,53,53,53],"current_hp_per_floor":[68,68,62,62,62,62,57,46,46,28,28,24,24,3,40,11,59,61,85,85,81,64,67,67,53,53,53,85,85,85,72,85,67,81,74,74,80,70,78,85,78,85,85,85,85,85,85,85,85,29,71,85,85,25,0],"gold":81,"neow_bonus":"UPGRADE_CARD","is_prod":false,"is_daily":false,"chose_seed":false,"campfire_upgraded":3,"win_rate":0,"timestamp":1567337132,"path_taken":["M","?","M","?","M","R","M","?","T","E","R","E","R","E","R","BOSS","M","?","?","M","M","M","R","E","T","?","R","M","$","M","R","BOSS","M","?","M","?","M","R","E","R","T","?","E","?","M","M","R","BOSS","R","$","E","BOSS"],"build_version":"2019-07-17","purchased_purges":3,"victory":false,"max_hp_per_floor":[75,75,75,75,75,75,75,75,75,75,75,75,75,75,75,75,75,75,85,85,85,85,85,85,85,85,85,85,85,85,85,85,85,85,85,85,85,85,85,85,85,85,85,85,85,85,85,85,85,85,85,85,85,85,85],"card_choices":[{"not_picked":["Steam","Reinforced Body"],"picked":"Sweeping Beam","floor":1},{"not_picked":["Sweeping Beam","Barrage"],"picked":"Cold Snap","floor":3},{"not_picked":["Steam","Redo"],"picked":"Streamline","floor":5},{"not_picked":["Melter","FTL"],"picked":"Rebound","floor":7},{"not_picked":["Auto Shields","Blizzard"],"picked":"Hologram","floor":10},{"not_picked":["Force Field","Fusion"],"picked":"Machine Learning","floor":12},{"not_picked":["Stack","Hello World","Chaos"],"picked":"SKIP","floor":14},{"not_picked":["Meteor Strike","Reboot"],"picked":"Machine Learning","floor":16},{"not_picked":["Barrage","Steam Power"],"picked":"Conserve Battery","floor":18},{"not_picked":["Sweeping Beam","Barrage"],"picked":"Turbo+1","floor":21},{"not_picked":["Ball Lightning+1","Hologram+1"],"picked":"Genetic Algorithm+1","floor":22},{"not_picked":["Force Field","Go for the Eyes"],"picked":"Glacier","floor":23},{"not_picked":["Streamline","Turbo+1","Doom and Gloom+1"],"picked":"SKIP","floor":25},{"not_picked":["Recycle+1","Streamline"],"picked":"FTL","floor":29},{"not_picked":["Auto Shields","Turbo"],"picked":"Coolheaded","floor":31},{"not_picked":["Fission","Seek"],"picked":"Electrodynamics","floor":33},{"not_picked":["Sweeping Beam+1","Scrape","Steam"],"picked":"SKIP","floor":35},{"not_picked":["Leap","Ball Lightning+1","Barrage+1"],"picked":"SKIP","floor":37},{"not_picked":["Mind Blast","Secret Technique"],"picked":"Flash of Steel","floor":38},{"not_picked":["Ball Lightning","Go for the Eyes","Stack"],"picked":"SKIP","floor":39},{"not_picked":["Tempest","Aggregate"],"picked":"Heatsinks+1","floor":41},{"not_picked":["Gash","Genetic Algorithm+1","Heatsinks+1"],"picked":"SKIP","floor":45},{"not_picked":["Streamline","Compile Driver","Go for the Eyes"],"picked":"SKIP","floor":47},{"not_picked":["Rip and Tear","Hello World","Coolheaded+1"],"picked":"SKIP","floor":48},{"not_picked":["Coolheaded","Gash+1"],"picked":"Skim+1","floor":54}],"player_experience":1895511,"relics_obtained":[{"floor":9,"key":"Anchor"},{"floor":10,"key":"Juzu Bracelet"},{"floor":12,"key":"Regal Pillow"},{"floor":14,"key":"Bird Faced Urn"},{"floor":25,"key":"Calipers"},{"floor":41,"key":"Bottled Lightning"},{"floor":43,"key":"Meat on the Bone"},{"floor":45,"key":"Ancient Tea Set"},{"floor":54,"key":"Turnip"}],"event_choices":[{"cards_removed":["Strike_B"],"damage_healed":0,"gold_gain":0,"player_choice":"Forget","damage_taken":0,"max_hp_gain":0,"max_hp_loss":0,"event_name":"Living Wall","floor":2,"gold_loss":0},{"cards_removed":["Strike_B"],"damage_healed":0,"gold_gain":0,"player_choice":"Card Removal","damage_taken":0,"max_hp_gain":0,"max_hp_loss":0,"event_name":"The Cleric","floor":4,"gold_loss":50},{"damage_healed":0,"gold_gain":75,"player_choice":"Gather Gold","damage_taken":11,"max_hp_gain":0,"max_hp_loss":0,"event_name":"World of Goop","floor":8,"gold_loss":0},{"cards_removed":["Machine Learning"],"damage_healed":14,"gold_gain":0,"player_choice":"Offered Rare","damage_taken":0,"max_hp_gain":10,"max_hp_loss":0,"event_name":"Bonfire Elementals","floor":19,"gold_loss":0},{"damage_healed":0,"gold_gain":0,"player_choice":"Bought 1 Potion","damage_taken":0,"max_hp_gain":0,"max_hp_loss":0,"event_name":"The Woman in Blue","floor":20,"gold_loss":0},{"damage_healed":0,"gold_gain":0,"player_choice":"Cursed","damage_taken":0,"max_hp_gain":0,"max_hp_loss":0,"event_name":"Wheel of Change","floor":36,"gold_loss":0,"cards_obtained":["Decay"]},{"damage_healed":0,"gold_gain":0,"player_choice":"Memory 3","damage_taken":10,"max_hp_gain":0,"max_hp_loss":0,"event_name":"SensoryStone","floor":38,"gold_loss":0},{"damage_healed":0,"gold_gain":0,"player_choice":"1 cards matched","damage_taken":0,"max_hp_gain":0,"max_hp_loss":0,"event_name":"Match and Keep!","floor":44,"gold_loss":0,"cards_obtained":["Blind"]},{"cards_removed":["Defend_B"],"damage_healed":0,"gold_gain":0,"player_choice":"Removed Skill","damage_taken":0,"max_hp_gain":0,"max_hp_loss":0,"event_name":"Falling","floor":46,"gold_loss":0}],"is_beta":false,"boss_relics":[{"not_picked":["Pandora\u0027s Box","Black Star"],"picked":"Fusion Hammer"},{"not_picked":["FrozenCore","Inserter"],"picked":"Runic Pyramid"}],"items_purged_floors":[27,30,53],"is_endless":false,"potions_floor_spawned":[3,10,16,18,21,23,33,35,39,45,48,54],"killed_by":"The Heart","ascension_level":9}