{"gold_per_floor":[118,118,134,145,22,22,47,47,101,121,121,144,178,178,178,309,309,333,333,84,105,123,157,282,317,317,317,317,317,340,380,380,503,503,517,541,63,78,143,182,182,226,251,251,292,310,51,67,67,67,67,67,14,58,58],"floor_reached":56,"playtime":3569,"items_purged":["Strike_B","Strike_B","Cold Snap","Rebound"],"score":1799,"play_id":"edea52a1-837b-460a-8336-ab22d61341ad","local_time":"20190608140008","is_ascension_mode":true,"campfire_choices":[{"data":"Sweeping Beam","floor":6,"key":"SMITH"},{"floor":8,"key":"REST"},{"data":"Zap","floor":15,"key":"SMITH"},{"floor":27,"key":"REST"},{"data":"Defragment","floor":32,"key":"SMITH"},{"data":"Machine Learning","floor":41,"key":"SMITH"},{"floor":44,"key":"RECALL"},{"data":"Biased Cognition","floor":49,"key":"SMITH"},{"data":"Echo Form","floor":52,"key":"SMITH"}],"neow_cost":"PERCENT_DAMAGE","seed_source_timestamp":953066127326902,"circlet_count":0,"master_deck":["Zap+1","Dualcast","Compile Driver+1","FTL","Sweeping Beam+1","Leap","Conserve Battery","Echo Form+1","Doom and Gloom+1","Capacitor+1","Defragment+1","Electrodynamics","Coolheaded+1","Steam+1","Fusion+1","Biased Cognition+1","Steam Power+1","Glacier+1","Recycle+1","Machine Learning+1","Steam+1","Turbo+1","Bandage Up+1","Coolheaded+1","Chill+1","Lockon+1","Coolheaded+1","Go for the Eyes+1","Compile Driver"],"relics":["Cracked Core","PreservedInsect","Omamori","Golden Idol","Gremlin Horn","Nuclear Battery","Bag of Marbles","Anchor","Potion Belt","Pocketwatch","Toxic Egg 2","Smiling Mask","Bottled Flame","Sundial","Juzu Bracelet","Pandora\u0027s Box","Pen Nib","Regal Pillow","Unceasing Top","Meat on the Bone","Ornamental Fan","Mercury Hourglass","ClockworkSouvenir","Pear"],"potions_floor_usage":[7,12,30,35,40,45,50,54,54,55,55],"damage_taken":[{"damage":3,"enemies":"2 Louse","floor":1,"turns":2},{"damage":2,"enemies":"Jaw Worm","floor":3,"turns":3},{"damage":7,"enemies":"Small Slimes","floor":4,"turns":4},{"damage":20,"enemies":"Lagavulin","floor":7,"turns":5},{"damage":1,"enemies":"2 Fungi Beasts","floor":10,"turns":2},{"damage":0,"enemies":"Gremlin Gang","floor":12,"turns":3},{"damage":14,"enemies":"Gremlin Nob","floor":13,"turns":3},{"damage":16,"enemies":"Hexaghost","floor":16,"turns":9},{"damage":11,"enemies":"Shell Parasite","floor":18,"turns":5},{"damage":0,"enemies":"Spheric Guardian","floor":21,"turns":3},{"damage":4,"enemies":"Centurion and Healer","floor":22,"turns":6},{"damage":0,"enemies":"Gremlin Leader","floor":23,"turns":3},{"damage":0,"enemies":"Colosseum Slavers","floor":24,"turns":2},{"damage":0,"enemies":"Colosseum Nobs","floor":24,"turns":1},{"damage":19,"enemies":"Slavers","floor":25,"turns":2},{"damage":2,"enemies":"Snake Plant","floor":30,"turns":3},{"damage":0,"enemies":"Gremlin Leader","floor":31,"turns":3},{"damage":14,"enemies":"Automaton","floor":33,"turns":8},{"damage":0,"enemies":"3 Darklings","floor":35,"turns":2},{"damage":0,"enemies":"3 Shapes","floor":36,"turns":1},{"damage":1,"enemies":"3 Darklings","floor":38,"turns":2},{"damage":14,"enemies":"2 Orb Walkers","floor":39,"turns":4},{"damage":0,"enemies":"Giant Head","floor":40,"turns":6},{"damage":12,"enemies":"Nemesis","floor":42,"turns":8},{"damage":4,"enemies":"Reptomancer","floor":45,"turns":4},{"damage":0,"enemies":"Jaw Worm Horde","floor":46,"turns":2},{"damage":0,"enemies":"Transient","floor":48,"turns":5},{"damage":25,"enemies":"Time Eater","floor":50,"turns":10},{"damage":5,"enemies":"Shield and Spear","floor":54,"turns":5},{"damage":34,"enemies":"The Heart","floor":55,"turns":10}],"seed_played":"-7849121562966189294","potions_obtained":[{"floor":1,"key":"FocusPotion"},{"floor":4,"key":"SpeedPotion"},{"floor":13,"key":"Weak Potion"},{"floor":22,"key":"LiquidBronze"},{"floor":25,"key":"Swift Potion"},{"floor":30,"key":"Swift Potion"},{"floor":33,"key":"FearPotion"},{"floor":39,"key":"SpeedPotion"},{"floor":45,"key":"Block Potion"},{"floor":48,"key":"Swift Potion"}],"is_trial":false,"path_per_floor":["M","?","M","M","$","R","E","R","T","M","?","M","E","?","R","B",null,"M","?","$","M","M","E","?","E","T","R","T","?","M","E","R","B",null,"M","M","$","M","?","E","R","E","T","R","E","M","$","M","R","B",null,"R","$","E","B",null],"character_chosen":"DEFECT","items_purchased":["SteroidPotion","Anchor","Bandage Up+1","Pen Nib","Regal Pillow","Coolheaded+1","ClockworkSouvenir","Compile Driver"],"campfire_rested":2,"item_purchase_floors":[5,20,37,37,37,37,47,53],"current_hp_per_floor":[61,61,59,52,52,52,32,58,58,57,57,57,43,36,36,20,72,61,61,61,61,57,57,57,38,38,64,64,64,62,62,62,48,79,79,79,79,84,75,81,81,75,75,75,77,83,83,89,89,70,84,84,84,95,67],"gold":58,"neow_bonus":"TWENTY_PERCENT_HP_BONUS","is_prod":false,"is_daily":false,"chose_seed":false,"campfire_upgraded":6,"win_rate":0,"timestamp":1559998808,"path_taken":["M","?","M","M","$","R","E","R","T","M","?","M","E","?","R","BOSS","M","?","$","M","M","E","?","E","T","R","?","?","M","E","R","BOSS","M","M","$","M","?","E","R","E","T","R","E","M","$","M","R","BOSS","R","$","E","BOSS"],"build_version":"2019-01-23","purchased_purges":4,"victory":true,"max_hp_per_floor":[89,89,89,89,89,89,89,89,89,89,89,89,89,89,89,89,89,89,89,89,89,89,89,89,89,89,89,89,89,89,89,89,89,89,89,89,89,89,89,89,89,89,89,89,89,89,89,89,89,89,89,89,89,99,99],"card_choices":[{"not_picked":["Force Field","Fusion"],"picked":"Compile Driver","floor":1},{"not_picked":["Turbo","Compile Driver"],"picked":"FTL","floor":3},{"not_picked":["Go for the Eyes","Barrage"],"picked":"Sweeping Beam","floor":4},{"not_picked":["Compile Driver","Consume"],"picked":"Leap","floor":7},{"not_picked":["FTL","Scrape"],"picked":"Rebound","floor":10},{"not_picked":["Static Discharge","Coolheaded"],"picked":"Cold Snap","floor":12},{"not_picked":["Auto Shields","Recycle"],"picked":"Conserve Battery","floor":13},{"not_picked":["Hyperbeam","Meteor Strike"],"picked":"Echo Form","floor":16},{"not_picked":["Reprogram","Rebound"],"picked":"Doom and Gloom+1","floor":18},{"not_picked":["Conserve Battery","Blizzard","Cold Snap"],"picked":"SKIP","floor":21},{"not_picked":["Heatsinks+1","Cold Snap","Rip and Tear"],"picked":"SKIP","floor":22},{"not_picked":["Hello World","Streamline"],"picked":"Capacitor+1","floor":23},{"not_picked":["Gash","Sweeping Beam"],"picked":"Defragment","floor":24},{"not_picked":["Ball Lightning","Steam Power+1"],"picked":"Electrodynamics","floor":25},{"not_picked":["Darkness+1","Rebound+1"],"picked":"Steam+1","floor":30},{"not_picked":["Machine Learning","Steam+1"],"picked":"Fusion+1","floor":31},{"not_picked":["All For One","Multi-Cast+1"],"picked":"Biased Cognition","floor":33},{"not_picked":["Glacier+1","Lockon+1"],"picked":"Turbo+1","floor":35},{"not_picked":["Redo+1","Conserve Battery+1","Streamline+1"],"picked":"SKIP","floor":36},{"not_picked":["Creative AI","Heatsinks","Hello World"],"picked":"SKIP","floor":38},{"not_picked":["Aggregate+1","Rip and Tear"],"picked":"Chill+1","floor":39},{"not_picked":["Turbo+1","Sunder"],"picked":"Lockon+1","floor":40},{"not_picked":["Rebound","Ball Lightning","Melter+1"],"picked":"SKIP","floor":42},{"not_picked":["Redo+1","Leap+1","Rebound"],"picked":"SKIP","floor":45},{"not_picked":["Turbo+1","Redo+1"],"picked":"Coolheaded+1","floor":46},{"not_picked":["Skim+1","Cold Snap"],"picked":"Go for the Eyes+1","floor":48},{"not_picked":["Sweeping Beam+1","Steam Power+1","Chaos+1"],"picked":"SKIP","floor":54}],"player_experience":1585352,"relics_obtained":[{"floor":7,"key":"PreservedInsect"},{"floor":9,"key":"Omamori"},{"floor":13,"key":"Gremlin Horn"},{"floor":23,"key":"Potion Belt"},{"floor":24,"key":"Pocketwatch"},{"floor":24,"key":"Toxic Egg 2"},{"floor":25,"key":"Smiling Mask"},{"floor":26,"key":"Bottled Flame"},{"floor":28,"key":"Sundial"},{"floor":31,"key":"Juzu Bracelet"},{"floor":39,"key":"Unceasing Top"},{"floor":40,"key":"Meat on the Bone"},{"floor":42,"key":"Ornamental Fan"},{"floor":45,"key":"Mercury Hourglass"},{"floor":54,"key":"Pear"}],"event_choices":[{"damage_healed":0,"gold_gain":0,"player_choice":"Grow","damage_taken":0,"max_hp_gain":0,"max_hp_loss":0,"event_name":"Living Wall","floor":2,"gold_loss":0,"cards_upgraded":["Compile Driver"]},{"damage_healed":0,"gold_gain":0,"player_choice":"Take Wound","damage_taken":0,"relics_obtained":["Golden Idol"],"max_hp_gain":0,"max_hp_loss":0,"event_name":"Golden Idol","floor":11,"gold_loss":0,"cards_obtained":["Injury"]},{"cards_removed":["Defend_B"],"damage_healed":0,"gold_gain":0,"player_choice":"Card Removal","damage_taken":7,"max_hp_gain":0,"max_hp_loss":0,"event_name":"Golden Wing","floor":14,"gold_loss":0},{"damage_healed":0,"gold_gain":0,"player_choice":"Stole Relic","damage_taken":0,"relics_obtained":["Bag of Marbles"],"max_hp_gain":0,"max_hp_loss":0,"event_name":"Addict","floor":19,"gold_loss":0,"cards_obtained":["Shame"]},{"damage_healed":0,"gold_gain":0,"player_choice":"Fight","damage_taken":0,"max_hp_gain":0,"max_hp_loss":0,"event_name":"Colosseum","floor":24,"gold_loss":0},{"damage_healed":0,"gold_gain":0,"player_choice":"Fought Nobs","damage_taken":0,"max_hp_gain":0,"max_hp_loss":0,"event_name":"Colosseum","floor":24,"gold_loss":0},{"damage_healed":0,"gold_gain":0,"player_choice":"Read","damage_taken":0,"max_hp_gain":0,"max_hp_loss":0,"event_name":"The Library","floor":29,"gold_loss":0,"cards_obtained":["Coolheaded"]},{"damage_healed":0,"gold_gain":0,"player_choice":"Fight","damage_taken":0,"max_hp_gain":0,"max_hp_loss":0,"event_name":"Mysterious Sphere","floor":39,"gold_loss":0}],"is_beta":false,"boss_relics":[{"not_picked":["FrozenCore","Runic Dome"],"picked":"Nuclear Battery"},{"not_picked":["Black Star","Empty Cage"],"picked":"Pandora\u0027s Box"}],"items_purged_floors":[5,20,37,47],"is_endless":false,"potions_floor_spawned":[1,4,13,22,24,25,30,33,39,45,48],"ascension_level":8}