{"gold_per_floor":[113,113,130,148,2,2,28,28,28,28,43,43,43,70,70,175,175,192,192,192,107,27,27,61,71,71,81,109,109,128,146,146,250,250,270,270,190,202,202,36,56,331,331,359,359,387,402,418,418,418,418,418,8,40,40],"floor_reached":55,"playtime":1888,"items_purged":["Strike_B","Gash"],"score":877,"play_id":"4dd172a9-492e-455e-aa84-e59fb2e91400","local_time":"20190810005536","is_ascension_mode":true,"campfire_choices":[{"data":"Sunder","floor":6,"key":"SMITH"},{"data":"Beam Cell","floor":8,"key":"SMITH"},{"data":"Sweeping Beam","floor":10,"key":"SMITH"},{"data":"All For One","floor":12,"key":"SMITH"},{"data":"Dualcast","floor":15,"key":"SMITH"},{"floor":23,"key":"REST"},{"floor":32,"key":"REST"},{"floor":45,"key":"RECALL"},{"floor":49,"key":"REST"},{"floor":52,"key":"REST"}],"neow_cost":"NONE","seed_source_timestamp":108134148965400,"circlet_count":0,"master_deck":["Strike_B","Strike_B","Strike_B","Defend_B","Defend_B","Defend_B","Zap+1","Dualcast+1","Sunder+1","Echo Form","Steam","Sweeping Beam+1","Beam Cell+1","All For One+1","Chill","Coolheaded","Coolheaded","Sucker Punch","Defragment+1","Amplify","Sunder","Chaos+1","Capacitor","Defragment","Capacitor"],"relics":["Cracked Core","Orichalcum","The Courier","Strawberry","Bag of Marbles","Fusion Hammer","Omamori","PreservedInsect","Mercury Hourglass","Dream Catcher","Snecko Eye","Runic Capacitor","Pen Nib","Bag of Preparation","Mummified Hand","Kunai"],"potions_floor_usage":[28,33,33,54,55,55],"damage_taken":[{"damage":8,"enemies":"Small Slimes","floor":1,"turns":3},{"damage":6,"enemies":"Cultist","floor":3,"turns":3},{"damage":2,"enemies":"Jaw Worm","floor":4,"turns":4},{"damage":20,"enemies":"Gremlin Nob","floor":7,"turns":4},{"damage":0,"enemies":"Exordium Thugs","floor":11,"turns":3},{"damage":0,"enemies":"Slime Boss","floor":16,"turns":6},{"damage":8,"enemies":"Shell Parasite","floor":18,"turns":2},{"damage":12,"enemies":"Book of Stabbing","floor":24,"turns":4},{"damage":0,"enemies":"Spheric Guardian","floor":25,"turns":3},{"damage":15,"enemies":"Snake Plant","floor":27,"turns":4},{"damage":1,"enemies":"Gremlin Leader","floor":28,"turns":4},{"damage":0,"enemies":"Centurion and Healer","floor":30,"turns":4},{"damage":8,"enemies":"Snecko","floor":31,"turns":4},{"damage":56,"enemies":"Collector","floor":33,"turns":9},{"damage":5,"enemies":"Orb Walker","floor":35,"turns":2},{"damage":0,"enemies":"3 Darklings","floor":38,"turns":2},{"damage":10,"enemies":"Maw","floor":41,"turns":5},{"damage":3,"enemies":"Reptomancer","floor":44,"turns":5},{"damage":16,"enemies":"Nemesis","floor":46,"turns":3},{"damage":3,"enemies":"4 Shapes","floor":47,"turns":4},{"damage":0,"enemies":"Transient","floor":48,"turns":5},{"damage":31,"enemies":"Awakened One","floor":50,"turns":12},{"damage":28,"enemies":"Shield and Spear","floor":54,"turns":4},{"damage":71,"enemies":"The Heart","floor":55,"turns":3}],"seed_played":"-3676374766529218221","potions_obtained":[{"floor":1,"key":"PowerPotion"},{"floor":4,"key":"LiquidBronze"},{"floor":11,"key":"Ancient Potion"},{"floor":18,"key":"Fire Potion"},{"floor":30,"key":"Poison Potion"},{"floor":31,"key":"PowerPotion"},{"floor":33,"key":"Regen Potion"},{"floor":38,"key":"FearPotion"}],"is_trial":false,"path_per_floor":["M","?","M","M","$","R","E","R","T","R","M","R","$","T","R","B",null,"M","?","?","?","$","R","E","M","T","M","E","?","M","M","R","B",null,"M","?","$","M","?","$","M","?","T","E","R","E","M","M","R","B",null,"R","$","E","B"],"character_chosen":"DEFECT","items_purchased":["Orichalcum","Coolheaded","Runic Capacitor","Capacitor","Defragment","Capacitor","Mummified Hand","Weak Potion"],"campfire_rested":4,"item_purchase_floors":[5,22,40,53,53,53,53,53],"current_hp_per_floor":[67,67,61,59,59,59,39,39,46,46,46,46,46,46,46,46,82,74,74,58,58,58,84,72,72,72,57,56,56,56,48,74,18,87,82,82,82,82,82,82,72,72,72,69,69,53,50,50,76,45,87,87,87,59,0],"gold":40,"neow_bonus":"UPGRADE_CARD","is_prod":false,"is_daily":false,"chose_seed":false,"campfire_upgraded":5,"win_rate":0,"timestamp":1565394936,"path_taken":["M","?","M","M","$","R","E","R","T","R","M","R","?","?","R","BOSS","M","?","?","?","$","R","E","M","T","M","E","?","M","?","R","BOSS","M","?","$","M","?","$","M","?","T","E","R","E","M","M","R","BOSS","R","$","E","BOSS"],"build_version":"2019-07-17","purchased_purges":2,"victory":false,"max_hp_per_floor":[75,75,75,75,75,75,75,75,82,82,82,82,82,82,82,82,82,82,82,87,87,87,87,87,87,87,87,87,87,87,87,87,87,87,87,87,87,87,87,87,87,87,87,87,87,87,87,87,87,87,87,87,87,87,87],"card_choices":[{"not_picked":["Leap","Chaos"],"picked":"Sunder","floor":1},{"not_picked":["Conserve Battery","Rebound"],"picked":"Sweeping Beam","floor":3},{"not_picked":["Force Field","Auto Shields"],"picked":"Beam Cell","floor":4},{"not_picked":["Melter","Hologram"],"picked":"All For One","floor":7},{"not_picked":["BootSequence","Hologram"],"picked":"Chill","floor":11},{"not_picked":["Gash","Conserve Battery"],"picked":"Coolheaded","floor":18},{"not_picked":["Doom and Gloom","Reprogram+1"],"picked":"Gash","floor":24},{"not_picked":["Streamline","Heatsinks"],"picked":"Rebound","floor":25},{"not_picked":["Conserve Battery","Turbo","Rebound"],"picked":"SKIP","floor":27},{"not_picked":["Steam","Leap","Thunder Strike"],"picked":"SKIP","floor":28},{"not_picked":["Hologram","Steam Power","Rip and Tear"],"picked":"SKIP","floor":30},{"not_picked":["Sweeping Beam","Leap","Redo+1"],"picked":"SKIP","floor":31},{"not_picked":["Steam","Doom and Gloom"],"picked":"Defragment+1","floor":32},{"not_picked":["Meteor Strike","Thunder Strike"],"picked":"Amplify","floor":33},{"not_picked":["Stack+1","Hologram+1"],"picked":"Sunder","floor":35},{"not_picked":["Cold Snap","Melter","Beam Cell+1"],"picked":"SKIP","floor":38},{"not_picked":["Turbo+1","Beam Cell"],"picked":"Chaos+1","floor":41},{"not_picked":["Redo","Undo","Fusion"],"picked":"SKIP","floor":44},{"not_picked":["Steam","Turbo","Genetic Algorithm"],"picked":"SKIP","floor":46},{"not_picked":["Leap","Steam+1","Auto Shields+1"],"picked":"SKIP","floor":47},{"not_picked":["Reinforced Body","Stack+1","Ball Lightning"],"picked":"SKIP","floor":48},{"not_picked":["Sweeping Beam","Gash+1","Redo+1"],"picked":"SKIP","floor":54}],"player_experience":1775820,"relics_obtained":[{"floor":7,"key":"The Courier"},{"floor":9,"key":"Strawberry"},{"floor":14,"key":"Bag of Marbles"},{"floor":24,"key":"PreservedInsect"},{"floor":26,"key":"Mercury Hourglass"},{"floor":28,"key":"Dream Catcher"},{"floor":44,"key":"Pen Nib"},{"floor":46,"key":"Bag of Preparation"},{"floor":54,"key":"Kunai"}],"event_choices":[{"damage_healed":0,"gold_gain":0,"player_choice":"2 cards matched","damage_taken":0,"max_hp_gain":0,"max_hp_loss":0,"event_name":"Match and Keep!","floor":2,"gold_loss":0,"cards_obtained":["Echo Form","Steam"]},{"damage_healed":0,"gold_gain":0,"player_choice":"Ignored","damage_taken":0,"max_hp_gain":0,"max_hp_loss":0,"event_name":"The Mausoleum","floor":19,"gold_loss":0},{"damage_healed":0,"gold_gain":0,"player_choice":"Shed Blood","damage_taken":21,"max_hp_gain":5,"max_hp_loss":0,"event_name":"Forgotten Altar","floor":20,"gold_loss":0},{"damage_healed":0,"gold_gain":0,"player_choice":"Obtained Relic","damage_taken":0,"relics_obtained":["Omamori"],"max_hp_gain":0,"max_hp_loss":0,"event_name":"Addict","floor":21,"gold_loss":85},{"cards_removed":["Rebound"],"damage_healed":0,"gold_gain":0,"player_choice":"Took Card","damage_taken":0,"max_hp_gain":0,"max_hp_loss":0,"event_name":"NoteForYourself","floor":29,"gold_loss":0,"cards_obtained":["Sucker Punch"]},{"damage_healed":0,"gold_gain":0,"player_choice":"Ignored","damage_taken":0,"max_hp_gain":0,"max_hp_loss":0,"event_name":"Tomb of Lord Red Mask","floor":36,"gold_loss":0},{"cards_removed":["Defend_B"],"damage_healed":0,"gold_gain":0,"player_choice":"Removed Skill","damage_taken":0,"max_hp_gain":0,"max_hp_loss":0,"event_name":"Falling","floor":39,"gold_loss":0},{"damage_healed":0,"gold_gain":275,"player_choice":"Desecrate","damage_taken":0,"max_hp_gain":0,"max_hp_loss":0,"event_name":"Golden Shrine","floor":42,"gold_loss":0,"cards_obtained":["Regret"]}],"is_beta":false,"boss_relics":[{"not_picked":["Inserter","Runic Pyramid"],"picked":"Fusion Hammer"},{"not_picked":["Eternal Feather","Lizard Tail"],"picked":"Snecko Eye"}],"items_purged_floors":[22,37],"is_endless":false,"potions_floor_spawned":[1,4,11,18,25,30,31,33,38,44,48],"killed_by":"The Heart","ascension_level":3}