{"gold_per_floor":[109,79,98,23,40,66,83,83,133,133,133,166,166,191,191,290,290,307,322,56,75,87,87],"floor_reached":23,"playtime":1331,"items_purged":["Strike_R"],"score":343,"play_id":"763c125b-2cf6-4067-a70b-8ae8b721e4b7","local_time":"20190926163027","is_ascension_mode":true,"campfire_choices":[{"data":"Immolate","floor":8.0,"key":"SMITH"},{"data":"Immolate","floor":10.0,"key":"SMITH"},{"data":"Bash","floor":13,"key":"SMITH"},{"data":"Cleave","floor":15,"key":"SMITH"}],"neow_cost":"PERCENT_DAMAGE","seed_source_timestamp":77828663464500,"circlet_count":0,"master_deck":["Strike_R","Strike_R","Strike_R","Defend_R","Defend_R","Defend_R","Defend_R","Bash+1","Immolate+1","Clothesline","Cleave+1","Twin Strike","Immolate+1","Rupture","Shrug It Off","Headbutt","Limit Break","Apotheosis","Spot Weakness","Inflame+1","Sword Boomerang"],"special_seed":0,"relics":["Burning Blood","Question Card","Red Skull","Omamori","Blue Candle","Mark of Pain"],"potions_floor_usage":[12,14,21,23,23],"damage_taken":[{"damage":0.0,"enemies":"2 Louse","floor":1.0,"turns":1.0},{"damage":0.0,"enemies":"Cultist","floor":3.0,"turns":3.0},{"damage":5.0,"enemies":"Small Slimes","floor":5.0,"turns":3.0},{"damage":15.0,"enemies":"3 Sentries","floor":6.0,"turns":4.0},{"damage":0.0,"enemies":"2 Fungi Beasts","floor":7.0,"turns":2.0},{"damage":0,"enemies":"Gremlin Nob","floor":12,"turns":2},{"damage":19,"enemies":"Lagavulin","floor":14,"turns":4},{"damage":0,"enemies":"Slime Boss","floor":16,"turns":6},{"damage":0,"enemies":"Chosen","floor":18,"turns":3},{"damage":14,"enemies":"Shell Parasite","floor":19,"turns":3},{"damage":23,"enemies":"Sentry and Sphere","floor":21,"turns":4},{"damage":30,"enemies":"Snake Plant","floor":22,"turns":4},{"damage":32,"enemies":"Slavers","floor":23,"turns":2}],"seed_played":"3361867292497331463","potions_obtained":[{"floor":1.0,"key":"SkillPotion"},{"floor":2.0,"key":"FearPotion"},{"floor":2.0,"key":"Fire Potion"},{"floor":6.0,"key":"EssenceOfSteel"},{"floor":16,"key":"Block Potion"},{"floor":18,"key":"GamblersBrew"},{"floor":19,"key":"Strength Potion"}],"is_trial":false,"path_per_floor":["M","?","M","$","M","E","M","R","T","R","?","E","R","E","R","B",null,"M","M","$","M","M","E"],"character_chosen":"IRONCLAD","items_purchased":["Apotheosis","Spot Weakness"],"campfire_rested":0,"item_purchase_floors":[20,20],"current_hp_per_floor":[62,62,68,68,69,60,66,66,66,66,66,72,72,59,59,65,80,80,72,72,55,31,0],"gold":87,"neow_bonus":"THREE_RARE_CARDS","is_prod":false,"is_daily":false,"chose_seed":false,"campfire_upgraded":4,"win_rate":0,"timestamp":1569508227,"path_taken":["M","?","M","?","M","E","M","R","T","R","?","E","R","E","R","BOSS","M","M","$","M","?","E"],"build_version":"2019-07-17","purchased_purges":1,"victory":false,"max_hp_per_floor":[80,80,80,80,80,80,80,80,80,80,80,80,80,80,80,80,80,80,80,80,80,80,80],"card_choices":[{"not_picked":["Double Tap","Dark Embrace"],"picked":"Immolate","floor":0.0},{"not_picked":["Clash","True Grit"],"picked":"Clothesline","floor":1.0},{"not_picked":["Feel No Pain","Iron Wave"],"picked":"Cleave","floor":3.0},{"not_picked":["Ghostly Armor","Searing Blow"],"picked":"Twin Strike","floor":5.0},{"not_picked":["Fire Breathing","Warcry"],"picked":"Immolate","floor":6.0},{"not_picked":["Warcry","Sentinel","Armaments"],"picked":"Rupture","floor":7.0},{"not_picked":["Warcry","Second Wind","Whirlwind"],"picked":"Shrug It Off","floor":12},{"not_picked":["Dark Embrace","Anger","Clothesline"],"picked":"Headbutt","floor":14},{"not_picked":["Impervious","Feed","Reaper"],"picked":"Limit Break","floor":16},{"not_picked":["Clash","Iron Wave","Clothesline","Cleave"],"picked":"SKIP","floor":18},{"not_picked":["Thunderclap","Twin Strike","Clothesline","Sever Soul"],"picked":"SKIP","floor":19},{"not_picked":["Carnage+1","Rupture","Warcry+1"],"picked":"Inflame+1","floor":21},{"not_picked":["Hemokinesis+1","Armaments","Brutality"],"picked":"Sword Boomerang","floor":22}],"player_experience":177987,"relics_obtained":[{"floor":6.0,"key":"Question Card"},{"floor":9.0,"key":"Red Skull"},{"floor":12,"key":"Omamori"},{"floor":14,"key":"Blue Candle"}],"event_choices":[{"damage_healed":0.0,"max_hp_gain":0.0,"max_hp_loss":0.0,"gold_gain":0.0,"event_name":"The Woman in Blue","player_choice":"Bought 2 Potions","floor":2.0,"gold_loss":0.0,"damage_taken":0.0},{"cards_removed":["Strike_R"],"damage_healed":0.0,"max_hp_gain":0.0,"max_hp_loss":0.0,"gold_gain":0.0,"event_name":"Bonfire Elementals","player_choice":"Offered Basic","floor":11.0,"gold_loss":0.0,"damage_taken":0.0}],"is_beta":false,"boss_relics":[{"not_picked":["Runic Cube","Tiny House"],"picked":"Mark of Pain"}],"items_purged_floors":[4],"is_endless":false,"potions_floor_spawned":[1,5,6,16,18,19],"killed_by":"Slavers","ascension_level":4}