{"gold_per_floor":[115,134,84,84,104,129,129,163,219,219,250,250,285,344,344,439,439,453,453,453,467,482,513,513,541,541,215,246,246,272,285,285,386,386,397,397,397,397,417,317,350,0,0,17,35,135,146,164,164,164],"floor_reached":51,"playtime":6687,"items_purged":["Strike_B","Strike_B"],"score":1018,"play_id":"88aec8be-da35-45ca-8ec3-037d95f5dd68","local_time":"20190924214302","is_ascension_mode":true,"campfire_choices":[{"data":"Doom and Gloom","floor":7.0,"key":"SMITH"},{"data":"Go for the Eyes","floor":10.0,"key":"SMITH"},{"data":"Genetic Algorithm","floor":12.0,"key":"SMITH"},{"floor":15.0,"key":"REST"},{"data":"Fission","floor":24.0,"key":"SMITH"},{"data":"Heatsinks","floor":29.0,"key":"SMITH"},{"data":"Defragment","floor":32.0,"key":"SMITH"},{"floor":49,"key":"DIG"}],"neow_cost":"NONE","seed_source_timestamp":0,"circlet_count":0,"master_deck":["Defend_B","Defend_B","Defend_B","Defend_B","Zap+1","Dualcast","Rebound","Skim","Doom and Gloom+1","Cold Snap","Go for the Eyes+1","Genetic Algorithm+1","Recycle","Self Repair","Fission+1","Static Discharge","Steam Power","Defragment+1","Defragment","Conserve Battery","Heatsinks+1","Hello World+1","Redo+1","Turbo+1","Turbo+1","Biased Cognition","Transmutation+1","Madness+1","Madness+1","Turbo+1","Compile Driver+1","Meteor Strike","Static Discharge","Heatsinks+1","Double Energy+1","Steam Power+1","Static Discharge+1","Aggregate+1"],"special_seed":0,"relics":["Cracked Core","Anchor","Lantern","Tiny Chest","Dead Branch","Dodecahedron","Centennial Puzzle","Black Star","PreservedInsect","Bottled Tornado","Toxic Egg 2","Juzu Bracelet","Girya","Pantograph","Red Mask","Oddly Smooth Stone","Symbiotic Virus","Fusion Hammer","Shuriken","Shovel","Thread and Needle","ClockworkSouvenir","Mercury Hourglass","Turnip","Letter Opener"],"potions_floor_usage":[44,44,44],"damage_taken":[{"damage":2.0,"enemies":"Jaw Worm","floor":1.0,"turns":3.0},{"damage":1.0,"enemies":"2 Louse","floor":2.0,"turns":2.0},{"damage":1.0,"enemies":"Cultist","floor":5.0,"turns":3.0},{"damage":16.0,"enemies":"Gremlin Nob","floor":6.0,"turns":3.0},{"damage":30.0,"enemies":"Lagavulin","floor":8.0,"turns":5.0},{"damage":3.0,"enemies":"3 Sentries","floor":11.0,"turns":4.0},{"damage":14.0,"enemies":"Lagavulin","floor":13.0,"turns":4.0},{"damage":2.0,"enemies":"3 Sentries","floor":14.0,"turns":4.0},{"damage":4.0,"enemies":"Slime Boss","floor":16.0,"turns":8.0},{"damage":0.0,"enemies":"Chosen","floor":18.0,"turns":4.0},{"damage":10.0,"enemies":"2 Thieves","floor":21.0,"turns":3.0},{"damage":24.0,"enemies":"Centurion and Healer","floor":22.0,"turns":7.0},{"damage":34.0,"enemies":"Book of Stabbing","floor":23.0,"turns":7.0},{"damage":19.0,"enemies":"Slavers","floor":25.0,"turns":5.0},{"damage":0.0,"enemies":"Masked Bandits","floor":28.0,"turns":3.0},{"damage":0.0,"enemies":"Gremlin Leader","floor":30.0,"turns":6.0},{"damage":0.0,"enemies":"Snake Plant","floor":31.0,"turns":3.0},{"damage":31.0,"enemies":"Champ","floor":33.0,"turns":6.0},{"damage":0.0,"enemies":"3 Shapes","floor":35.0,"turns":3.0},{"damage":0.0,"enemies":"Orb Walker","floor":39.0,"turns":3.0},{"damage":0,"enemies":"Giant Head","floor":41,"turns":5},{"damage":0,"enemies":"Transient","floor":44,"turns":3},{"damage":0,"enemies":"Maw","floor":45,"turns":5},{"damage":0,"enemies":"Mind Bloom Boss Battle","floor":46,"turns":1},{"damage":0,"enemies":"Writhing Mass","floor":47,"turns":2},{"damage":0,"enemies":"Sphere and 2 Shapes","floor":48,"turns":2},{"damage":7,"enemies":"Donu and Deca","floor":50,"turns":3}],"seed_played":"2118830998267476774","potions_obtained":[{"floor":1.0,"key":"EntropicBrew"},{"floor":5.0,"key":"Poison Potion"},{"floor":14.0,"key":"PowerPotion"},{"floor":18.0,"key":"FocusPotion"},{"floor":25.0,"key":"Explosive Potion"},{"floor":30.0,"key":"FocusPotion"},{"floor":33.0,"key":"Fire Potion"},{"floor":45,"key":"Ancient Potion"},{"floor":48,"key":"SkillPotion"}],"is_trial":false,"path_per_floor":["M","M","?","?","M","E","R","E","T","R","E","R","E","?","R","B",null,"M","?","?","M","M","E","R","E","T","$","?","R","E","M","R","B",null,"M","?","T","?","M","$","E","$","T","M","M","?","M","M","R","B",null],"character_chosen":"DEFECT","items_purchased":["Pantograph","ClockworkSouvenir","Meteor Strike","Static Discharge"],"campfire_rested":1,"item_purchase_floors":[27,42,42,42],"current_hp_per_floor":[73,72,72,72,71,55,55,25,25,25,22,22,8,6,28,24,75,75,75,75,72,55,28,28,16,16,16,23,23,30,37,37,38,75,75,75,75,66,66,66,73,73,73,75,75,75,75,75,75,68],"gold":164,"neow_bonus":"UPGRADE_CARD","is_prod":false,"is_daily":false,"chose_seed":false,"campfire_upgraded":6,"win_rate":0,"timestamp":1569354182,"path_taken":["M","M","?","?","?","E","R","E","T","R","E","R","E","?","R","BOSS","M","?","?","M","M","E","R","E","T","$","?","R","E","M","R","BOSS","M","?","?","?","M","$","E","$","T","M","M","?","M","M","R","BOSS"],"build_version":"2019-07-17","purchased_purges":2,"victory":true,"max_hp_per_floor":[75,75,75,75,75,75,75,75,75,75,75,75,75,75,75,75,75,75,75,75,75,75,75,75,75,75,75,75,75,75,75,75,75,75,75,75,75,75,75,75,75,75,75,75,75,75,75,75,75,75],"card_choices":[{"not_picked":["Heatsinks","Redo"],"picked":"Rebound","floor":1.0},{"not_picked":["Aggregate","Heatsinks"],"picked":"Skim","floor":2.0},{"not_picked":["Streamline","Tempest"],"picked":"Doom and Gloom","floor":5.0},{"not_picked":["Compile Driver","Doom and Gloom"],"picked":"Cold Snap","floor":6.0},{"not_picked":["Hologram","Rebound"],"picked":"Go for the Eyes","floor":8.0},{"not_picked":["Multi-Cast","Undo"],"picked":"Genetic Algorithm","floor":11.0},{"not_picked":["Sweeping Beam","Buffer"],"picked":"Recycle","floor":13.0},{"not_picked":["Darkness","Gash"],"picked":"Self Repair","floor":14.0},{"not_picked":["Multi-Cast","Creative AI"],"picked":"Fission","floor":16.0},{"not_picked":["Storm","Genetic Algorithm"],"picked":"Static Discharge","floor":18.0},{"not_picked":["Ball Lightning","Barrage"],"picked":"Defragment","floor":21.0},{"not_picked":["Streamline","Go for the Eyes"],"picked":"Conserve Battery","floor":22.0},{"not_picked":["Beam Cell","Compile Driver"],"picked":"Heatsinks","floor":23.0},{"not_picked":["Lockon","Sweeping Beam+1"],"picked":"Hello World+1","floor":25.0},{"not_picked":["Leap+1","Heatsinks"],"picked":"Redo+1","floor":28.0},{"not_picked":["Ball Lightning","Streamline+1"],"picked":"Turbo+1","floor":30.0},{"not_picked":["Compile Driver+1","Blizzard"],"picked":"Turbo+1","floor":31.0},{"not_picked":["Creative AI","Meteor Strike"],"picked":"Biased Cognition","floor":33.0},{"not_picked":["Beam Cell","Barrage","Genetic Algorithm+1"],"picked":"SKIP","floor":35.0},{"not_picked":["Discovery+1","Swift Strike"],"picked":"Transmutation+1","floor":36.0},{"not_picked":["Cold Snap+1","Go for the Eyes"],"picked":"Turbo+1","floor":39.0},{"not_picked":["Leap+1","Blizzard+1"],"picked":"Compile Driver+1","floor":41},{"not_picked":["Stack+1","Coolheaded+1"],"picked":"Heatsinks+1","floor":44},{"not_picked":["Self Repair+1","Scrape+1"],"picked":"Double Energy+1","floor":45},{"not_picked":["Rebound","Barrage"],"picked":"Steam Power+1","floor":46},{"not_picked":["Chaos+1","Lockon+1"],"picked":"Static Discharge+1","floor":47},{"not_picked":["Go for the Eyes+1","Hyperbeam"],"picked":"Aggregate+1","floor":48}],"player_experience":157342,"relics_obtained":[{"floor":6.0,"key":"Anchor"},{"floor":8.0,"key":"Lantern"},{"floor":9.0,"key":"Tiny Chest"},{"floor":11.0,"key":"Dead Branch"},{"floor":13.0,"key":"Dodecahedron"},{"floor":14.0,"key":"Centennial Puzzle"},{"floor":23.0,"key":"PreservedInsect"},{"floor":23.0,"key":"Bottled Tornado"},{"floor":25.0,"key":"Toxic Egg 2"},{"floor":25.0,"key":"Juzu Bracelet"},{"floor":26.0,"key":"Girya"},{"floor":28.0,"key":"Red Mask"},{"floor":30.0,"key":"Oddly Smooth Stone"},{"floor":30.0,"key":"Symbiotic Virus"},{"floor":37.0,"key":"Shuriken"},{"floor":41,"key":"Shovel"},{"floor":41,"key":"Thread and Needle"},{"floor":43,"key":"Mercury Hourglass"},{"floor":46,"key":"Turnip"},{"floor":49,"key":"Letter Opener"}],"event_choices":[{"cards_removed":["Strike_B"],"damage_healed":0.0,"max_hp_gain":0.0,"max_hp_loss":0.0,"gold_gain":0.0,"event_name":"The Cleric","player_choice":"Card Removal","floor":3.0,"gold_loss":50.0,"damage_taken":0.0},{"cards_removed":["Strike_B"],"damage_healed":0.0,"max_hp_gain":0.0,"max_hp_loss":0.0,"gold_gain":0.0,"event_name":"Bonfire Elementals","player_choice":"Offered Basic","floor":4.0,"gold_loss":0.0,"damage_taken":0.0},{"damage_healed":0.0,"max_hp_gain":0.0,"max_hp_loss":0.0,"gold_gain":30.0,"event_name":"Dead Adventurer","player_choice":"Searched \u00273\u0027 times","floor":14.0,"gold_loss":0.0,"damage_taken":0.0},{"damage_healed":0.0,"max_hp_gain":0.0,"max_hp_loss":0.0,"gold_gain":0.0,"event_name":"The Library","player_choice":"Read","floor":19.0,"gold_loss":0.0,"damage_taken":0.0,"cards_obtained":["Steam Power"]},{"damage_healed":0.0,"max_hp_gain":0.0,"max_hp_loss":0.0,"gold_gain":0.0,"event_name":"Match and Keep!","player_choice":"1 cards matched","floor":20.0,"gold_loss":0.0,"damage_taken":0.0,"cards_obtained":["Defragment"]},{"damage_healed":0.0,"max_hp_gain":0.0,"max_hp_loss":0.0,"gold_gain":0.0,"event_name":"Masked Bandits","player_choice":"Fought Bandits","floor":28.0,"gold_loss":0.0,"damage_taken":0.0},{"damage_healed":0.0,"max_hp_gain":0.0,"max_hp_loss":0.0,"gold_gain":0.0,"event_name":"SensoryStone","player_choice":"Memory 1","floor":36.0,"gold_loss":0.0,"damage_taken":0.0},{"damage_healed":0.0,"max_hp_gain":0.0,"max_hp_loss":0.0,"gold_gain":0.0,"event_name":"Winding Halls","player_choice":"Embrace Madness","floor":38.0,"gold_loss":0.0,"damage_taken":9.0,"cards_obtained":["Madness","Madness"]},{"damage_healed":0,"gold_gain":0,"player_choice":"Fight","damage_taken":0,"max_hp_gain":0,"max_hp_loss":0,"event_name":"MindBloom","floor":46,"gold_loss":0}],"is_beta":false,"boss_relics":[{"not_picked":["Tiny House","Lizard Tail"],"picked":"Black Star"},{"not_picked":["Runic Pyramid","Eternal Feather"],"picked":"Fusion Hammer"}],"items_purged_floors":[27,40],"is_endless":false,"potions_floor_spawned":[1,5,14,18,25,30,33,35,39,45,48],"ascension_level":4}