{"gold_per_floor":[119,69,79,53,67,96,96,128,173,173,186,186,286,299,299,400,400,418,437,2,2,2,2,35,35],"floor_reached":25,"playtime":897,"items_purged":[],"score":344,"play_id":"698b06ea-ec58-4c64-a1f6-031c2ff0fdb0","local_time":"20191023192635","is_ascension_mode":true,"campfire_choices":[{"data":"Rip and Tear","floor":7.0,"key":"SMITH"},{"floor":10.0,"key":"REST"},{"data":"Zap","floor":12.0,"key":"SMITH"},{"data":"Hologram","floor":15.0,"key":"SMITH"},{"floor":23.0,"key":"REST"}],"neow_cost":"CURSE","seed_source_timestamp":0,"circlet_count":0,"master_deck":["AscendersBane","Strike_B","Strike_B","Strike_B","Strike_B","Defend_B","Defend_B","Defend_B","Defend_B","Zap+1","Dualcast","Electrodynamics","Ball Lightning","Gash","Barrage","Rip and Tear+1","Self Repair+1","Storm+1","Hologram+1","Buffer+1","Thunder Strike","Genetic Algorithm","Leap+1","Seek","Loop+1","Seek","Double Energy+1"],"special_seed":0,"relics":["Cracked Core","Frozen Egg 2","Ancient Tea Set","Strawberry","Velvet Choker","Runic Capacitor","DataDisk"],"potions_floor_usage":[25],"damage_taken":[{"damage":7.0,"enemies":"Small Slimes","floor":1.0,"turns":4.0},{"damage":0.0,"enemies":"Cultist","floor":3.0,"turns":3.0},{"damage":2.0,"enemies":"Jaw Worm","floor":5.0,"turns":3.0},{"damage":20.0,"enemies":"3 Sentries","floor":6.0,"turns":3.0},{"damage":29.0,"enemies":"Lagavulin","floor":8.0,"turns":6.0},{"damage":0.0,"enemies":"Large Slime","floor":11.0,"turns":4.0},{"damage":35.0,"enemies":"Gremlin Gang","floor":14.0,"turns":3.0},{"damage":8.0,"enemies":"Slime Boss","floor":16.0,"turns":7.0},{"damage":56.0,"enemies":"2 Thieves","floor":18.0,"turns":4.0},{"damage":12.0,"enemies":"Chosen","floor":19.0,"turns":3.0},{"damage":29.0,"enemies":"Slavers","floor":24.0,"turns":3.0},{"damage":14,"enemies":"3 Cultists","floor":25,"turns":4}],"seed_played":"-8985219725655997968","potions_obtained":[{"floor":5.0,"key":"Poison Potion"},{"floor":14.0,"key":"SpeedPotion"},{"floor":16.0,"key":"SteroidPotion"},{"floor":18.0,"key":"LiquidBronze"},{"floor":19.0,"key":"Ancient Potion"},{"floor":24.0,"key":"Weak Potion"}],"is_trial":false,"path_per_floor":["M","?","M","$","M","E","R","E","T","R","M","R","?","M","R","B",null,"M","M","$","?","$","R","E","M"],"character_chosen":"DEFECT","items_purchased":["Barrage","Seek","Runic Capacitor","Loop+1"],"campfire_rested":2,"item_purchase_floors":[4,20,20,20],"current_hp_per_floor":[61,61,61,61,59,39,39,20,27,51,61,61,61,36,36,38,71,25,13,13,13,13,37,8,0],"gold":35,"neow_bonus":"THREE_RARE_CARDS","is_prod":false,"is_daily":false,"chose_seed":false,"campfire_upgraded":3,"win_rate":0,"timestamp":1571883995,"path_taken":["M","?","M","$","M","E","R","E","T","R","M","R","?","M","R","BOSS","M","M","$","?","$","R","E","M"],"build_version":"2019-07-17","purchased_purges":0,"victory":false,"max_hp_per_floor":[75,75,75,75,75,75,75,75,82,82,82,82,82,82,82,82,82,82,82,82,82,82,82,82,82],"card_choices":[{"not_picked":["Hyperbeam","Core Surge"],"picked":"Electrodynamics","floor":0.0},{"not_picked":["Turbo","Streamline"],"picked":"Ball Lightning","floor":1.0},{"not_picked":["Turbo","Conserve Battery"],"picked":"Gash","floor":3.0},{"not_picked":["Force Field","Steam"],"picked":"Rip and Tear","floor":5.0},{"not_picked":["Rip and Tear","Capacitor"],"picked":"Self Repair","floor":6.0},{"not_picked":["Turbo","Redo"],"picked":"Storm+1","floor":8.0},{"not_picked":["Steam","Sweeping Beam"],"picked":"Hologram","floor":11.0},{"not_picked":["Compile Driver","Hologram"],"picked":"Buffer+1","floor":14.0},{"not_picked":["Fission","Reboot"],"picked":"Thunder Strike","floor":16.0},{"not_picked":["Cold Snap","Compile Driver+1"],"picked":"Genetic Algorithm","floor":18.0},{"not_picked":["Rip and Tear","Heatsinks+1"],"picked":"Leap+1","floor":19.0},{"not_picked":["Melter","Hologram"],"picked":"Double Energy+1","floor":24.0}],"player_experience":433254,"relics_obtained":[{"floor":6.0,"key":"Frozen Egg 2"},{"floor":8.0,"key":"Ancient Tea Set"},{"floor":9.0,"key":"Strawberry"},{"floor":24.0,"key":"DataDisk"}],"event_choices":[{"cards_removed":["Regret"],"damage_healed":0.0,"max_hp_gain":0.0,"max_hp_loss":0.0,"gold_gain":0.0,"event_name":"The Cleric","player_choice":"Card Removal","floor":2.0,"gold_loss":50.0,"damage_taken":0.0},{"damage_healed":0.0,"max_hp_gain":0.0,"max_hp_loss":0.0,"gold_gain":100.0,"event_name":"Golden Shrine","player_choice":"Pray","floor":13.0,"gold_loss":0.0,"damage_taken":0.0},{"damage_healed":0.0,"max_hp_gain":0.0,"max_hp_loss":0.0,"gold_gain":0.0,"event_name":"Duplicator","player_choice":"Copied","floor":21.0,"gold_loss":0.0,"damage_taken":0.0,"cards_obtained":["Seek"]}],"is_beta":false,"boss_relics":[{"not_picked":["Pandora\u0027s Box","Runic Pyramid"],"picked":"Velvet Choker"}],"items_purged_floors":[],"is_endless":false,"potions_floor_spawned":[5,14,16,18,19,24],"killed_by":"3 Cultists","ascension_level":10}