{"gold_per_floor":[211,141,160,175,55,55,66,66,93,105,140,140,167,181,181,276,276,287,305,317,328,15,40,54,82,82,7,7,107,121,138,138,238,238,257,273,6,25,42,67,67,92,92,0,15,15,27,56,56,56],"floor_reached":51,"playtime":2343,"items_purged":["Strike_R","Strike_R","Strike_R"],"score":918,"play_id":"214f4077-3e37-457d-8ed4-20426780ef85","local_time":"20190530110216","is_ascension_mode":false,"campfire_choices":[{"data":"Armaments","floor":6,"key":"SMITH"},{"data":"Battle Trance","floor":12,"key":"SMITH"},{"data":"Limit Break","floor":15,"key":"SMITH"},{"floor":32,"key":"REST"},{"floor":41,"key":"REST"},{"floor":49,"key":"RECALL"}],"neow_cost":"NONE","seed_source_timestamp":166013537909749,"circlet_count":0,"master_deck":["Strike_R","Strike_R","Defend_R","Defend_R","Defend_R","Bash","Thunderclap","Battle Trance+1","Iron Wave","Shrug It Off","Armaments+1","Brutality","Uppercut","Flex","Limit Break+1","Sword Boomerang","Feed","Rupture+1","Burning Pact","Feel No Pain","Pommel Strike+1","Battle Trance+1","Limit Break+1","Heavy Blade+1","Flash of Steel","Shrug It Off+1","Warcry+1","Shrug It Off+1"],"relics":["Burning Blood","Happy Flower","Vajra","Gremlin Horn","Cursed Key","Pen Nib","Singing Bowl","Toxic Egg 2","Paper Frog","Fusion Hammer","Bag of Marbles","Potion Belt","Red Mask","Calipers"],"potions_floor_usage":[13,18,23,24,25,31,33,40,50,50,50],"damage_taken":[{"damage":3,"enemies":"Small Slimes","floor":1,"turns":4},{"damage":1,"enemies":"Cultist","floor":3,"turns":3},{"damage":1,"enemies":"Jaw Worm","floor":4,"turns":3},{"damage":5,"enemies":"Looter","floor":7,"turns":3},{"damage":3,"enemies":"Blue Slaver","floor":10,"turns":4},{"damage":14,"enemies":"Gremlin Nob","floor":11,"turns":4},{"damage":16,"enemies":"3 Sentries","floor":13,"turns":6},{"damage":1,"enemies":"Gremlin Gang","floor":14,"turns":2},{"damage":2,"enemies":"Slime Boss","floor":16,"turns":4},{"damage":0,"enemies":"2 Thieves","floor":18,"turns":2},{"damage":7,"enemies":"3 Byrds","floor":19,"turns":3},{"damage":10,"enemies":"Cultist and Chosen","floor":20,"turns":4},{"damage":7,"enemies":"Sentry and Sphere","floor":21,"turns":4},{"damage":40,"enemies":"Slavers","floor":23,"turns":5},{"damage":7,"enemies":"Snake Plant","floor":24,"turns":4},{"damage":25,"enemies":"Book of Stabbing","floor":25,"turns":5},{"damage":11,"enemies":"Shelled Parasite and Fungi","floor":30,"turns":4},{"damage":6,"enemies":"Sentry and Sphere","floor":31,"turns":3},{"damage":19,"enemies":"Collector","floor":33,"turns":5},{"damage":11,"enemies":"3 Shapes","floor":35,"turns":3},{"damage":18,"enemies":"Orb Walker","floor":36,"turns":4},{"damage":10,"enemies":"4 Shapes","floor":38,"turns":3},{"damage":24,"enemies":"Jaw Worm Horde","floor":39,"turns":4},{"damage":7,"enemies":"Nemesis","floor":40,"turns":5},{"damage":11,"enemies":"Reptomancer","floor":42,"turns":4},{"damage":0,"enemies":"3 Darklings","floor":45,"turns":2},{"damage":14,"enemies":"Maw","floor":47,"turns":6},{"damage":3,"enemies":"Giant Head","floor":48,"turns":5},{"damage":14,"enemies":"Awakened One","floor":50,"turns":4}],"seed_played":"8208517276044048791","potions_obtained":[{"floor":4,"key":"FearPotion"},{"floor":7,"key":"SkillPotion"},{"floor":11,"key":"Weak Potion"},{"floor":16,"key":"EssenceOfSteel"},{"floor":18,"key":"Regen Potion"},{"floor":24,"key":"Poison Potion"},{"floor":30,"key":"AttackPotion"},{"floor":31,"key":"Weak Potion"},{"floor":36,"key":"Dexterity Potion"},{"floor":40,"key":"Dexterity Potion"},{"floor":45,"key":"SmokeBomb"},{"floor":48,"key":"SteroidPotion"}],"is_trial":false,"path_per_floor":["M","$","M","M","$","R","M","?","T","M","E","R","E","M","R","B",null,"M","M","M","M","$","E","M","E","T","?","?","?","M","M","R","B",null,"M","M","$","M","M","E","R","E","T","?","M","?","M","E","R","B",null],"character_chosen":"IRONCLAD","items_purchased":["Battle Trance","Armaments","Pen Nib","Feel No Pain","Flash of Steel","Warcry+1"],"campfire_rested":2,"item_purchase_floors":[2,5,22,22,37,37],"current_hp_per_floor":[80,80,80,80,80,80,80,80,80,80,72,72,62,67,67,71,80,80,83,79,81,81,64,65,48,48,48,48,48,48,50,80,71,105,105,93,93,94,79,80,116,116,116,116,125,125,123,126,126,118],"gold":56,"neow_bonus":"HUNDRED_GOLD","is_prod":false,"is_daily":false,"chose_seed":false,"campfire_upgraded":3,"win_rate":0,"timestamp":1559210536,"path_taken":["M","$","M","M","$","R","M","?","T","M","E","R","E","M","R","BOSS","M","?","M","M","$","E","M","E","T","?","?","?","?","M","R","BOSS","M","M","$","M","M","E","R","E","T","?","M","?","M","E","R","BOSS"],"build_version":"2019-01-23","purchased_purges":3,"victory":true,"max_hp_per_floor":[80,80,80,80,80,80,80,80,80,80,80,80,80,80,80,80,80,80,84,84,87,87,90,92,94,94,94,94,94,99,101,101,105,105,110,110,110,115,118,120,120,125,125,125,128,128,134,134,134,134],"card_choices":[{"not_picked":["Havoc","Warcry"],"picked":"Thunderclap","floor":1},{"not_picked":["Perfected Strike","Pommel Strike"],"picked":"Iron Wave","floor":3},{"not_picked":["Havoc","Combust"],"picked":"Shrug It Off","floor":4},{"not_picked":["Second Wind","Body Slam"],"picked":"Brutality","floor":7},{"not_picked":["Perfected Strike","Reckless Charge"],"picked":"Uppercut","floor":10},{"not_picked":["Carnage","Twin Strike"],"picked":"Flex","floor":11},{"not_picked":["Intimidate","Wild Strike"],"picked":"Limit Break","floor":13},{"not_picked":["Warcry","Fire Breathing"],"picked":"Sword Boomerang","floor":14},{"not_picked":["Barricade","Juggernaut"],"picked":"Feed","floor":16},{"not_picked":["Twin Strike","Sword Boomerang+1","Pommel Strike"],"picked":"SKIP","floor":18},{"not_picked":["Cleave","Bloodletting"],"picked":"Rupture+1","floor":19},{"not_picked":["Ghostly Armor","Sword Boomerang"],"picked":"Burning Pact","floor":20},{"not_picked":["Demon Form","Sever Soul","Iron Wave+1"],"picked":"SKIP","floor":21},{"not_picked":["Burning Pact","Twin Strike"],"picked":"Pommel Strike+1","floor":23},{"not_picked":["Clash","Rupture","Perfected Strike"],"picked":"Singing Bowl","floor":24},{"not_picked":["Clash","Iron Wave","Juggernaut"],"picked":"Singing Bowl","floor":25},{"not_picked":["Heavy Blade","Clash+1","Metallicize"],"picked":"Singing Bowl","floor":30},{"not_picked":["Iron Wave+1","Clothesline","Wild Strike"],"picked":"Singing Bowl","floor":31},{"not_picked":["Demon Form","Exhume+1"],"picked":"Limit Break+1","floor":33},{"not_picked":["Heavy Blade","Clash","Twin Strike"],"picked":"Singing Bowl","floor":35},{"not_picked":["Blood for Blood+1","Pommel Strike+1"],"picked":"Heavy Blade+1","floor":36},{"not_picked":["Clothesline","Hemokinesis+1","Flex+1"],"picked":"Singing Bowl","floor":38},{"not_picked":["Impervious+1","Headbutt+1"],"picked":"Shrug It Off+1","floor":39},{"not_picked":["Headbutt+1","Body Slam","Metallicize"],"picked":"Singing Bowl","floor":40},{"not_picked":["Uppercut","Havoc+1","Anger"],"picked":"Singing Bowl","floor":42},{"not_picked":["Spot Weakness+1","Cleave"],"picked":"Warcry+1","floor":45},{"not_picked":["Headbutt+1","Seeing Red+1","Sword Boomerang+1"],"picked":"Singing Bowl","floor":47},{"not_picked":["Dark Embrace","Feel No Pain"],"picked":"Shrug It Off+1","floor":48}],"player_experience":1510721,"relics_obtained":[{"floor":9,"key":"Happy Flower"},{"floor":11,"key":"Vajra"},{"floor":13,"key":"Gremlin Horn"},{"floor":23,"key":"Singing Bowl"},{"floor":25,"key":"Toxic Egg 2"},{"floor":26,"key":"Paper Frog"},{"floor":40,"key":"Bag of Marbles"},{"floor":42,"key":"Potion Belt"},{"floor":48,"key":"Calipers"}],"event_choices":[{"cards_removed":["Defend_R"],"damage_healed":0,"gold_gain":0,"player_choice":"Purged","damage_taken":0,"max_hp_gain":0,"max_hp_loss":0,"event_name":"Purifier","floor":8,"gold_loss":0},{"cards_removed":["Doubt"],"damage_healed":0,"gold_gain":0,"player_choice":"Gave Gold","damage_taken":0,"max_hp_gain":0,"max_hp_loss":0,"event_name":"Beggar","floor":27,"gold_loss":75},{"damage_healed":0,"gold_gain":0,"player_choice":"Read","damage_taken":0,"max_hp_gain":0,"max_hp_loss":0,"event_name":"The Library","floor":28,"gold_loss":0,"cards_obtained":["Battle Trance"]},{"damage_healed":0,"gold_gain":100,"player_choice":"Pray","damage_taken":0,"max_hp_gain":0,"max_hp_loss":0,"event_name":"Golden Shrine","floor":29,"gold_loss":0},{"damage_healed":0,"gold_gain":0,"player_choice":"Paid","damage_taken":0,"relics_obtained":["Red Mask"],"max_hp_gain":0,"max_hp_loss":0,"event_name":"Tomb of Lord Red Mask","floor":44,"gold_loss":92},{"cards_removed":["Warcry"],"damage_healed":0,"gold_gain":0,"player_choice":"Removed Skill","damage_taken":0,"max_hp_gain":0,"max_hp_loss":0,"event_name":"Falling","floor":46,"gold_loss":0}],"is_beta":false,"boss_relics":[{"not_picked":["Orrery","Runic Pyramid"],"picked":"Cursed Key"},{"not_picked":["Eternal Feather","White Beast Statue"],"picked":"Fusion Hammer"}],"items_purged_floors":[5,22,37],"is_endless":false,"potions_floor_spawned":[4,7,11,16,18,24,30,31,36,40,45,48],"ascension_level":0}