{"gold_per_floor":[112,112,187,211,4,48,48,61,86,127,127,167,192,228,228,228],"floor_reached":16,"playtime":1469,"items_purged":[],"score":130,"play_id":"5a2f0a7f-1baa-4ae8-8828-4b09d59f693f","local_time":"20190921175344","is_ascension_mode":true,"campfire_choices":[{"data":"Capacitor","floor":7,"key":"SMITH"},{"floor":11,"key":"REST"},{"floor":15,"key":"REST"}],"neow_cost":"NONE","seed_source_timestamp":0,"circlet_count":0,"master_deck":["Strike_B","Strike_B+1","Strike_B+1","Defend_B","Defend_B","Defend_B","Defend_B","Zap","Dualcast","Storm","Injury","Glacier","Capacitor+1","Ball Lightning","Fission","Heatsinks"],"special_seed":0,"relics":["Cracked Core","Golden Idol","Membership Card","Juzu Bracelet","Potion Belt","Whetstone","Du-Vu Doll","Odd Mushroom"],"potions_floor_usage":[6,14,16],"damage_taken":[{"damage":1.0,"enemies":"2 Louse","floor":1.0,"turns":3.0},{"damage":0,"enemies":"Small Slimes","floor":4,"turns":3},{"damage":22,"enemies":"Lagavulin","floor":6,"turns":13},{"damage":0,"enemies":"Jaw Worm","floor":8,"turns":4},{"damage":39,"enemies":"Gremlin Nob","floor":10,"turns":6},{"damage":8,"enemies":"Lagavulin","floor":12,"turns":8},{"damage":2,"enemies":"Blue Slaver","floor":13,"turns":4},{"damage":7,"enemies":"The Mushroom Lair","floor":14,"turns":4},{"damage":30,"enemies":"Hexaghost","floor":16,"turns":12}],"seed_played":"1243495627474522021","potions_obtained":[{"floor":1,"key":"GamblersBrew"},{"floor":6,"key":"Swift Potion"},{"floor":8,"key":"EssenceOfSteel"},{"floor":13,"key":"Fire Potion"},{"floor":14,"key":"Explosive Potion"}],"is_trial":false,"path_per_floor":["M","?","?","M","$","E","R","M","T","E","R","E","M","?","R","B"],"character_chosen":"DEFECT","items_purchased":["Membership Card"],"campfire_rested":2,"item_purchase_floors":[5],"current_hp_per_floor":[74,74,63,63,63,41,41,41,41,2,24,16,14,7,29,0],"gold":228,"neow_bonus":"REMOVE_CARD","is_prod":false,"is_daily":false,"chose_seed":false,"campfire_upgraded":1,"win_rate":0,"timestamp":1569081224,"path_taken":["M","?","?","M","$","E","R","M","T","E","R","E","M","?","R","BOSS"],"build_version":"2019-07-17","purchased_purges":0,"victory":false,"max_hp_per_floor":[75,75,75,75,75,75,75,75,75,75,75,75,75,75,75,75],"card_choices":[{"not_picked":["Doom and Gloom","Ball Lightning"],"picked":"Storm","floor":1},{"not_picked":["Rip and Tear","Darkness"],"picked":"Glacier","floor":4},{"not_picked":["Ball Lightning","Coolheaded"],"picked":"Capacitor","floor":6},{"not_picked":["Reprogram","Fusion"],"picked":"Ball Lightning","floor":8},{"not_picked":["Conserve Battery","Cold Snap"],"picked":"Fission","floor":10},{"not_picked":["Cold Snap","Ball Lightning","Stack"],"picked":"SKIP","floor":12},{"not_picked":["Stack","Ball Lightning","Redo"],"picked":"SKIP","floor":13},{"not_picked":["Reprogram","Fusion"],"picked":"Heatsinks","floor":14}],"player_experience":123545,"relics_obtained":[{"floor":6,"key":"Juzu Bracelet"},{"floor":9,"key":"Potion Belt"},{"floor":10,"key":"Whetstone"},{"floor":12,"key":"Du-Vu Doll"},{"floor":14,"key":"Odd Mushroom"}],"event_choices":[{"damage_healed":0,"gold_gain":0,"player_choice":"Take Wound","damage_taken":0,"relics_obtained":["Golden Idol"],"max_hp_gain":0,"max_hp_loss":0,"event_name":"Golden Idol","floor":2,"gold_loss":0,"cards_obtained":["Injury"]},{"damage_healed":0,"gold_gain":75,"player_choice":"Gather Gold","damage_taken":11,"max_hp_gain":0,"max_hp_loss":0,"event_name":"World of Goop","floor":3,"gold_loss":0},{"damage_healed":0,"gold_gain":0,"player_choice":"Fought Mushrooms","damage_taken":0,"max_hp_gain":0,"max_hp_loss":0,"event_name":"Mushrooms","floor":14,"gold_loss":0}],"is_beta":false,"boss_relics":[],"items_purged_floors":[],"is_endless":false,"potions_floor_spawned":[1,6,8,13,14],"killed_by":"Hexaghost","ascension_level":2}