{"gold_per_floor":[115,131,143,4,18,18,18,35,117,117,133,176,176,195,195,315,315,330,330,350,27,277,277,298,298],"floor_reached":25,"playtime":903,"items_purged":["Pain"],"score":255,"play_id":"548cb93a-5075-46ff-a5b4-8cbeb2d2db4c","local_time":"20180721112227","is_ascension_mode":false,"campfire_choices":[{"data":"Dual Wield","floor":6,"key":"SMITH"},{"floor":13,"key":"REST"},{"floor":15,"key":"REST"},{"data":"True Grit","floor":23,"key":"SMITH"}],"neow_cost":"NONE","seed_source_timestamp":592507389697536,"circlet_count":0,"master_deck":["Strike_R","Strike_R","Strike_R","Strike_R","Strike_R","Defend_R","Defend_R","Defend_R","Bash","Wild Strike","Perfected Strike","Dual Wield+1","Reaper","Evolve","Headbutt","Injury","Pommel Strike","Thunderclap","Offering","Regret","Parasite","True Grit+1","Sever Soul","Regret","Burning Pact"],"relics":["Philosopher\u0027s Stone","Gremlin Horn","Golden Idol","Champion Belt","Calling Bell","Vajra","Pear","Gambling Chip","Kunai"],"potions_floor_usage":[11,12,16,24],"damage_taken":[{"damage":0,"enemies":"Small Slimes","floor":1,"turns":3},{"damage":0,"enemies":"Cultist","floor":2,"turns":2},{"damage":7,"enemies":"2 Louse","floor":3,"turns":2},{"damage":17,"enemies":"Exordium Wildlife","floor":5,"turns":3},{"damage":0,"enemies":"3 Louse","floor":8,"turns":2},{"damage":47,"enemies":"Lots of Slimes","floor":11,"turns":3},{"damage":23,"enemies":"3 Sentries","floor":12,"turns":5},{"damage":14,"enemies":"Looter","floor":14,"turns":3},{"damage":0,"enemies":"Slime Boss","floor":16,"turns":6},{"damage":34,"enemies":"2 Thieves","floor":18,"turns":3},{"damage":17,"enemies":"Chosen","floor":20,"turns":3},{"damage":24,"enemies":"Centurion and Healer","floor":24,"turns":5},{"damage":48,"enemies":"Sentry and Sphere","floor":25,"turns":3}],"seed_played":"-287533993835379589","potions_obtained":[{"floor":2,"key":"PowerPotion"},{"floor":8,"key":"Energy Potion"},{"floor":12,"key":"Strength Potion"},{"floor":20,"key":"Energy Potion"}],"is_trial":false,"path_per_floor":["M","M","M","$","M","R","?","M","T","?","M","E","R","M","R","B",null,"M","?","M","$","?","R","M"],"character_chosen":"IRONCLAD","items_purchased":["Reaper","Kunai"],"campfire_rested":2,"item_purchase_floors":[4,21],"current_hp_per_floor":[80,80,73,73,60,60,60,60,60,60,33,16,40,30,54,80,90,63,63,51,51,51,51,32,0],"gold":298,"neow_bonus":"BOSS_RELIC","is_prod":false,"is_daily":false,"chose_seed":false,"campfire_upgraded":2,"win_rate":0.0,"timestamp":1532161347,"path_taken":["M","M","M","$","M","R","?","M","T","?","M","E","R","M","R","BOSS","M","?","M","$","?","R","M","M"],"build_version":"2018-07-19v2","purchased_purges":1,"victory":false,"max_hp_per_floor":[80,80,80,80,80,80,80,80,80,80,80,80,80,80,80,80,90,90,90,90,90,90,90,90,90],"card_choices":[{"not_picked":["Body Slam","Combust"],"picked":"Wild Strike","floor":1},{"not_picked":["Clothesline","True Grit"],"picked":"Perfected Strike","floor":2},{"not_picked":["Cleave","Sword Boomerang"],"picked":"Dual Wield","floor":3},{"not_picked":["Headbutt","Uppercut"],"picked":"Evolve","floor":5},{"not_picked":["Evolve","Berserk","Headbutt"],"picked":"SKIP","floor":8},{"not_picked":["Clash","Carnage","Pommel Strike"],"picked":"SKIP","floor":11},{"not_picked":["Clash","Carnage"],"picked":"Pommel Strike","floor":11},{"not_picked":["Body Slam","Infernal Blade","Metallicize"],"picked":"SKIP","floor":12},{"not_picked":["Twin Strike","Combust"],"picked":"Thunderclap","floor":14},{"not_picked":["Bludgeon","Immolate"],"picked":"Offering","floor":16},{"not_picked":["Havoc","Anger","Twin Strike"],"picked":"SKIP","floor":18},{"not_picked":["Twin Strike+1","Pommel Strike"],"picked":"Sever Soul","floor":20},{"not_picked":["Body Slam","Heavy Blade"],"picked":"Burning Pact","floor":24}],"player_experience":127919,"relics_obtained":[{"floor":9,"key":"Gremlin Horn"},{"floor":12,"key":"Champion Belt"},{"floor":17,"key":"Vajra"},{"floor":17,"key":"Pear"},{"floor":17,"key":"Gambling Chip"}],"event_choices":[{"event_name":"Transmorgrifier","player_choice":"Transform","floor":7,"damage_taken":0},{"event_name":"Golden Idol","player_choice":"Take Wound","floor":10,"damage_taken":0},{"event_name":"The Library","player_choice":"Read","floor":19,"damage_taken":0},{"event_name":"Golden Shrine","player_choice":"Desecrate","floor":22,"damage_taken":0}],"is_beta":false,"boss_relics":[{"not_picked":["Coffee Dripper","Fusion Hammer"],"picked":"Calling Bell"}],"items_purged_floors":[21],"is_endless":false,"potions_floor_spawned":[2,8,12,20],"killed_by":"Sentry and Sphere","ascension_level":0}