{"gold_per_floor":[116,116,116,129,129,129,193,193,193,18,18,50,61,8,8,107,107,93,6,26,44,44,79,79,110,135,16,16,36,70,85,85,85],"floor_reached":33,"playtime":1614,"items_purged":["Strike_R","Limit Break+1","Strike_R+1"],"score":425,"play_id":"56adabd8-8cba-48db-9995-465e4f588d41","local_time":"20190413182255","is_ascension_mode":true,"campfire_choices":[{"data":"Shockwave","floor":6,"key":"SMITH"},{"floor":8,"key":"REST"},{"floor":15,"key":"REST"},{"data":"Corruption","floor":32,"key":"SMITH"}],"neow_cost":"TEN_PERCENT_HP_LOSS","seed_source_timestamp":0,"circlet_count":0,"master_deck":["Defend_R","Defend_R","Defend_R","Defend_R","Bash","Rampage","Shockwave+1","Feel No Pain","Havoc","Burning Pact","True Grit","Exhume","Rage","Corruption","Inflame","Corruption+1","Sentinel","Offering"],"relics":["Burning Blood","Dead Branch","Smiling Mask","Tiny Chest","Letter Opener","Peace Pipe","Busted Crown","Du-Vu Doll","Lantern","Boot","Dream Catcher"],"potions_floor_usage":[12,12,21,29,33],"damage_taken":[{"damage":1,"enemies":"Cultist","floor":1,"turns":4},{"damage":4,"enemies":"2 Louse","floor":4,"turns":3},{"damage":31,"enemies":"3 Sentries","floor":7,"turns":5},{"damage":28,"enemies":"Lagavulin","floor":12,"turns":4},{"damage":6,"enemies":"Small Slimes","floor":13,"turns":5},{"damage":30,"enemies":"The Guardian","floor":16,"turns":13},{"damage":23,"enemies":"2 Thieves","floor":18,"turns":4},{"damage":13,"enemies":"Spheric Guardian","floor":20,"turns":5},{"damage":4,"enemies":"3 Cultists","floor":21,"turns":6},{"damage":12,"enemies":"Gremlin Leader","floor":23,"turns":7},{"damage":6,"enemies":"Slavers","floor":25,"turns":3},{"damage":6,"enemies":"Cultist and Chosen","floor":29,"turns":5},{"damage":1,"enemies":"Gremlin Leader","floor":30,"turns":2},{"damage":6,"enemies":"Snake Plant","floor":31,"turns":3},{"damage":63,"enemies":"Automaton","floor":33,"turns":8}],"seed_played":"5195854280559570815","potions_obtained":[{"floor":7,"key":"PowerPotion"},{"floor":12,"key":"SmokeBomb"},{"floor":20,"key":"Energy Potion"},{"floor":25,"key":"BloodPotion"},{"floor":30,"key":"FearPotion"},{"floor":31,"key":"BloodPotion"}],"is_trial":false,"path_per_floor":["M","?","?","M","?","R","E","R","T","$","?","E","M","$","R","B",null,"M","$","M","M","?","E","?","E","T","$","$","M","E","M","R","B"],"character_chosen":"IRONCLAD","items_purchased":["Feel No Pain","AttackPotion","True Grit","Rage","Sentinel"],"campfire_rested":2,"item_purchase_floors":[10,10,14,19,27],"current_hp_per_floor":[72,65,65,67,60,60,35,56,56,56,42,20,20,20,41,17,72,55,55,48,50,50,44,44,44,44,44,44,51,56,56,56,0],"gold":85,"neow_bonus":"ONE_RARE_RELIC","is_prod":false,"is_daily":false,"chose_seed":true,"campfire_upgraded":2,"win_rate":0,"timestamp":1555168975,"path_taken":["M","?","?","M","?","R","E","R","T","$","?","E","?","$","R","BOSS","M","$","?","M","?","E","?","E","T","?","$","?","E","M","R","BOSS"],"build_version":"2019-01-23","purchased_purges":3,"victory":false,"max_hp_per_floor":[72,72,72,72,72,72,72,72,72,72,72,72,72,72,72,72,72,72,72,72,72,72,72,72,72,72,72,72,72,72,72,72,72],"card_choices":[{"not_picked":["Anger","Battle Trance"],"picked":"Sword Boomerang","floor":1},{"not_picked":["Combust","Body Slam"],"picked":"Shockwave","floor":4},{"not_picked":["Iron Wave","Flex"],"picked":"Limit Break","floor":7},{"not_picked":["Heavy Blade","Armaments"],"picked":"Havoc","floor":12},{"not_picked":["Armaments","Metallicize"],"picked":"Burning Pact","floor":13},{"not_picked":["Demon Form","Bludgeon"],"picked":"Exhume","floor":16},{"not_picked":["Heavy Blade"],"picked":"SKIP","floor":18},{"not_picked":["Hemokinesis"],"picked":"SKIP","floor":20},{"not_picked":["Anger+1"],"picked":"SKIP","floor":21},{"not_picked":["Combust+1"],"picked":"SKIP","floor":23},{"not_picked":["Bludgeon"],"picked":"SKIP","floor":25},{"not_picked":["Iron Wave+1"],"picked":"SKIP","floor":29},{"not_picked":[],"picked":"Offering","floor":30},{"not_picked":["Anger"],"picked":"SKIP","floor":31}],"player_experience":258784,"relics_obtained":[{"floor":7,"key":"Tiny Chest"},{"floor":9,"key":"Letter Opener"},{"floor":12,"key":"Peace Pipe"},{"floor":23,"key":"Du-Vu Doll"},{"floor":25,"key":"Lantern"},{"floor":26,"key":"Boot"},{"floor":30,"key":"Dream Catcher"}],"event_choices":[{"cards_removed":["Strike_R"],"damage_healed":0,"gold_gain":0,"player_choice":"Card Removal","damage_taken":7,"max_hp_gain":0,"max_hp_loss":0,"event_name":"Golden Wing","floor":2,"gold_loss":0},{"damage_healed":0,"gold_gain":0,"cards_transformed":["Strike_R"],"player_choice":"Change","damage_taken":0,"max_hp_gain":0,"max_hp_loss":0,"event_name":"Living Wall","floor":3,"gold_loss":0,"cards_obtained":["Rampage"]},{"damage_healed":0,"gold_gain":0,"player_choice":"Success","damage_taken":7,"relics_obtained":["Smiling Mask"],"max_hp_gain":0,"max_hp_loss":0,"event_name":"Scrap Ooze","floor":5,"gold_loss":0},{"damage_healed":0,"gold_gain":0,"player_choice":"Entered Light","damage_taken":14,"max_hp_gain":0,"max_hp_loss":0,"event_name":"Shining Light","floor":11,"gold_loss":0,"cards_upgraded":["Strike_R","Limit Break"]},{"damage_healed":0,"gold_gain":0,"player_choice":"Read","damage_taken":0,"max_hp_gain":0,"max_hp_loss":0,"event_name":"The Library","floor":22,"gold_loss":0,"cards_obtained":["Corruption"]},{"damage_healed":0,"gold_gain":0,"cards_transformed":["Strike_R","Sword Boomerang"],"player_choice":"Became Test Subject","damage_taken":0,"max_hp_gain":0,"max_hp_loss":0,"event_name":"Drug Dealer","floor":24,"gold_loss":0,"cards_obtained":["Inflame","Corruption"]}],"is_beta":false,"boss_relics":[{"not_picked":["Calling Bell","Runic Dome"],"picked":"Busted Crown"}],"items_purged_floors":[10,19,27],"is_endless":false,"potions_floor_spawned":[7,12,20,25,30,31],"killed_by":"Automaton","ascension_level":2}