{"gold_per_floor":[117,42,7,7,22,22,34,34,83,83,83,101,101,119,119,216,216,232,232,258,270,290,290],"floor_reached":23,"playtime":647,"items_purged":["Strike_R"],"score":233,"play_id":"4e3f1240-5906-4e89-9539-6e84026b85a4","local_time":"20190414015324","is_ascension_mode":true,"campfire_choices":[{"data":"Sword Boomerang","floor":6,"key":"SMITH"},{"data":"Inflame","floor":8,"key":"SMITH"},{"data":"Iron Wave","floor":10,"key":"SMITH"},{"data":"Armaments","floor":13,"key":"SMITH"},{"data":"Bash","floor":15,"key":"SMITH"}],"neow_cost":"NONE","seed_source_timestamp":1841819154160200,"circlet_count":0,"master_deck":["Strike_R","Strike_R","Strike_R","Strike_R","Defend_R","Defend_R","Defend_R","Defend_R","Bash+1","Inflame+1","Sword Boomerang+1","Iron Wave+1","Armaments+1","Berserk","Shrug It Off+1","Shrug It Off","Sword Boomerang"],"relics":["Burning Blood","Strawberry","Cursed Key","Red Mask"],"potions_floor_usage":[20,20,23],"damage_taken":[{"damage":11,"enemies":"Cultist","floor":1,"turns":4},{"damage":7,"enemies":"2 Louse","floor":5,"turns":4},{"damage":9,"enemies":"Jaw Worm","floor":7,"turns":3},{"damage":9,"enemies":"3 Louse","floor":12,"turns":3},{"damage":0,"enemies":"Large Slime","floor":14,"turns":4},{"damage":67,"enemies":"Slime Boss","floor":16,"turns":12},{"damage":20,"enemies":"Shell Parasite","floor":18,"turns":4},{"damage":18,"enemies":"Masked Bandits","floor":20,"turns":4},{"damage":17,"enemies":"3 Byrds","floor":21,"turns":6},{"damage":19,"enemies":"Cultist and Chosen","floor":22,"turns":6},{"damage":34,"enemies":"Gremlin Leader","floor":23,"turns":5}],"seed_played":"3693645036425116032","potions_obtained":[{"floor":16,"key":"Strength Potion"},{"floor":18,"key":"Fire Potion"},{"floor":22,"key":"SteroidPotion"}],"is_trial":false,"path_per_floor":["M","$","?","?","M","R","M","R","T","R","?","M","R","M","R","B",null,"M","?","?","M","M","E"],"character_chosen":"IRONCLAD","items_purchased":[],"campfire_rested":0,"item_purchase_floors":[],"current_hp_per_floor":[83,83,88,88,87,87,84,84,91,91,96,93,93,99,99,38,100,86,66,54,43,30,0],"gold":290,"neow_bonus":"TEN_PERCENT_HP_BONUS","is_prod":false,"is_daily":false,"chose_seed":false,"campfire_upgraded":5,"win_rate":0,"timestamp":1555196004,"path_taken":["M","?","?","?","?","R","M","R","T","R","?","M","R","M","R","BOSS","M","?","?","M","M","E"],"build_version":"2019-01-23","purchased_purges":1,"victory":false,"max_hp_per_floor":[88,88,88,88,88,88,88,88,95,95,100,100,100,100,100,100,100,100,105,105,105,105,105],"card_choices":[{"not_picked":["Heavy Blade","Metallicize"],"picked":"Inflame","floor":1},{"not_picked":["Combust","Rampage"],"picked":"Sword Boomerang","floor":5},{"not_picked":["Sentinel","True Grit"],"picked":"Iron Wave","floor":7},{"not_picked":["Carnage","Combust"],"picked":"Armaments","floor":12},{"not_picked":["Heavy Blade","Clothesline","Fiend Fire"],"picked":"SKIP","floor":14},{"not_picked":["Exhume","Juggernaut"],"picked":"Berserk","floor":16},{"not_picked":["Perfected Strike+1","Twin Strike"],"picked":"Shrug It Off+1","floor":18},{"not_picked":["Anger+1","Fire Breathing"],"picked":"Shrug It Off","floor":20},{"not_picked":["Anger","True Grit"],"picked":"Sword Boomerang","floor":21},{"not_picked":["Perfected Strike+1","Clash","Headbutt"],"picked":"SKIP","floor":22}],"player_experience":284861,"relics_obtained":[{"floor":9,"key":"Strawberry"},{"floor":20,"key":"Red Mask"}],"event_choices":[{"damage_healed":22,"gold_gain":0,"player_choice":"Healed","damage_taken":0,"max_hp_gain":0,"max_hp_loss":0,"event_name":"The Cleric","floor":3,"gold_loss":35},{"damage_healed":0,"gold_gain":0,"player_choice":"Full Heal","damage_taken":0,"max_hp_gain":0,"max_hp_loss":0,"event_name":"Wheel of Change","floor":4,"gold_loss":0},{"damage_healed":0,"gold_gain":0,"player_choice":"Donut","damage_taken":0,"max_hp_gain":5,"max_hp_loss":0,"event_name":"Big Fish","floor":11,"gold_loss":0},{"damage_healed":0,"gold_gain":0,"player_choice":"Shed Blood","damage_taken":25,"max_hp_gain":5,"max_hp_loss":0,"event_name":"Forgotten Altar","floor":19,"gold_loss":0},{"damage_healed":0,"gold_gain":0,"player_choice":"Fought Bandits","damage_taken":0,"max_hp_gain":0,"max_hp_loss":0,"event_name":"Masked Bandits","floor":20,"gold_loss":0}],"is_beta":false,"boss_relics":[{"not_picked":["Lizard Tail","Snecko Eye"],"picked":"Cursed Key"}],"items_purged_floors":[2],"is_endless":false,"potions_floor_spawned":[16,18,22],"killed_by":"Gremlin Leader","ascension_level":3}