{"gold_per_floor":[359,359,359,380,380,380,110,143,143,113,134,147,147,47,47,170,170,186,209,84,109,208,241,241,516,516,556,574,574,605,92,92,218,218,231,251,275,291,311,311,342,342,342,358,358],"floor_reached":45,"playtime":2250,"items_purged":["Regret","Injury","Strike_R","Regret"],"score":715,"play_id":"ba6c0e10-819a-4aad-a066-0b52cc22d95f","local_time":"20190419124230","is_ascension_mode":true,"campfire_choices":[{"data":"Infernal Blade","floor":6,"key":"SMITH"},{"floor":13,"key":"REST"},{"data":"Corruption","floor":15,"key":"SMITH"},{"data":"Juggernaut","floor":24,"key":"SMITH"},{"data":"Jack Of All Trades","floor":29,"key":"SMITH"},{"floor":32,"key":"REST"},{"data":"True Grit","floor":40,"key":"SMITH"}],"neow_cost":"CURSE","seed_source_timestamp":2311160124507900,"circlet_count":0,"master_deck":["Strike_R","Defend_R+1","Defend_R","Defend_R","Defend_R","Bash","Thunderclap","Jack Of All Trades+1","Armaments","Bash","Infernal Blade+1","Fiend Fire","Ghostly Armor","Corruption+1","Juggernaut+1","Battle Trance","Battle Trance","Shrug It Off","Reaper+1","Decay","True Grit+1","Armaments+1","Barricade+1","Cleave+1","Searing Blow+1","Clash+1","Exhume","Ghostly Armor"],"relics":["Burning Blood","Golden Idol","Lantern","HandDrill","Dead Branch","Darkstone Periapt","Cursed Key","Molten Egg 2","Singing Bowl","Frozen Egg 2","The Courier","Toolbox","Omamori","Dream Catcher","Astrolabe","War Paint","Shuriken"],"potions_floor_usage":[8,21,21,30,33,36,38,41],"damage_taken":[{"damage":2,"enemies":"Small Slimes","floor":1,"turns":3},{"damage":12,"enemies":"Jaw Worm","floor":4,"turns":2},{"damage":28,"enemies":"3 Sentries","floor":8,"turns":9},{"damage":10,"enemies":"Cultist","floor":11,"turns":4},{"damage":0,"enemies":"Looter","floor":12,"turns":1},{"damage":3,"enemies":"The Guardian","floor":16,"turns":6},{"damage":13,"enemies":"2 Thieves","floor":18,"turns":3},{"damage":11,"enemies":"Shell Parasite","floor":19,"turns":4},{"damage":19,"enemies":"Snake Plant","floor":21,"turns":3},{"damage":20,"enemies":"Slavers","floor":23,"turns":3},{"damage":56,"enemies":"Gremlin Leader","floor":27,"turns":5},{"damage":19,"enemies":"3 Cultists","floor":28,"turns":5},{"damage":36,"enemies":"Slavers","floor":30,"turns":5},{"damage":37,"enemies":"Champ","floor":33,"turns":7},{"damage":3,"enemies":"3 Shapes","floor":35,"turns":2},{"damage":14,"enemies":"3 Darklings","floor":36,"turns":4},{"damage":4,"enemies":"Writhing Mass","floor":37,"turns":3},{"damage":0,"enemies":"Jaw Worm Horde","floor":38,"turns":1},{"damage":24,"enemies":"3 Darklings","floor":39,"turns":6},{"damage":58,"enemies":"Reptomancer","floor":41,"turns":5},{"damage":55,"enemies":"Writhing Mass","floor":44,"turns":6},{"damage":33,"enemies":"2 Orb Walkers","floor":45,"turns":2}],"seed_played":"-572599225528397469","potions_obtained":[{"floor":4,"key":"PowerPotion"},{"floor":8,"key":"SteroidPotion"},{"floor":10,"key":"SpeedPotion"},{"floor":10,"key":"Swift Potion"},{"floor":19,"key":"PowerPotion"},{"floor":23,"key":"EssenceOfSteel"},{"floor":28,"key":"Poison Potion"},{"floor":33,"key":"Block Potion"},{"floor":37,"key":"AttackPotion"},{"floor":39,"key":"AttackPotion"},{"floor":44,"key":"FairyPotion"}],"is_trial":false,"path_per_floor":["M","?","?","M","?","R","$","E","T","?","M","M","R","$","R","B",null,"M","M","$","M","?","E","R","?","T","E","M","R","E","$","R","B",null,"M","M","M","M","M","R","E","?","T","M","?"],"character_chosen":"IRONCLAD","items_purchased":["HandDrill","Toolbox","Omamori","Dream Catcher"],"campfire_rested":2,"item_purchase_floors":[7,31,31,31],"current_hp_per_floor":[80,80,80,74,67,67,67,45,45,45,41,47,71,71,71,74,80,73,68,68,55,55,41,41,47,53,31,33,33,12,12,42,11,96,98,100,102,104,88,88,36,63,63,14,0],"gold":358,"neow_bonus":"TWO_FIFTY_GOLD","is_prod":false,"is_daily":false,"chose_seed":false,"campfire_upgraded":5,"win_rate":0,"timestamp":1555666950,"path_taken":["M","?","?","?","?","R","$","E","T","?","M","M","R","$","R","BOSS","M","M","$","?","?","E","R","?","T","E","M","R","E","$","R","BOSS","M","M","M","?","M","R","E","?","T","M","?"],"build_version":"2019-01-23","purchased_purges":4,"victory":false,"max_hp_per_floor":[80,80,80,80,80,80,80,80,80,80,80,80,80,80,80,80,80,80,80,80,80,80,80,80,86,92,94,94,94,94,94,96,96,96,98,100,102,104,106,106,106,106,106,106,106],"card_choices":[{"not_picked":["True Grit","Evolve"],"picked":"Thunderclap","floor":1},{"not_picked":["Body Slam","Iron Wave"],"picked":"Infernal Blade","floor":4},{"not_picked":["True Grit","Immolate"],"picked":"Fiend Fire","floor":8},{"not_picked":["Shrug It Off","Headbutt"],"picked":"Ghostly Armor","floor":11},{"not_picked":["Second Wind","Ghostly Armor"],"picked":"Corruption","floor":12},{"not_picked":["Double Tap","Demon Form"],"picked":"Juggernaut","floor":16},{"not_picked":["Shrug It Off","Sword Boomerang"],"picked":"Battle Trance","floor":18},{"not_picked":["Warcry","Sword Boomerang+1"],"picked":"Battle Trance","floor":19},{"not_picked":["Pommel Strike+1","Berserk"],"picked":"Shrug It Off","floor":21},{"not_picked":["Perfected Strike+1","Cleave"],"picked":"Reaper","floor":23},{"not_picked":["Anger+1","Entrench","Sword Boomerang+1"],"picked":"Singing Bowl","floor":27},{"not_picked":["Combust+1","Pommel Strike+1"],"picked":"True Grit","floor":28},{"not_picked":["Wild Strike+1","Anger+1"],"picked":"Armaments","floor":30},{"not_picked":["Rampage+1","Iron Wave+1","Thunderclap+1"],"picked":"Singing Bowl","floor":32},{"not_picked":["Berserk+1","Dark Embrace+1"],"picked":"Barricade+1","floor":33},{"not_picked":["Warcry+1","Thunderclap+1","Anger+1"],"picked":"Singing Bowl","floor":35},{"not_picked":["Iron Wave+1","Bloodletting+1","True Grit+1"],"picked":"Singing Bowl","floor":36},{"not_picked":["Shockwave+1","Cleave+1","Havoc"],"picked":"Singing Bowl","floor":37},{"not_picked":["Clash+1","Reaper+1","Dropkick+1"],"picked":"Singing Bowl","floor":38},{"not_picked":["Armaments","Clash+1","Pummel+1"],"picked":"Singing Bowl","floor":39},{"not_picked":["Cleave+1","Dual Wield+1"],"picked":"Exhume","floor":41},{"not_picked":["Thunderclap+1","Fire Breathing+1"],"picked":"Ghostly Armor","floor":44}],"player_experience":318715,"relics_obtained":[{"floor":8,"key":"Dead Branch"},{"floor":9,"key":"Darkstone Periapt"},{"floor":23,"key":"Molten Egg 2"},{"floor":26,"key":"Singing Bowl"},{"floor":27,"key":"Frozen Egg 2"},{"floor":30,"key":"The Courier"},{"floor":41,"key":"War Paint"},{"floor":43,"key":"Shuriken"}],"event_choices":[{"damage_healed":0,"gold_gain":0,"player_choice":"Take Wound","damage_taken":0,"relics_obtained":["Golden Idol"],"max_hp_gain":0,"max_hp_loss":0,"event_name":"Golden Idol","floor":2,"gold_loss":0,"cards_obtained":["Injury"]},{"damage_healed":0,"gold_gain":0,"player_choice":"3 cards matched","damage_taken":0,"max_hp_gain":0,"max_hp_loss":0,"event_name":"Match and Keep!","floor":3,"gold_loss":0,"cards_obtained":["Jack Of All Trades","Armaments","Bash"]},{"damage_healed":0,"gold_gain":0,"player_choice":"Success","damage_taken":7,"relics_obtained":["Lantern"],"max_hp_gain":0,"max_hp_loss":0,"event_name":"Scrap Ooze","floor":5,"gold_loss":0},{"damage_healed":0,"gold_gain":0,"player_choice":"Bought 2 Potions","damage_taken":0,"max_hp_gain":0,"max_hp_loss":0,"event_name":"The Woman in Blue","floor":10,"gold_loss":0},{"damage_healed":0,"gold_gain":99,"player_choice":"Stole From Cult","damage_taken":0,"max_hp_gain":0,"max_hp_loss":0,"event_name":"Nest","floor":22,"gold_loss":0},{"damage_healed":0,"gold_gain":275,"player_choice":"Desecrate","damage_taken":0,"max_hp_gain":0,"max_hp_loss":0,"event_name":"Golden Shrine","floor":25,"gold_loss":0,"cards_obtained":["Regret"]},{"damage_healed":27,"gold_gain":0,"player_choice":"Writhe","damage_taken":0,"max_hp_gain":0,"max_hp_loss":0,"event_name":"Winding Halls","floor":42,"gold_loss":0,"cards_obtained":["Writhe"]},{"damage_healed":0,"gold_gain":0,"player_choice":"Fight","damage_taken":0,"max_hp_gain":0,"max_hp_loss":0,"event_name":"Mysterious Sphere","floor":45,"gold_loss":0}],"is_beta":false,"boss_relics":[{"not_picked":["Lizard Tail","Tiny House"],"picked":"Cursed Key"},{"not_picked":["Velvet Choker","Snecko Eye"],"picked":"Astrolabe"}],"items_purged_floors":[7,14,20,31],"is_endless":false,"potions_floor_spawned":[4,8,19,23,28,33,37,39,44],"killed_by":"2 Orb Walkers","ascension_level":3}