{"gold_per_floor":[363,363,363,378,0,34,51,51,74,74,107,131,131,158,158,259,259,270,290,48,48,60,60,76,76,76,94,94,44,76,110,110,213,213,223,74,91,313,1312,1330,271,289,289,289,301,330,348,383,383,383,383,383,32,67,67],"floor_reached":56,"playtime":2401,"items_purged":["Strike_R","Strike_R","Strike_R+1"],"score":1468,"play_id":"25ee9cd3-db05-480f-91d2-a71d12b80843","local_time":"20190716164738","is_ascension_mode":false,"campfire_choices":[{"data":"Armaments","floor":8,"key":"SMITH"},{"data":"Uppercut","floor":10,"key":"SMITH"},{"data":"Bludgeon","floor":15,"key":"SMITH"},{"data":"Barricade","floor":23,"key":"SMITH"},{"data":"Feed","floor":25,"key":"SMITH"},{"data":"Body Slam","floor":32,"key":"SMITH"},{"data":"Demon Form","floor":44,"key":"SMITH"},{"floor":49,"key":"RECALL"},{"data":"Limit Break","floor":52,"key":"SMITH"}],"neow_cost":"CURSE","seed_source_timestamp":510353323898447,"circlet_count":0,"master_deck":["Strike_R+1","Strike_R+1","Defend_R+1","Defend_R+1","Defend_R+1","Defend_R+1","Bash","Uppercut+1","Iron Wave","Bludgeon+1","Armaments+1","Anger","Barricade+1","Shockwave","Cleave+1","Feed+1","Pommel Strike+1","Entrench+1","Body Slam+1","Brutality","Metallicize","Dropkick+1","Rupture","Impervious","Master of Strategy","Feel No Pain","Demon Form+1","Rage+1","Limit Break+1","Iron Wave+1","Entrench+1","Shrug It Off","Heavy Blade","Headbutt+1"],"relics":["Burning Blood","Pen Nib","Regal Pillow","Orichalcum","PreservedInsect","Shuriken","Omamori","Philosopher\u0027s Stone","FaceOfCleric","Bottled Tornado","Red Mask","Bag of Preparation","Snecko Eye","Vajra","Whetstone","Lee\u0027s Waffle","Mummified Hand","Prayer Wheel","Anchor","FossilizedHelix","Centennial Puzzle"],"potions_floor_usage":[6,18,18,30,31,55,55],"damage_taken":[{"damage":5,"enemies":"2 Louse","floor":1,"turns":2},{"damage":1,"enemies":"Jaw Worm","floor":4,"turns":3},{"damage":13,"enemies":"Gremlin Nob","floor":6,"turns":4},{"damage":0,"enemies":"Cultist","floor":7,"turns":2},{"damage":20,"enemies":"Lagavulin","floor":11,"turns":4},{"damage":8,"enemies":"3 Sentries","floor":14,"turns":6},{"damage":0,"enemies":"Slime Boss","floor":16,"turns":3},{"damage":16,"enemies":"3 Byrds","floor":18,"turns":5},{"damage":5,"enemies":"2 Thieves","floor":19,"turns":3},{"damage":28,"enemies":"Snake Plant","floor":22,"turns":6},{"damage":13,"enemies":"Chosen and Byrds","floor":24,"turns":7},{"damage":8,"enemies":"Snecko","floor":27,"turns":5},{"damage":5,"enemies":"Masked Bandits","floor":30,"turns":3},{"damage":7,"enemies":"Book of Stabbing","floor":31,"turns":4},{"damage":14,"enemies":"Champ","floor":33,"turns":12},{"damage":7,"enemies":"3 Darklings","floor":35,"turns":4},{"damage":1,"enemies":"3 Shapes","floor":37,"turns":3},{"damage":2,"enemies":"Transient","floor":40,"turns":5},{"damage":0,"enemies":"Maw","floor":42,"turns":4},{"damage":65,"enemies":"4 Shapes","floor":45,"turns":6},{"damage":2,"enemies":"Reptomancer","floor":46,"turns":3},{"damage":0,"enemies":"Transient","floor":47,"turns":5},{"damage":1,"enemies":"Giant Head","floor":48,"turns":4},{"damage":23,"enemies":"Time Eater","floor":50,"turns":11},{"damage":0,"enemies":"Shield and Spear","floor":54,"turns":4},{"damage":25,"enemies":"The Heart","floor":55,"turns":10}],"seed_played":"-7055982198967901878","potions_obtained":[{"floor":4,"key":"Energy Potion"},{"floor":7,"key":"Weak Potion"},{"floor":16,"key":"SteroidPotion"},{"floor":22,"key":"LiquidBronze"},{"floor":24,"key":"SpeedPotion"},{"floor":31,"key":"FearPotion"},{"floor":37,"key":"Dexterity Potion"},{"floor":42,"key":"PowerPotion"}],"is_trial":false,"path_per_floor":["M","?","?","M","$","E","M","R","T","R","E","T","?","E","R","B",null,"M","M","$","?","M","R","M","R","T","M","?","$","?","E","R","B",null,"M","$","M","?","?","M","$","M","T","R","M","E","M","E","R","B",null,"R","$","E","B",null],"character_chosen":"IRONCLAD","items_purchased":["Bludgeon","Pen Nib","Feed","Swift Potion","Dropkick","Rupture","Vajra","Impervious","Master of Strategy","Whetstone","Feel No Pain","Fire Potion","Lee\u0027s Waffle","FossilizedHelix","Heavy Blade"],"campfire_rested":0,"item_purchase_floors":[5,5,20,29,36,36,41,41,41,41,41,41,41,53,53],"current_hp_per_floor":[80,80,80,80,80,73,79,79,79,79,65,65,58,56,56,62,80,70,71,71,71,53,53,51,51,51,50,50,50,52,56,56,53,101,105,105,111,111,111,112,119,120,120,120,66,75,82,92,92,80,141,141,141,146,128],"gold":67,"neow_bonus":"TWO_FIFTY_GOLD","is_prod":false,"is_daily":false,"chose_seed":false,"campfire_upgraded":8,"win_rate":0,"timestamp":1563292058,"path_taken":["M","?","?","M","$","E","?","R","T","R","E","?","?","E","R","BOSS","M","M","$","?","M","R","?","R","T","M","?","$","?","E","R","BOSS","M","$","M","?","?","M","$","M","T","R","M","E","?","E","R","BOSS","R","$","E","BOSS"],"build_version":"2019-07-05","purchased_purges":3,"victory":true,"max_hp_per_floor":[80,80,80,80,80,80,80,80,80,80,80,80,80,80,80,80,80,80,80,80,80,84,84,89,89,89,90,90,90,91,96,96,101,101,106,106,111,111,111,112,119,120,120,120,125,130,131,136,136,141,141,141,141,146,147],"card_choices":[{"not_picked":["Havoc","Flex"],"picked":"Uppercut","floor":1},{"not_picked":["Feel No Pain","Sword Boomerang"],"picked":"Iron Wave","floor":4},{"not_picked":["Power Through","Havoc"],"picked":"Armaments","floor":6},{"not_picked":["Havoc","Second Wind"],"picked":"Anger","floor":7},{"not_picked":["Heavy Blade","Anger","Armaments"],"picked":"SKIP","floor":11},{"not_picked":["Wild Strike","Fire Breathing","Flex"],"picked":"SKIP","floor":14},{"not_picked":["Juggernaut","Limit Break"],"picked":"Barricade","floor":16},{"not_picked":["Flex","Blood for Blood"],"picked":"Shockwave","floor":18},{"not_picked":["Shrug It Off","Flex"],"picked":"Cleave","floor":19},{"not_picked":["Ghostly Armor","Headbutt+1"],"picked":"Pommel Strike+1","floor":22},{"not_picked":["Clash","Power Through","Armaments"],"picked":"SKIP","floor":24},{"not_picked":["Reckless Charge","Fire Breathing","Headbutt"],"picked":"SKIP","floor":27},{"not_picked":["Armaments","Disarm+1"],"picked":"Entrench+1","floor":30},{"not_picked":["Clash","Brutality"],"picked":"Body Slam","floor":31},{"not_picked":["Limit Break","Fiend Fire"],"picked":"Brutality","floor":33},{"not_picked":["Shrug It Off","Body Slam+1"],"picked":"Metallicize","floor":35},{"not_picked":["Infernal Blade+1","Clash+1","Cleave+1"],"picked":"SKIP","floor":37},{"not_picked":["Cleave","Wild Strike","Headbutt+1"],"picked":"SKIP","floor":40},{"not_picked":["Thunderclap","Rupture+1"],"picked":"Demon Form","floor":42},{"not_picked":["Iron Wave+1","Wild Strike"],"picked":"Rage+1","floor":45},{"not_picked":["Cleave","Pummel"],"picked":"Limit Break","floor":46},{"not_picked":["Body Slam+1","Evolve"],"picked":"Iron Wave+1","floor":47},{"not_picked":["Havoc","Iron Wave"],"picked":"Entrench+1","floor":47},{"not_picked":["Uppercut","Clothesline"],"picked":"Shrug It Off","floor":48},{"not_picked":["Hemokinesis","Flex"],"picked":"Headbutt+1","floor":54}],"player_experience":1698533,"relics_obtained":[{"floor":6,"key":"Regal Pillow"},{"floor":9,"key":"Orichalcum"},{"floor":11,"key":"PreservedInsect"},{"floor":14,"key":"Omamori"},{"floor":26,"key":"Bottled Tornado"},{"floor":30,"key":"Red Mask"},{"floor":31,"key":"Bag of Preparation"},{"floor":43,"key":"Mummified Hand"},{"floor":46,"key":"Prayer Wheel"},{"floor":48,"key":"Anchor"},{"floor":54,"key":"Centennial Puzzle"}],"event_choices":[{"damage_healed":0,"gold_gain":0,"player_choice":"Ignored","damage_taken":0,"max_hp_gain":0,"max_hp_loss":0,"event_name":"Liars Game","floor":2,"gold_loss":0},{"cards_removed":["Normality"],"damage_healed":0,"gold_gain":0,"player_choice":"Forget","damage_taken":0,"max_hp_gain":0,"max_hp_loss":0,"event_name":"Living Wall","floor":3,"gold_loss":0},{"damage_healed":0,"gold_gain":0,"player_choice":"Success","damage_taken":7,"relics_obtained":["Shuriken"],"max_hp_gain":0,"max_hp_loss":0,"event_name":"Scrap Ooze","floor":13,"gold_loss":0},{"damage_healed":0,"gold_gain":0,"player_choice":"Trade","damage_taken":0,"relics_obtained":["FaceOfCleric"],"max_hp_gain":0,"max_hp_loss":0,"event_name":"FaceTrader","floor":21,"gold_loss":0},{"damage_healed":0,"gold_gain":0,"player_choice":"Simplicity","damage_taken":0,"max_hp_gain":0,"max_hp_loss":0,"event_name":"Back to Basics","floor":28,"gold_loss":0,"cards_upgraded":["Strike_R","Strike_R","Strike_R","Defend_R","Defend_R","Defend_R","Defend_R"]},{"damage_healed":0,"gold_gain":0,"player_choice":"Fought Bandits","damage_taken":0,"max_hp_gain":0,"max_hp_loss":0,"event_name":"Masked Bandits","floor":30,"gold_loss":0},{"damage_healed":0,"gold_gain":222,"player_choice":"Wore Mask","damage_taken":0,"max_hp_gain":0,"max_hp_loss":0,"event_name":"Tomb of Lord Red Mask","floor":38,"gold_loss":0},{"damage_healed":0,"gold_gain":999,"player_choice":"Gold","damage_taken":0,"max_hp_gain":0,"max_hp_loss":0,"event_name":"MindBloom","floor":39,"gold_loss":0,"cards_obtained":["Normality","Normality"]}],"is_beta":false,"boss_relics":[{"not_picked":["Pandora\u0027s Box","Black Blood"],"picked":"Philosopher\u0027s Stone"},{"not_picked":["Coffee Dripper","Black Star"],"picked":"Snecko Eye"}],"items_purged_floors":[5,20,41],"is_endless":false,"potions_floor_spawned":[4,7,16,22,24,31,37,42,48,54],"ascension_level":0}