{"gold_per_floor":[117,134,146,146,156,156,156,183,258,134,149,165,20,36,36,138,138,158,171,46,46,46,71,89,99,126,126],"floor_reached":27,"playtime":1757,"items_purged":["Doubt","Strike_R","Strike_R"],"score":237,"play_id":"6a65a6fc-f69d-4f03-bec4-fe32caf6698e","local_time":"20180714173422","is_ascension_mode":false,"campfire_choices":[{"data":"Flex","floor":6,"key":"SMITH"},{"data":"Infernal Blade","floor":15,"key":"SMITH"}],"neow_cost":"","seed_source_timestamp":9171197970432,"circlet_count":0,"master_deck":["Strike_R","Strike_R","Strike_R","Defend_R","Defend_R","Defend_R","Defend_R","Bash","Pommel Strike","Flex+1","Infernal Blade+1","Sever Soul","True Grit","Metallicize","Iron Wave","Combust","Twin Strike","Pommel Strike","Double Tap","Ghostly Armor","Sword Boomerang","Clash","Clash","Twin Strike+1"],"relics":["Burning Blood","Shuriken","Bird Faced Urn","Pantograph","Philosopher\u0027s Stone","Peace Pipe","Strawberry"],"potions_floor_usage":[16,16,23,27,27],"damage_taken":[{"damage":6,"enemies":"Cultist","floor":1,"turns":3},{"damage":15,"enemies":"Jaw Worm","floor":2,"turns":4},{"damage":7,"enemies":"2 Louse","floor":3,"turns":2},{"damage":4,"enemies":"Blue Slaver","floor":5,"turns":3},{"damage":39,"enemies":"Gremlin Nob","floor":8,"turns":5},{"damage":5,"enemies":"Gremlin Gang","floor":11,"turns":5},{"damage":2,"enemies":"Looter","floor":12,"turns":3},{"damage":5,"enemies":"Red Slaver","floor":14,"turns":2},{"damage":73,"enemies":"The Guardian","floor":16,"turns":10},{"damage":20,"enemies":"2 Thieves","floor":18,"turns":2},{"damage":18,"enemies":"Spheric Guardian","floor":19,"turns":5},{"damage":40,"enemies":"Gremlin Leader","floor":23,"turns":8},{"damage":14,"enemies":"Snecko","floor":24,"turns":4},{"damage":5,"enemies":"Centurion and Healer","floor":25,"turns":6},{"damage":29,"enemies":"Slavers","floor":27,"turns":3}],"seed_played":"-208026365852924626","potions_obtained":[{"floor":3,"key":"Ancient Potion"},{"floor":5,"key":"Explosive Potion"},{"floor":8,"key":"Block Potion"},{"floor":18,"key":"SteroidPotion"},{"floor":19,"key":"Explosive Potion"},{"floor":24,"key":"LiquidBronze"}],"is_trial":false,"path_per_floor":["M","M","M","?","M","R","T","E","T","$","M","M","$","M","R","B",null,"M","M","$","?","?","E","M","M","T"],"character_chosen":"IRONCLAD","items_purchased":["Iron Wave","Pommel Strike"],"campfire_rested":0,"item_purchase_floors":[10,13],"current_hp_per_floor":[80,71,70,70,75,75,75,42,42,42,45,49,49,52,52,12,83,69,59,59,59,51,21,17,20,27,0],"gold":126,"neow_bonus":"","is_prod":false,"is_daily":false,"chose_seed":false,"campfire_upgraded":2,"win_rate":0.0,"timestamp":1531578862,"path_taken":["M","M","?","?","M","R","?","E","T","?","M","M","$","M","R","BOSS","M","M","$","?","?","E","M","M","T","E"],"build_version":"2018-07-12","purchased_purges":3,"victory":false,"max_hp_per_floor":[80,80,80,80,83,83,83,83,83,83,83,83,83,83,83,83,83,83,83,83,83,83,83,83,83,90,90],"card_choices":[{"not_picked":["Warcry","Carnage"],"picked":"Pommel Strike","floor":1},{"not_picked":["Bloodletting","Body Slam"],"picked":"Flex","floor":2},{"not_picked":["Clothesline","Shockwave"],"picked":"Infernal Blade","floor":3},{"not_picked":["Warcry","Perfected Strike"],"picked":"True Grit","floor":5},{"not_picked":["Dropkick","Flame Barrier"],"picked":"Metallicize","floor":8},{"not_picked":["Hemokinesis","Pummel"],"picked":"Combust","floor":11},{"not_picked":["Battle Trance","Cleave"],"picked":"Twin Strike","floor":12},{"not_picked":["Cleave","Whirlwind","Seeing Red"],"picked":"SKIP","floor":14},{"not_picked":["Brutality","Bludgeon"],"picked":"Double Tap","floor":16},{"not_picked":["Twin Strike","Armaments"],"picked":"Ghostly Armor","floor":18},{"not_picked":["Uppercut","Bloodletting"],"picked":"Sword Boomerang","floor":19},{"not_picked":["Body Slam","Rupture"],"picked":"Clash","floor":23},{"not_picked":["Dual Wield","Cleave"],"picked":"Clash","floor":24},{"not_picked":["Dual Wield","Clothesline"],"picked":"Twin Strike+1","floor":25}],"player_experience":0,"relics_obtained":[{"floor":7,"key":"Shuriken"},{"floor":8,"key":"Bird Faced Urn"},{"floor":9,"key":"Pantograph"},{"floor":23,"key":"Peace Pipe"},{"floor":26,"key":"Strawberry"}],"event_choices":[{"event_name":"Match and Keep!","player_choice":"2 cards matched","floor":4,"damage_taken":0},{"event_name":"Match and Keep!","player_choice":"2 cards matched","floor":4,"damage_taken":0},{"event_name":"Addict","player_choice":"Ignored","floor":21,"damage_taken":0},{"event_name":"Wheel of Change","player_choice":"Damage","floor":22,"damage_taken":0}],"boss_relics":[{"not_picked":["Snecko Eye","Eternal Feather"],"picked":"Philosopher\u0027s Stone"}],"items_purged_floors":[10,13,20],"is_endless":false,"potions_floor_spawned":[3,5,8,18,19,24],"killed_by":"Slavers","ascension_level":0}