{"gold_per_floor":[110,110,125,144,160,160,187,187,187,187,246,246,246,269,269,370,370,383,187,199,114,14,14,14,40,40,40,53,53,53,68,68,164,164,177,137,151,168,168,168,198,198,198,198,223,122,122,122,122,122],"floor_reached":51,"playtime":2289,"items_purged":["Strike_B","Strike_B"],"score":1129,"play_id":"4f60ab4d-ca9c-47c2-8157-f8469d2618f3","local_time":"20190616162908","is_ascension_mode":true,"campfire_choices":[{"data":"Zap","floor":6,"key":"SMITH"},{"data":"Sweeping Beam","floor":8,"key":"SMITH"},{"data":"1","floor":10,"key":"LIFT"},{"floor":13,"key":"REST"},{"data":"2","floor":15,"key":"LIFT"},{"data":"3","floor":23,"key":"LIFT"},{"data":"Defragment","floor":29,"key":"SMITH"},{"data":"Coolheaded","floor":32,"key":"SMITH"},{"data":"Echo Form","floor":40,"key":"SMITH"},{"data":"Seek","floor":44,"key":"SMITH"},{"data":"Undo","floor":47,"key":"SMITH"},{"floor":49,"key":"RECALL"}],"neow_cost":"NONE","seed_source_timestamp":82805109920114,"circlet_count":0,"master_deck":["AscendersBane","Defend_B+1","Defend_B+1","Defend_B+1","Defend_B+1","Zap+1","Dualcast+1","Sweeping Beam+1","Rebound+1","Undo+1","Self Repair+1","Beam Cell+1","Rip and Tear+1","Echo Form+1","Ball Lightning+1","Defragment+1","Cold Snap+1","Self Repair+1","Coolheaded+1","Compile Driver+1","Compile Driver+1","Seek+1","Master of Strategy+1","Flash of Steel+1","Blind+1"],"relics":["Cracked Core","Gambling Chip","Girya","Dead Branch","Whetstone","Coffee Dripper","Art of War","Bronze Scales","Pear","Cursed Key","Potion Belt","Bottled Lightning","Mark of the Bloom"],"potions_floor_usage":[11,16,16,25,33,39,39,50,50,50],"damage_taken":[{"damage":1,"enemies":"Cultist","floor":1,"turns":4},{"damage":13,"enemies":"Jaw Worm","floor":3,"turns":4},{"damage":7,"enemies":"Small Slimes","floor":4,"turns":4},{"damage":6,"enemies":"Looter","floor":5,"turns":3},{"damage":26,"enemies":"Gremlin Nob","floor":7,"turns":5},{"damage":8,"enemies":"Lagavulin Event","floor":11,"turns":5},{"damage":0,"enemies":"Slime Boss","floor":16,"turns":4},{"damage":14,"enemies":"Shell Parasite","floor":18,"turns":4},{"damage":32,"enemies":"3 Byrds","floor":20,"turns":4},{"damage":39,"enemies":"Book of Stabbing","floor":25,"turns":5},{"damage":6,"enemies":"Centurion and Healer","floor":28,"turns":2},{"damage":0,"enemies":"Snecko","floor":31,"turns":3},{"damage":16,"enemies":"Champ","floor":33,"turns":9},{"damage":7,"enemies":"Orb Walker","floor":35,"turns":3},{"damage":25,"enemies":"3 Shapes","floor":37,"turns":4},{"damage":23,"enemies":"Jaw Worm Horde","floor":38,"turns":4},{"damage":0,"enemies":"Writhing Mass","floor":39,"turns":2},{"damage":3,"enemies":"Reptomancer","floor":41,"turns":5},{"damage":27,"enemies":"Nemesis","floor":45,"turns":6},{"damage":21,"enemies":"Donu and Deca","floor":50,"turns":8}],"seed_played":"3344092731886387671","potions_obtained":[{"floor":3,"key":"Explosive Potion"},{"floor":7,"key":"Block Potion"},{"floor":11,"key":"Explosive Potion"},{"floor":20,"key":"LiquidBronze"},{"floor":31,"key":"FocusPotion"},{"floor":33,"key":"FearPotion"},{"floor":36,"key":"Swift Potion"},{"floor":36,"key":"SmokeBomb"},{"floor":41,"key":"LiquidBronze"}],"is_trial":false,"path_per_floor":["M","?","M","M","M","R","E","R","T","R","?","?","R","T","R","B",null,"M","$","M","?","$","R","$","E","T","?","M","R","?","M","R","B",null,"M","?","M","M","M","R","E","?","T","R","E","$","R","?","R","B",null],"character_chosen":"DEFECT","items_purchased":["Defragment","Cold Snap","Strength Potion","Energy Potion"],"campfire_rested":1,"item_purchase_floors":[19,19,46,46],"current_hp_per_floor":[67,72,59,52,46,46,27,27,27,27,26,11,33,33,33,33,65,58,58,40,40,40,40,40,22,32,60,61,61,61,61,61,59,79,85,85,85,69,69,69,85,75,75,75,76,76,76,76,76,55],"gold":122,"neow_bonus":"TRANSFORM_CARD","is_prod":false,"is_daily":false,"chose_seed":false,"campfire_upgraded":7,"win_rate":0,"timestamp":1560698948,"path_taken":["M","?","M","?","M","R","E","R","T","R","?","?","R","?","R","BOSS","M","$","M","?","$","R","$","E","T","?","M","R","?","M","R","BOSS","M","?","?","M","M","R","E","?","T","R","E","$","R","?","R","BOSS"],"build_version":"2019-01-23","purchased_purges":2,"victory":true,"max_hp_per_floor":[75,75,75,75,75,75,75,75,75,75,75,75,75,75,75,75,75,75,75,75,75,75,75,75,75,85,85,85,85,85,85,85,85,85,85,85,85,85,85,85,85,85,85,85,85,85,85,85,85,85],"card_choices":[{"not_picked":["Go for the Eyes","Hello World"],"picked":"Sweeping Beam","floor":1},{"not_picked":["Redo","Sunder"],"picked":"Rebound","floor":3},{"not_picked":["Sweeping Beam","Steam Power"],"picked":"Undo","floor":4},{"not_picked":["Go for the Eyes","Lockon"],"picked":"Self Repair","floor":5},{"not_picked":["Conserve Battery","All For One"],"picked":"Beam Cell","floor":7},{"not_picked":["Hologram","Scrape"],"picked":"Rip and Tear","floor":11},{"not_picked":["Machine Learning","Amplify"],"picked":"Echo Form","floor":16},{"not_picked":["Barrage","Heatsinks"],"picked":"Ball Lightning","floor":18},{"not_picked":["Streamline+1","Doom and Gloom"],"picked":"Self Repair","floor":20},{"not_picked":["Rainbow","Chaos","Ball Lightning+1"],"picked":"SKIP","floor":25},{"not_picked":["Rebound","Double Energy+1","Hologram"],"picked":"SKIP","floor":28},{"not_picked":["Rebound","Barrage+1"],"picked":"Coolheaded","floor":31},{"not_picked":["Static Discharge+1","Redo"],"picked":"Compile Driver+1","floor":35},{"not_picked":["Turbo+1","Genetic Algorithm+1"],"picked":"Compile Driver+1","floor":37},{"not_picked":["Consume+1","Go for the Eyes","Static Discharge"],"picked":"SKIP","floor":38},{"not_picked":["Hello World+1","Compile Driver+1"],"picked":"Seek","floor":41},{"not_picked":["Thinking Ahead","Sadistic Nature"],"picked":"Master of Strategy","floor":42},{"not_picked":["Bandage Up","Deep Breath"],"picked":"Flash of Steel","floor":42},{"not_picked":["Enlightenment","Deep Breath"],"picked":"Blind","floor":42},{"not_picked":["Rebound","Chill","Ball Lightning+1"],"picked":"SKIP","floor":45}],"player_experience":1615784,"relics_obtained":[{"floor":7,"key":"Gambling Chip"},{"floor":9,"key":"Girya"},{"floor":11,"key":"Dead Branch"},{"floor":14,"key":"Whetstone"},{"floor":25,"key":"Bronze Scales"},{"floor":26,"key":"Pear"},{"floor":41,"key":"Potion Belt"},{"floor":45,"key":"Bottled Lightning"}],"event_choices":[{"cards_removed":["Stack"],"damage_healed":5,"gold_gain":0,"player_choice":"Offered Common","damage_taken":0,"max_hp_gain":0,"max_hp_loss":0,"event_name":"Bonfire Elementals","floor":2,"gold_loss":0},{"cards_removed":["Stack"],"damage_healed":5,"gold_gain":0,"player_choice":"Offered Special","damage_taken":0,"max_hp_gain":0,"max_hp_loss":0,"event_name":"Bonfire Elementals","floor":2,"gold_loss":0},{"damage_healed":0,"gold_gain":30,"player_choice":"Searched \u00272\u0027 times","damage_taken":0,"max_hp_gain":0,"max_hp_loss":0,"event_name":"Dead Adventurer","floor":11,"gold_loss":0},{"damage_healed":0,"gold_gain":0,"player_choice":"Entered Light","damage_taken":15,"max_hp_gain":0,"max_hp_loss":0,"event_name":"Shining Light","floor":12,"gold_loss":0,"cards_upgraded":["Defend_B","Strike_B"]},{"damage_healed":0,"gold_gain":0,"player_choice":"Obtained Relic","damage_taken":0,"relics_obtained":["Art of War"],"max_hp_gain":0,"max_hp_loss":0,"event_name":"Addict","floor":21,"gold_loss":85},{"damage_healed":28,"gold_gain":0,"player_choice":"Heal","damage_taken":0,"max_hp_gain":0,"max_hp_loss":0,"event_name":"The Library","floor":27,"gold_loss":0},{"cards_removed":["Strike_B"],"damage_healed":0,"gold_gain":0,"player_choice":"Elegance","damage_taken":0,"max_hp_gain":0,"max_hp_loss":0,"event_name":"Back to Basics","floor":30,"gold_loss":0},{"damage_healed":0,"gold_gain":0,"player_choice":"Bought 3 Potions","damage_taken":0,"max_hp_gain":0,"max_hp_loss":0,"event_name":"The Woman in Blue","floor":36,"gold_loss":0},{"damage_healed":0,"gold_gain":0,"player_choice":"Memory 3","damage_taken":10,"max_hp_gain":0,"max_hp_loss":0,"event_name":"SensoryStone","floor":42,"gold_loss":0},{"damage_healed":0,"gold_gain":0,"player_choice":"Upgrade","damage_taken":0,"relics_obtained":["Mark of the Bloom"],"max_hp_gain":0,"max_hp_loss":0,"event_name":"MindBloom","floor":48,"gold_loss":0,"cards_upgraded":["Defend_B","Defend_B","Defend_B","Dualcast","Rebound","Self Repair","Ball Lightning","Cold Snap","Self Repair","Master of Strategy","Flash of Steel","Blind"]}],"is_beta":false,"boss_relics":[{"not_picked":["Snecko Eye","Runic Dome"],"picked":"Coffee Dripper"},{"not_picked":["Fusion Hammer","Black Star"],"picked":"Cursed Key"}],"items_purged_floors":[19,22],"is_endless":false,"potions_floor_spawned":[3,7,11,20,31,33,39,41],"ascension_level":10}