{"gold_per_floor":[117,42,42,56,0,0,16,29,29,29,39,39,49,106,106,202,202,221,221,238,138,153,153,180,180,229,229,293,293,293],"floor_reached":30,"playtime":698,"items_purged":["Defend_R","Regret"],"score":297,"play_id":"7cebe524-146c-4900-88f9-49b2e230edff","local_time":"20190419140819","is_ascension_mode":true,"campfire_choices":[{"data":"Perfected Strike","floor":6,"key":"SMITH"},{"floor":15,"key":"REST"},{"data":"Wild Strike","floor":23,"key":"SMITH"},{"floor":25,"key":"REST"},{"floor":27,"key":"REST"},{"data":"Armaments","floor":29,"key":"SMITH"}],"neow_cost":"NONE","seed_source_timestamp":2317861081544200,"circlet_count":0,"master_deck":["Strike_R","Strike_R+1","Strike_R","Strike_R","Strike_R","Defend_R","Defend_R","Defend_R","Bash","Perfected Strike+1","Shockwave","Parasite","Wild Strike+1","Wild Strike+1","Shockwave","Battle Trance","Flame Barrier","Infernal Blade+1","Armaments+1"],"relics":["Burning Blood","Ice Cream","Dodecahedron","Ginger","Mercury Hourglass","Mark of Pain","Regal Pillow","Whetstone","Tiny Chest"],"potions_floor_usage":[13,14,14,24,28],"damage_taken":[{"damage":19,"enemies":"Jaw Worm","floor":1,"turns":4},{"damage":13,"enemies":"Small Slimes","floor":4,"turns":3},{"damage":9,"enemies":"Cultist","floor":7,"turns":3},{"damage":40,"enemies":"Large Slime","floor":8,"turns":6},{"damage":14,"enemies":"2 Fungi Beasts","floor":11,"turns":3},{"damage":13,"enemies":"Lots of Slimes","floor":13,"turns":4},{"damage":15,"enemies":"Gremlin Nob","floor":14,"turns":3},{"damage":44,"enemies":"Slime Boss","floor":16,"turns":10},{"damage":14,"enemies":"2 Thieves","floor":18,"turns":4},{"damage":20,"enemies":"3 Byrds","floor":20,"turns":5},{"damage":10,"enemies":"3 Cultists","floor":22,"turns":4},{"damage":61,"enemies":"Gremlin Leader","floor":24,"turns":6},{"damage":37,"enemies":"Book of Stabbing","floor":28,"turns":4},{"damage":59,"enemies":"Gremlin Leader","floor":30,"turns":5}],"seed_played":"4694331544280433456","potions_obtained":[{"floor":7,"key":"Strength Potion"},{"floor":8,"key":"Block Potion"},{"floor":13,"key":"Poison Potion"},{"floor":22,"key":"PowerPotion"},{"floor":24,"key":"PowerPotion"}],"is_trial":false,"path_per_floor":["M","$","?","M","?","R","M","M","T","?","M","?","M","?","R","B",null,"M","?","M","$","M","R","E","R","T","R","E","R","E"],"character_chosen":"IRONCLAD","items_purchased":[],"campfire_rested":3,"item_purchase_floors":[],"current_hp_per_floor":[75,75,75,68,68,68,65,31,31,53,45,45,38,29,55,17,88,80,80,66,66,62,62,7,48,48,88,57,57,0],"gold":293,"neow_bonus":"TEN_PERCENT_HP_BONUS","is_prod":false,"is_daily":false,"chose_seed":false,"campfire_upgraded":3,"win_rate":0,"timestamp":1555672099,"path_taken":["M","$","?","M","?","R","?","M","T","?","M","?","?","?","R","BOSS","M","?","M","$","?","R","E","R","T","R","E","R","E"],"build_version":"2019-01-23","purchased_purges":2,"victory":false,"max_hp_per_floor":[88,88,88,88,88,88,88,88,88,88,88,88,88,88,88,88,88,88,88,88,88,88,88,88,88,88,88,88,88,88],"card_choices":[{"not_picked":["Reckless Charge","Heavy Blade"],"picked":"Perfected Strike","floor":1},{"not_picked":["Flex","Blood for Blood","Pummel"],"picked":"SKIP","floor":4},{"not_picked":["Seeing Red","Clothesline"],"picked":"Shockwave","floor":7},{"not_picked":["Shrug It Off","Iron Wave","Clothesline"],"picked":"SKIP","floor":8},{"not_picked":["Carnage","Shrug It Off"],"picked":"Wild Strike","floor":11},{"not_picked":["Armaments","Carnage"],"picked":"Wild Strike","floor":13},{"not_picked":["Reaper","Immolate"],"picked":"Demon Form","floor":16},{"not_picked":["Fire Breathing","Blood for Blood+1","Warcry+1"],"picked":"SKIP","floor":18},{"not_picked":["Shockwave","Armaments"],"picked":"Battle Trance","floor":20},{"not_picked":["Havoc","Infernal Blade+1"],"picked":"Flame Barrier","floor":22},{"not_picked":["Offering","Pummel"],"picked":"Infernal Blade+1","floor":24},{"not_picked":["Heavy Blade","Clash"],"picked":"Armaments","floor":28}],"player_experience":325333,"relics_obtained":[{"floor":9,"key":"Ginger"},{"floor":14,"key":"Mercury Hourglass"},{"floor":24,"key":"Regal Pillow"},{"floor":26,"key":"Whetstone"},{"floor":28,"key":"Tiny Chest"}],"event_choices":[{"damage_healed":0,"gold_gain":0,"player_choice":"Box","damage_taken":0,"relics_obtained":["Ice Cream"],"max_hp_gain":0,"max_hp_loss":0,"event_name":"Big Fish","floor":3,"gold_loss":0,"cards_obtained":["Regret"]},{"damage_healed":0,"gold_gain":0,"player_choice":"Paid Gold","damage_taken":0,"relics_obtained":["Dodecahedron"],"max_hp_gain":0,"max_hp_loss":0,"event_name":"WeMeetAgain","floor":5,"gold_loss":56},{"damage_healed":22,"gold_gain":0,"player_choice":"Healed and dodged fight","damage_taken":0,"max_hp_gain":0,"max_hp_loss":0,"event_name":"Mushrooms","floor":10,"gold_loss":0,"cards_obtained":["Parasite"]},{"damage_healed":0,"gold_gain":0,"player_choice":"0 cards matched","damage_taken":0,"max_hp_gain":0,"max_hp_loss":0,"event_name":"Match and Keep!","floor":12,"gold_loss":0,"cards_obtained":[]},{"damage_healed":0,"gold_gain":0,"player_choice":"Searched \u00271\u0027 times","damage_taken":0,"max_hp_gain":0,"max_hp_loss":0,"event_name":"Dead Adventurer","floor":14,"gold_loss":0},{"damage_healed":0,"gold_gain":0,"cards_transformed":["Demon Form"],"player_choice":"Transformed","damage_taken":0,"max_hp_gain":0,"max_hp_loss":0,"event_name":"Transmorgrifier","floor":19,"gold_loss":0,"cards_obtained":["Shockwave"]}],"is_beta":false,"boss_relics":[{"not_picked":["Calling Bell","Lizard Tail"],"picked":"Mark of Pain"}],"items_purged_floors":[2,21],"is_endless":false,"potions_floor_spawned":[7,8,13,22,24],"killed_by":"Gremlin Leader","ascension_level":3}