{"gold_per_floor":[113,132,92,110,127,158,158,158,226,259,259,259,293,312,312,435,435,451,13,13,37,37,37,76,99,99,99,138,153,192,206,206,330,330,351,374,442,461,794,821,821,848,895,463,463,473,487,257,257,257,257,257,57,85,85],"floor_reached":56,"playtime":3787,"items_purged":["Strike_G","Defend_G","Strike_G+1","Storm of Steel"],"score":1751,"play_id":"fa2174c8-2bde-44bb-9049-e88644cfbcfb","local_time":"20190819200429","is_ascension_mode":true,"campfire_choices":[{"data":"Dagger Spray","floor":8,"key":"SMITH"},{"data":"Blade Dance","floor":15,"key":"SMITH"},{"data":"Footwork","floor":23,"key":"SMITH"},{"data":"Noxious Fumes","floor":32,"key":"SMITH"},{"floor":41,"key":"REST"},{"floor":45,"key":"RECALL"},{"data":"Well Laid Plans","floor":49,"key":"SMITH"},{"data":"After Image","floor":52,"key":"SMITH"}],"neow_cost":"NONE","seed_source_timestamp":382386924914100,"circlet_count":0,"master_deck":["Defend_G","Defend_G+1","Defend_G","Defend_G","Survivor","Neutralize+1","Flying Knee","Dagger Spray+1","Cloak And Dagger","Leg Sweep","Adrenaline","Blade Dance+1","Finisher","Footwork+1","Acrobatics","Backflip","Noxious Fumes+1","Backflip","Cloak And Dagger","Doppelganger","Calculated Gamble","Calculated Gamble+1","Well Laid Plans+1","After Image+1","Cloak And Dagger+1","Blade Dance+1","Concentrate+1","Expertise","Backflip","Finesse","Footwork+1","Blur+1","Dramatic Entrance","Burst"],"relics":["Ring of the Snake","Prayer Wheel","Shuriken","Anchor","Happy Flower","Runic Dome","Potion Belt","Bronze Scales","Ice Cream","The Specimen","Lantern","Black Star","Du-Vu Doll","Nunchaku","Bag of Marbles","Incense Burner","Ancient Tea Set","Membership Card","Gremlin Horn","Kunai","Bird Faced Urn"],"potions_floor_usage":[6,6,6,6,10,33,33,37,40,50,55,55,55,55,55,55,55,55,55,55],"damage_taken":[{"damage":0,"enemies":"Small Slimes","floor":1,"turns":4},{"damage":0,"enemies":"Cultist","floor":2,"turns":3},{"damage":0,"enemies":"2 Louse","floor":4,"turns":2},{"damage":0,"enemies":"Looter","floor":5,"turns":4},{"damage":6,"enemies":"3 Sentries","floor":6,"turns":11},{"damage":16,"enemies":"Gremlin Nob","floor":10,"turns":5},{"damage":4,"enemies":"3 Sentries","floor":13,"turns":7},{"damage":0,"enemies":"3 Louse","floor":14,"turns":1},{"damage":0,"enemies":"Hexaghost","floor":16,"turns":7},{"damage":0,"enemies":"Spheric Guardian","floor":18,"turns":3},{"damage":4,"enemies":"2 Thieves","floor":21,"turns":3},{"damage":0,"enemies":"Book of Stabbing","floor":24,"turns":5},{"damage":3,"enemies":"Chosen and Byrds","floor":25,"turns":5},{"damage":18,"enemies":"Gremlin Leader","floor":28,"turns":6},{"damage":0,"enemies":"Centurion and Healer","floor":29,"turns":4},{"damage":8,"enemies":"Slavers","floor":30,"turns":4},{"damage":0,"enemies":"Snake Plant","floor":31,"turns":4},{"damage":15,"enemies":"Collector","floor":33,"turns":9},{"damage":2,"enemies":"3 Darklings","floor":35,"turns":5},{"damage":10,"enemies":"3 Shapes","floor":36,"turns":3},{"damage":17,"enemies":"2 Orb Walkers","floor":37,"turns":6},{"damage":0,"enemies":"Spire Growth","floor":38,"turns":4},{"damage":3,"enemies":"Reptomancer","floor":40,"turns":8},{"damage":7,"enemies":"Nemesis","floor":42,"turns":9},{"damage":0,"enemies":"Sphere and 2 Shapes","floor":46,"turns":2},{"damage":0,"enemies":"3 Darklings","floor":47,"turns":3},{"damage":17,"enemies":"Donu and Deca","floor":50,"turns":8},{"damage":0,"enemies":"Shield and Spear","floor":54,"turns":4},{"damage":0,"enemies":"The Heart","floor":55,"turns":7}],"seed_played":"-1082062536474229883","potions_obtained":[{"floor":3,"key":"EntropicBrew"},{"floor":3,"key":"GhostInAJar"},{"floor":3,"key":"PowerPotion"},{"floor":14,"key":"FairyPotion"},{"floor":16,"key":"Block Potion"},{"floor":18,"key":"Weak Potion"},{"floor":24,"key":"GhostInAJar"},{"floor":25,"key":"Dexterity Potion"},{"floor":29,"key":"Regen Potion"},{"floor":37,"key":"EssenceOfSteel"},{"floor":42,"key":"EntropicBrew"},{"floor":46,"key":"PowerPotion"}],"is_trial":false,"path_per_floor":["M","M","?","M","M","E","?","R","T","E","?","?","E","M","R","B",null,"M","$","?","M","?","R","E","M","T","?","E","M","E","M","R","B",null,"M","M","?","M","?","E","R","E","T","$","R","M","M","$","R","B",null,"R","$","E","B",null],"character_chosen":"THE_SILENT","items_purchased":["Acrobatics","Backflip","Potion Belt","GhostInAJar","Noxious Fumes","Membership Card","Backflip","Finesse","Gremlin Horn","Kunai","Dramatic Entrance","Burst","Swift Potion","Weak Potion"],"campfire_rested":1,"item_purchase_floors":[19,19,19,19,19,44,44,44,44,48,48,53,53,53],"current_hp_per_floor":[63,63,63,63,63,57,57,57,57,41,27,27,23,23,23,23,55,55,55,55,51,75,75,75,72,72,72,54,54,46,46,46,31,64,62,52,50,50,50,47,69,62,62,62,62,62,62,62,62,45,68,68,68,68,75],"gold":85,"neow_bonus":"UPGRADE_CARD","is_prod":false,"is_daily":false,"chose_seed":false,"campfire_upgraded":6,"win_rate":0,"timestamp":1566241469,"path_taken":["M","M","?","?","M","E","?","R","T","E","?","?","E","M","R","BOSS","M","$","?","M","?","R","E","?","T","?","E","M","E","M","R","BOSS","M","M","?","M","?","E","R","E","T","?","R","M","M","$","R","BOSS","R","$","E","BOSS"],"build_version":"2019-07-17","purchased_purges":4,"victory":true,"max_hp_per_floor":[70,70,70,70,70,70,70,70,70,70,70,65,65,65,65,65,65,65,65,65,65,75,75,75,75,75,75,75,75,75,75,75,75,75,75,75,75,75,75,75,75,75,75,75,75,75,75,75,75,75,75,75,75,75,75],"card_choices":[{"not_picked":["Acrobatics","Bane"],"picked":"Flying Knee","floor":1},{"not_picked":["Slice","Poisoned Stab"],"picked":"Dagger Spray","floor":2},{"not_picked":["Sucker Punch","Prepared"],"picked":"Cloak And Dagger","floor":4},{"not_picked":["Expertise","Cloak And Dagger","Heel Hook"],"picked":"SKIP","floor":5},{"not_picked":["Dodge and Roll","Dagger Spray"],"picked":"Leg Sweep","floor":6},{"not_picked":["Cloak And Dagger","Blade Dance"],"picked":"Adrenaline","floor":10},{"not_picked":["Blur","Caltrops","Prepared"],"picked":"SKIP","floor":13},{"not_picked":["Dash","Dagger Spray"],"picked":"Blade Dance","floor":14},{"not_picked":["Slice","Outmaneuver"],"picked":"Finisher","floor":14},{"not_picked":["A Thousand Cuts","Tools of the Trade"],"picked":"Envenom","floor":16},{"not_picked":["Masterful Stab","Backflip"],"picked":"Footwork","floor":18},{"not_picked":["Quick Slash","Underhanded Strike","Predator"],"picked":"SKIP","floor":18},{"not_picked":["Escape Plan","PiercingWail"],"picked":"Backflip","floor":21},{"not_picked":["Distraction+1","Backflip"],"picked":"Cloak And Dagger","floor":21},{"not_picked":["Catalyst+1","Eviscerate","Dagger Spray"],"picked":"SKIP","floor":24},{"not_picked":["Dodge and Roll","Deadly Poison+1","Quick Slash"],"picked":"SKIP","floor":25},{"not_picked":["Sucker Punch","Heel Hook","Outmaneuver"],"picked":"SKIP","floor":25},{"not_picked":["All Out Attack","Outmaneuver"],"picked":"Calculated Gamble","floor":28},{"not_picked":["Bane+1","Noxious Fumes"],"picked":"Calculated Gamble+1","floor":29},{"not_picked":["Sucker Punch","Quick Slash","Blade Dance"],"picked":"SKIP","floor":29},{"not_picked":["Bouncing Flask+1","All Out Attack+1","Underhanded Strike"],"picked":"SKIP","floor":30},{"not_picked":["Endless Agony","Infinite Blades"],"picked":"Well Laid Plans","floor":31},{"not_picked":["Endless Agony+1","Sucker Punch","Noxious Fumes"],"picked":"SKIP","floor":31},{"not_picked":["Storm of Steel","Grand Finale"],"picked":"After Image","floor":33},{"not_picked":["Deadly Poison+1","Concentrate"],"picked":"Cloak And Dagger+1","floor":35},{"not_picked":["Masterful Stab+1","Underhanded Strike","Concentrate+1"],"picked":"SKIP","floor":35},{"not_picked":["Cloak And Dagger","Riddle With Holes+1"],"picked":"Blade Dance+1","floor":36},{"not_picked":["Cloak And Dagger","Underhanded Strike","Noxious Fumes"],"picked":"SKIP","floor":36},{"not_picked":["Prepared","Accuracy+1"],"picked":"Concentrate+1","floor":38},{"not_picked":["Noxious Fumes","Cloak And Dagger","Dodge and Roll"],"picked":"SKIP","floor":38},{"not_picked":["Slice","Riddle With Holes","Burst"],"picked":"SKIP","floor":40},{"not_picked":["Endless Agony","Dagger Spray+1"],"picked":"Expertise","floor":42},{"not_picked":["Accuracy+1","All Out Attack+1","Setup+1"],"picked":"SKIP","floor":46},{"not_picked":["Caltrops","Dodge and Roll","Noxious Fumes"],"picked":"SKIP","floor":46},{"not_picked":["Eviscerate+1","Flying Knee"],"picked":"Footwork+1","floor":47},{"not_picked":["Underhanded Strike","Blade Dance+1"],"picked":"Blur+1","floor":47},{"not_picked":["Bane+1","Reflex","Setup+1"],"picked":"SKIP","floor":54}],"player_experience":1821918,"relics_obtained":[{"floor":6,"key":"Prayer Wheel"},{"floor":9,"key":"Shuriken"},{"floor":10,"key":"Anchor"},{"floor":13,"key":"Happy Flower"},{"floor":24,"key":"Bronze Scales"},{"floor":26,"key":"Ice Cream"},{"floor":28,"key":"The Specimen"},{"floor":30,"key":"Lantern"},{"floor":37,"key":"Du-Vu Doll"},{"floor":40,"key":"Nunchaku"},{"floor":40,"key":"Bag of Marbles"},{"floor":42,"key":"Incense Burner"},{"floor":42,"key":"Ancient Tea Set"},{"floor":54,"key":"Bird Faced Urn"}],"event_choices":[{"damage_healed":0,"gold_gain":0,"player_choice":"Bought 3 Potions","damage_taken":0,"max_hp_gain":0,"max_hp_loss":0,"event_name":"The Woman in Blue","floor":3,"gold_loss":0},{"damage_healed":0,"gold_gain":0,"player_choice":"Ignored","damage_taken":0,"max_hp_gain":0,"max_hp_loss":0,"event_name":"Liars Game","floor":7,"gold_loss":0},{"damage_healed":0,"gold_gain":0,"player_choice":"Entered Light","damage_taken":14,"max_hp_gain":0,"max_hp_loss":0,"event_name":"Shining Light","floor":11,"gold_loss":0,"cards_upgraded":["Defend_G","Strike_G"]},{"damage_healed":0,"gold_gain":0,"player_choice":"Lose Max HP","damage_taken":0,"relics_obtained":["Golden Idol"],"max_hp_gain":0,"max_hp_loss":5,"event_name":"Golden Idol","floor":12,"gold_loss":0},{"cards_removed":["Strike_G"],"damage_healed":0,"gold_gain":0,"player_choice":"Elegance","damage_taken":0,"max_hp_gain":0,"max_hp_loss":0,"event_name":"Back to Basics","floor":20,"gold_loss":0},{"cards_removed":["Envenom"],"damage_healed":14,"gold_gain":0,"player_choice":"Offered Rare","damage_taken":0,"max_hp_gain":10,"max_hp_loss":0,"event_name":"Bonfire Elementals","floor":22,"gold_loss":0},{"damage_healed":0,"gold_gain":0,"cards_transformed":["Strike_G","Strike_G"],"player_choice":"Became Test Subject","damage_taken":0,"max_hp_gain":0,"max_hp_loss":0,"event_name":"Drug Dealer","floor":27,"gold_loss":0,"cards_obtained":["Doppelganger","Storm of Steel"]},{"damage_healed":0,"gold_gain":0,"player_choice":"Fight","damage_taken":0,"max_hp_gain":0,"max_hp_loss":0,"event_name":"Mysterious Sphere","floor":37,"gold_loss":0},{"damage_healed":0,"gold_gain":333,"player_choice":"Gave Idol","damage_taken":0,"max_hp_gain":0,"max_hp_loss":0,"event_name":"The Moai Head","floor":39,"relics_lost":["Golden Idol"],"gold_loss":0}],"is_beta":false,"boss_relics":[{"not_picked":["Coffee Dripper","Tiny House"],"picked":"Runic Dome"},{"not_picked":["WristBlade","Orrery"],"picked":"Black Star"}],"items_purged_floors":[19,44,48,53],"is_endless":false,"potions_floor_spawned":[5,14,16,18,24,25,29,31,37,42,46],"ascension_level":6}