{"gold_per_floor":[114,114,128,139,158,158,108,126,200,225,244,262,288,300,300,397,397,411,411,427,427,342,342,356,388,388,388,14,29,29,45,45,142,142,160,160,160,173,190,224,8,23,70,95,115,115,132,152,152,152,152,152,19,54,54],"floor_reached":56,"playtime":2890,"items_purged":["Defend_R"],"score":1320,"play_id":"0dd43749-8ba3-406d-9437-db9066f319d7","local_time":"20190912220159","is_ascension_mode":false,"campfire_choices":[{"data":"Feed","floor":6,"key":"SMITH"},{"data":"Spot Weakness","floor":15,"key":"SMITH"},{"data":"Body Slam","floor":23,"key":"SMITH"},{"data":"Bash","floor":27,"key":"SMITH"},{"data":"Whirlwind","floor":30,"key":"SMITH"},{"data":"Double Tap","floor":32,"key":"SMITH"},{"floor":46,"key":"RECALL"},{"data":"Demon Form","floor":49,"key":"SMITH"},{"data":"Fiend Fire","floor":52,"key":"SMITH"}],"neow_cost":"TEN_PERCENT_HP_LOSS","seed_source_timestamp":10542885874800,"circlet_count":0,"master_deck":["Defend_R","Defend_R","Defend_R","Bash+1","Feed+1","Entrench","Iron Wave","Body Slam+1","Double Tap+1","Spot Weakness+1","Shrug It Off","Fiend Fire+1","Havoc+1","Headbutt+1","Whirlwind+1","Bloodletting+1","Demon Form+1","Fire Breathing+1","True Grit+1","Impervious+1","Dark Shackles+1","Good Instincts+1","Deep Breath+1","Madness+1","Madness+1","Pommel Strike","Sentinel+1","Disarm+1","Pommel Strike+1","Flex+1","Dual Wield+1","Berserk"],"relics":["Burning Blood","Dead Branch","Bag of Marbles","Runic Pyramid","The Courier","Meat on the Bone","Toxic Egg 2","Membership Card","HornCleat","Anchor","Art of War","Astrolabe","Prayer Wheel","Oddly Smooth Stone","Pen Nib","Mummified Hand","Blood Vial","Red Skull","Chemical X","Mango"],"potions_floor_usage":[10,12,16,20,25,54,55,55],"damage_taken":[{"damage":0,"enemies":"Small Slimes","floor":1,"turns":4},{"damage":11,"enemies":"Jaw Worm","floor":3,"turns":7},{"damage":0,"enemies":"2 Louse","floor":4,"turns":3},{"damage":6,"enemies":"Blue Slaver","floor":5,"turns":6},{"damage":4,"enemies":"2 Fungi Beasts","floor":8,"turns":3},{"damage":18,"enemies":"Gremlin Nob","floor":10,"turns":5},{"damage":0,"enemies":"Looter","floor":11,"turns":4},{"damage":4,"enemies":"Gremlin Gang","floor":12,"turns":3},{"damage":29,"enemies":"Lagavulin","floor":13,"turns":7},{"damage":0,"enemies":"3 Louse","floor":14,"turns":2},{"damage":57,"enemies":"Hexaghost","floor":16,"turns":9},{"damage":7,"enemies":"Shell Parasite","floor":18,"turns":3},{"damage":6,"enemies":"Spheric Guardian","floor":20,"turns":3},{"damage":17,"enemies":"Snecko","floor":24,"turns":4},{"damage":15,"enemies":"Book of Stabbing","floor":25,"turns":3},{"damage":14,"enemies":"Shelled Parasite and Fungi","floor":29,"turns":4},{"damage":0,"enemies":"3 Cultists","floor":31,"turns":4},{"damage":115,"enemies":"Collector","floor":33,"turns":8},{"damage":0,"enemies":"3 Shapes","floor":35,"turns":4},{"damage":3,"enemies":"3 Darklings","floor":38,"turns":4},{"damage":0,"enemies":"Sphere and 2 Shapes","floor":39,"turns":2},{"damage":15,"enemies":"Reptomancer","floor":40,"turns":6},{"damage":8,"enemies":"Jaw Worm Horde","floor":42,"turns":4},{"damage":3,"enemies":"Giant Head","floor":44,"turns":6},{"damage":4,"enemies":"3 Darklings","floor":45,"turns":2},{"damage":11,"enemies":"Sphere and 2 Shapes","floor":47,"turns":4},{"damage":0,"enemies":"Jaw Worm Horde","floor":48,"turns":4},{"damage":8,"enemies":"Donu and Deca","floor":50,"turns":7},{"damage":3,"enemies":"Shield and Spear","floor":54,"turns":4},{"damage":30,"enemies":"The Heart","floor":55,"turns":5}],"seed_played":"-5519618289237358955","potions_obtained":[{"floor":3,"key":"EssenceOfSteel"},{"floor":4,"key":"FairyPotion"},{"floor":10,"key":"Energy Potion"},{"floor":11,"key":"LiquidBronze"},{"floor":14,"key":"Weak Potion"},{"floor":16,"key":"SkillPotion"},{"floor":20,"key":"Dexterity Potion"},{"floor":33,"key":"PowerPotion"},{"floor":40,"key":"Block Potion"}],"is_trial":false,"path_per_floor":["M","?","M","M","M","R","?","M","T","E","M","M","E","M","R","B",null,"M","?","M","?","?","R","M","E","T","R","$","M","R","M","R","B",null,"M","?","?","M","M","E","$","M","T","E","M","R","M","M","R","B",null,"R","$","E","B",null],"character_chosen":"IRONCLAD","items_purchased":["Membership Card","HornCleat","Anchor","Whirlwind","Art of War","Oddly Smooth Stone","Pen Nib","Mummified Hand","Chemical X","Dual Wield+1"],"campfire_rested":0,"item_purchase_floors":[28,28,28,28,28,41,41,41,53,53],"current_hp_per_floor":[75,68,66,75,78,78,78,84,84,76,86,92,73,83,83,36,112,111,88,92,92,92,92,81,72,72,72,72,80,80,90,90,56,129,133,123,106,109,115,106,106,108,108,113,117,117,122,134,134,134,149,149,149,163,143],"gold":54,"neow_bonus":"TRANSFORM_TWO_CARDS","is_prod":false,"is_daily":false,"chose_seed":false,"campfire_upgraded":8,"win_rate":0,"timestamp":1568322119,"path_taken":["M","?","M","M","M","R","?","M","T","E","M","M","E","M","R","BOSS","M","?","M","?","?","R","?","E","T","R","$","M","R","M","R","BOSS","M","?","?","M","M","E","$","M","T","E","M","R","M","M","R","BOSS","R","$","E","BOSS"],"build_version":"2019-09-11v2","purchased_purges":1,"victory":true,"max_hp_per_floor":[75,75,78,81,84,84,84,88,88,92,96,100,104,108,108,112,112,112,117,121,121,121,121,121,121,121,121,121,125,125,129,129,129,129,133,133,133,133,133,133,133,137,137,137,137,137,145,149,149,149,149,149,149,163,167],"card_choices":[{"not_picked":["Flex","Entrench"],"picked":"Twin Strike","floor":1},{"not_picked":["Warcry","Evolve"],"picked":"Iron Wave","floor":3},{"not_picked":["Clothesline","Anger"],"picked":"Body Slam","floor":4},{"not_picked":["Armaments","Clothesline"],"picked":"Headbutt","floor":5},{"not_picked":["Bloodletting","Clash"],"picked":"Double Tap","floor":8},{"not_picked":["Flex","Iron Wave","Rupture"],"picked":"SKIP","floor":10},{"not_picked":["Wild Strike","Flex"],"picked":"Spot Weakness","floor":11},{"not_picked":["Perfected Strike","Iron Wave"],"picked":"Shrug It Off","floor":12},{"not_picked":["Dropkick","Thunderclap","Headbutt"],"picked":"SKIP","floor":13},{"not_picked":["Berserk","Thunderclap","Armaments"],"picked":"SKIP","floor":14},{"not_picked":["Dark Embrace","Double Tap"],"picked":"Fiend Fire","floor":16},{"not_picked":["Armaments","Warcry"],"picked":"Havoc+1","floor":18},{"not_picked":["Clothesline","Warcry"],"picked":"Headbutt+1","floor":20},{"not_picked":["Armaments","Rage","Sword Boomerang+1"],"picked":"SKIP","floor":24},{"not_picked":["Power Through","Wild Strike+1","Body Slam"],"picked":"SKIP","floor":25},{"not_picked":["Clash+1","Anger","Hemokinesis"],"picked":"SKIP","floor":29},{"not_picked":["Flex+1","Armaments+1"],"picked":"Bloodletting+1","floor":31},{"not_picked":["Bludgeon","Fiend Fire"],"picked":"Demon Form","floor":33},{"not_picked":["Headbutt","Whirlwind+1","Twin Strike"],"picked":"SKIP","floor":35},{"not_picked":["Sadistic Nature","Mayhem"],"picked":"Dark Shackles+1","floor":36},{"not_picked":["Jack Of All Trades+1","Dramatic Entrance"],"picked":"Good Instincts+1","floor":36},{"not_picked":["Impatience+1","Swift Strike"],"picked":"Deep Breath+1","floor":36},{"not_picked":["Clash","Bloodletting+1"],"picked":"Pommel Strike","floor":38},{"not_picked":["Rage+1","Dropkick+1"],"picked":"Sentinel+1","floor":39},{"not_picked":["Whirlwind","Perfected Strike"],"picked":"Disarm+1","floor":40},{"not_picked":["Wild Strike+1","Body Slam","Uppercut"],"picked":"SKIP","floor":42},{"not_picked":["Shockwave+1","Second Wind+1","Wild Strike+1"],"picked":"SKIP","floor":42},{"not_picked":["Brutality","Perfected Strike"],"picked":"Pommel Strike+1","floor":44},{"not_picked":["Wild Strike+1","Whirlwind+1"],"picked":"Flex+1","floor":45},{"not_picked":["Burning Pact+1","Sever Soul","Sword Boomerang"],"picked":"SKIP","floor":45},{"not_picked":["Iron Wave","Fire Breathing","Heavy Blade"],"picked":"SKIP","floor":47},{"not_picked":["Shrug It Off+1","Iron Wave","Sword Boomerang+1"],"picked":"SKIP","floor":47},{"not_picked":["Power Through+1","Sword Boomerang+1","Perfected Strike"],"picked":"SKIP","floor":48},{"not_picked":["Dark Embrace","Perfected Strike+1","Sword Boomerang"],"picked":"SKIP","floor":48},{"not_picked":["Inflame","Hemokinesis"],"picked":"Berserk","floor":54}],"player_experience":1456019,"relics_obtained":[{"floor":10,"key":"Dead Branch"},{"floor":13,"key":"Bag of Marbles"},{"floor":25,"key":"Meat on the Bone"},{"floor":26,"key":"Toxic Egg 2"},{"floor":40,"key":"Prayer Wheel"},{"floor":43,"key":"Blood Vial"},{"floor":44,"key":"Red Skull"},{"floor":54,"key":"Mango"}],"event_choices":[{"cards_removed":["Strike_R"],"damage_healed":0,"gold_gain":0,"player_choice":"Card Removal","damage_taken":7,"max_hp_gain":0,"max_hp_loss":0,"event_name":"Golden Wing","floor":2,"gold_loss":0},{"cards_removed":["Strike_R"],"damage_healed":0,"gold_gain":0,"player_choice":"Card Removal","damage_taken":0,"max_hp_gain":0,"max_hp_loss":0,"event_name":"The Cleric","floor":7,"gold_loss":50},{"damage_healed":0,"gold_gain":0,"player_choice":"Shed Blood","damage_taken":28,"max_hp_gain":5,"max_hp_loss":0,"event_name":"Forgotten Altar","floor":19,"gold_loss":0},{"damage_healed":0,"gold_gain":0,"player_choice":"Ignored","damage_taken":0,"max_hp_gain":0,"max_hp_loss":0,"event_name":"Ghosts","floor":21,"gold_loss":0},{"damage_healed":0,"gold_gain":0,"player_choice":"Obtained Relic","damage_taken":0,"relics_obtained":["The Courier"],"max_hp_gain":0,"max_hp_loss":0,"event_name":"Addict","floor":22,"gold_loss":85},{"damage_healed":0,"gold_gain":0,"player_choice":"Memory 3","damage_taken":10,"max_hp_gain":0,"max_hp_loss":0,"event_name":"SensoryStone","floor":36,"gold_loss":0},{"damage_healed":0,"gold_gain":0,"player_choice":"Embrace Madness","damage_taken":17,"max_hp_gain":0,"max_hp_loss":0,"event_name":"Winding Halls","floor":37,"gold_loss":0,"cards_obtained":["Madness","Madness"]}],"is_beta":true,"boss_relics":[{"not_picked":["Philosopher\u0027s Stone","Pandora\u0027s Box"],"picked":"Runic Pyramid"},{"not_picked":["Runic Dome","Runic Cube"],"picked":"Astrolabe"}],"items_purged_floors":[53],"is_endless":false,"potions_floor_spawned":[3,4,10,11,14,16,20,33,40,42,44,47],"ascension_level":0}