{"gold_per_floor":[114,129,13,88,103,118,118,44,44,44,85,100,115,130,130,230,230,245,59,59,10,25,55,55,70,95,95,95,95,43,142,142,142],"floor_reached":33,"playtime":4332,"items_purged":["Poisoned Stab"],"score":430,"play_id":"749fbf69-2dc4-423d-b59b-423b0be7af97","local_time":"20191005004444","daily_mods":["Insanity","ControlledChaos","Binary"],"is_ascension_mode":false,"campfire_choices":[{"floor":7.0,"key":"REST"},{"floor":10.0,"key":"REST"},{"floor":15,"key":"REST"},{"floor":24,"key":"REST"},{"floor":27,"key":"REST"},{"floor":29,"key":"REST"},{"floor":32,"key":"REST"}],"neow_cost":"","seed_source_timestamp":0,"circlet_count":0,"master_deck":["Underhanded Strike","Catalyst","Concentrate","Underhanded Strike","Escape Plan","Dagger Spray+1","Bane","Slice","Masterful Stab","Prepared","PiercingWail","Flying Knee","Backflip","Blade Dance","Well Laid Plans","Sucker Punch","Bane","Dagger Spray","Cloak And Dagger","Quick Slash","All Out Attack","Flying Knee","Underhanded Strike","Expertise","Bane","Sucker Punch","Blade Dance","Underhanded Strike","Terror","Backflip","Endless Agony+1","Dagger Throw","Outmaneuver","Flying Knee","Deadly Poison","Underhanded Strike","Cloak And Dagger","Blade Dance","Flechettes","Choke","Prepared","Concentrate","Bane","Sucker Punch","Underhanded Strike","Terror","Eviscerate","Heel Hook","Sucker Punch","Flying Knee","Masterful Stab","Noxious Fumes","Catalyst","Underhanded Strike","Setup","Poisoned Stab","Terror","Deadly Poison","Tools of the Trade","Catalyst","Caltrops","Catalyst","Bane","All Out Attack","Backflip","Flying Knee"],"special_seed":18174,"relics":["Ring of the Snake","Frozen Eye","Bottled Lightning","Whetstone","Sozu","Matryoshka","Centennial Puzzle","Bag of Marbles"],"potions_floor_usage":[],"damage_taken":[{"damage":6.0,"enemies":"Cultist","floor":1.0,"turns":3.0},{"damage":0.0,"enemies":"2 Louse","floor":2.0,"turns":2.0},{"damage":11.0,"enemies":"Jaw Worm","floor":5.0,"turns":2.0},{"damage":10.0,"enemies":"Looter","floor":6.0,"turns":2.0},{"damage":33.0,"enemies":"3 Sentries","floor":11.0,"turns":5.0},{"damage":0.0,"enemies":"Exordium Wildlife","floor":12.0,"turns":3.0},{"damage":4,"enemies":"Gremlin Gang","floor":13,"turns":3},{"damage":14,"enemies":"Large Slime","floor":14,"turns":3},{"damage":37,"enemies":"Hexaghost","floor":16,"turns":8},{"damage":7,"enemies":"Spheric Guardian","floor":18,"turns":3},{"damage":25,"enemies":"Shell Parasite","floor":22,"turns":4},{"damage":22,"enemies":"Book of Stabbing","floor":23,"turns":4},{"damage":22,"enemies":"Centurion and Healer","floor":25,"turns":3},{"damage":5,"enemies":"Colosseum Slavers","floor":28,"turns":2},{"damage":82,"enemies":"Champ","floor":33,"turns":7}],"seed_played":"7830322845663719541","potions_obtained":[{"floor":11.0,"key":"Swift Potion"},{"floor":14,"key":"Energy Potion"},{"floor":16,"key":"Swift Potion"}],"is_trial":false,"path_per_floor":["M","M","$","?","M","M","R","$","T","R","?","M","M","M","R","B",null,"M","$","?","$","M","E","R","M","T","R","?","R","$","?","R","B"],"character_chosen":"THE_SILENT","items_purchased":["Noxious Fumes","Catalyst","Setup","Catalyst","Caltrops","Bane","Flying Knee"],"campfire_rested":7,"item_purchase_floors":[3,3,8,19,19,21,30],"current_hp_per_floor":[64,64,64,57,46,36,57,57,57,70,37,37,33,19,40,3,70,63,63,63,63,38,16,37,15,15,36,31,52,52,52,70,0],"gold":142,"neow_bonus":"","is_prod":false,"is_daily":true,"chose_seed":false,"campfire_upgraded":0,"win_rate":0,"timestamp":1570257884,"path_taken":["M","M","$","?","?","M","R","$","T","R","?","M","M","M","R","BOSS","M","$","?","$","M","E","R","M","T","R","?","R","$","?","R","BOSS"],"build_version":"2019-07-17","purchased_purges":1,"victory":false,"max_hp_per_floor":[70,70,70,70,70,70,70,70,70,70,70,70,70,70,70,70,70,70,70,70,70,70,70,70,70,70,70,70,70,70,70,70,70],"card_choices":[{"not_picked":["Blade Dance"],"picked":"Flying Knee","floor":1.0},{"not_picked":["Finisher"],"picked":"Masterful Stab","floor":2.0},{"not_picked":["Poisoned Stab"],"picked":"Underhanded Strike","floor":5.0},{"not_picked":["Sucker Punch","Heel Hook"],"picked":"SKIP","floor":6.0},{"not_picked":["Endless Agony"],"picked":"Poisoned Stab","floor":12.0},{"not_picked":["Dash"],"picked":"Terror","floor":13},{"not_picked":["Escape Plan"],"picked":"Deadly Poison","floor":14},{"not_picked":["Doppelganger"],"picked":"Tools of the Trade","floor":16},{"not_picked":["Concentrate+1","Underhanded Strike"],"picked":"SKIP","floor":18},{"not_picked":["Riddle With Holes"],"picked":"All Out Attack","floor":22},{"not_picked":["Backflip","Skewer"],"picked":"SKIP","floor":23},{"not_picked":["Poisoned Stab"],"picked":"Backflip","floor":25}],"player_experience":342091,"relics_obtained":[{"floor":9.0,"key":"Bottled Lightning"},{"floor":11.0,"key":"Whetstone"},{"floor":23,"key":"Matryoshka"},{"floor":26,"key":"Centennial Puzzle"},{"floor":26,"key":"Bag of Marbles"}],"event_choices":[{"damage_healed":0.0,"max_hp_gain":0.0,"max_hp_loss":0.0,"gold_gain":75.0,"event_name":"FaceTrader","player_choice":"Touch","floor":4.0,"gold_loss":0.0,"damage_taken":7.0},{"damage_healed":0.0,"max_hp_gain":0.0,"max_hp_loss":0.0,"gold_gain":0.0,"event_name":"Dead Adventurer","player_choice":"Searched \u00271\u0027 times","floor":11.0,"gold_loss":0.0,"damage_taken":0.0},{"damage_healed":0,"gold_gain":0,"player_choice":"Read","damage_taken":0,"max_hp_gain":0,"max_hp_loss":0,"event_name":"The Library","floor":20,"gold_loss":0,"cards_obtained":["Catalyst"]},{"damage_healed":0,"gold_gain":0,"player_choice":"Fight","damage_taken":0,"max_hp_gain":0,"max_hp_loss":0,"event_name":"Colosseum","floor":28,"gold_loss":0},{"damage_healed":0,"gold_gain":0,"player_choice":"Fled From Nobs","damage_taken":0,"max_hp_gain":0,"max_hp_loss":0,"event_name":"Colosseum","floor":28,"gold_loss":0},{"damage_healed":0,"gold_gain":99,"player_choice":"Stole From Cult","damage_taken":0,"max_hp_gain":0,"max_hp_loss":0,"event_name":"Nest","floor":31,"gold_loss":0}],"is_beta":false,"boss_relics":[{"not_picked":["Lizard Tail","Ring of the Serpent"],"picked":"Sozu"}],"items_purged_floors":[19],"is_endless":false,"potions_floor_spawned":[11,14,16,23,25,28],"killed_by":"Champ","ascension_level":0}