{"gold_per_floor":[110,124,140,69,87,87,119,139,139,159,84,84,84,84,84,187,187,197,213,60,159,175,175,195,195,221,232,232,251,269,144,144,144],"floor_reached":33,"playtime":4426,"items_purged":["Strike_B","Defend_B","Defend_B"],"score":276,"play_id":"3d9b9591-4938-4761-bd37-9944ab1ac515","local_time":"20191026042017","is_ascension_mode":true,"campfire_choices":[{"data":"Defragment","floor":6.0,"key":"SMITH"},{"data":"Chill","floor":13,"key":"SMITH"},{"data":"Dualcast","floor":15,"key":"SMITH"},{"floor":23,"key":"REST"},{"floor":28,"key":"REST"},{"floor":32,"key":"RECALL"}],"neow_cost":"NONE","seed_source_timestamp":0,"circlet_count":0,"master_deck":["Strike_B","Strike_B","Strike_B","Defend_B","Zap+1","Dualcast+1","Cold Snap","Defragment+1","Chill+1","Undo","Cold Snap","Self Repair","Chill+1"],"special_seed":0,"relics":["Cracked Core","Symbiotic Virus","Fusion Hammer","Regal Pillow"],"potions_floor_usage":[10,16,24,27,33,33],"damage_taken":[{"damage":1.0,"enemies":"Cultist","floor":1.0,"turns":3.0},{"damage":0.0,"enemies":"Small Slimes","floor":2.0,"turns":2.0},{"damage":7.0,"enemies":"Jaw Worm","floor":3.0,"turns":2.0},{"damage":5.0,"enemies":"2 Fungi Beasts","floor":5.0,"turns":3.0},{"damage":11.0,"enemies":"Lagavulin","floor":7.0,"turns":8.0},{"damage":0.0,"enemies":"3 Louse","floor":8.0,"turns":4.0},{"damage":1,"enemies":"Blue Slaver","floor":10,"turns":2},{"damage":15,"enemies":"Hexaghost","floor":16,"turns":11},{"damage":3,"enemies":"Chosen","floor":18,"turns":3},{"damage":7,"enemies":"Shell Parasite","floor":19,"turns":6},{"damage":11,"enemies":"Shelled Parasite and Fungi","floor":22,"turns":7},{"damage":30,"enemies":"Snake Plant","floor":24,"turns":4},{"damage":0,"enemies":"Snecko","floor":27,"turns":6},{"damage":8,"enemies":"Cultist and Chosen","floor":29,"turns":6},{"damage":10,"enemies":"Snake Plant","floor":30,"turns":5},{"damage":84,"enemies":"Collector","floor":33,"turns":14}],"seed_played":"7178891193612574124","potions_obtained":[{"floor":2.0,"key":"SteroidPotion"},{"floor":7.0,"key":"Block Potion"},{"floor":8.0,"key":"Dexterity Potion"},{"floor":16,"key":"FearPotion"},{"floor":24,"key":"FocusPotion"},{"floor":27,"key":"PowerPotion"},{"floor":29,"key":"AttackPotion"}],"is_trial":false,"path_per_floor":["M","M","M","$","M","R","E","M","T","M","$","?","R","?","R","B",null,"M","M","$","?","M","R","M","?","T","M","R","M","M","$","R","B"],"character_chosen":"DEFECT","items_purchased":["Defragment","Cold Snap"],"campfire_rested":2,"item_purchase_floors":[4,20],"current_hp_per_floor":[74,74,67,67,62,62,51,51,51,50,50,50,50,50,50,35,75,72,65,65,65,54,75,45,45,45,52,75,74,71,71,71,0],"gold":144,"neow_bonus":"UPGRADE_CARD","is_prod":false,"is_daily":false,"chose_seed":false,"campfire_upgraded":3,"win_rate":0,"timestamp":1572085217,"path_taken":["M","M","M","$","M","R","E","M","T","M","$","?","R","?","R","BOSS","M","M","$","?","M","R","M","?","T","?","R","M","M","$","R","BOSS"],"build_version":"2019-07-17","purchased_purges":3,"victory":false,"max_hp_per_floor":[75,75,75,75,75,75,75,75,75,75,75,75,75,75,75,75,75,75,75,75,75,75,75,75,75,75,75,75,75,75,75,75,75],"card_choices":[{"not_picked":["Coolheaded","Force Field"],"picked":"Cold Snap","floor":1.0},{"not_picked":["Conserve Battery","Ball Lightning","Hello World"],"picked":"SKIP","floor":2.0},{"not_picked":["Steam","Darkness","Melter"],"picked":"SKIP","floor":3.0},{"not_picked":["Stack","Reprogram"],"picked":"Chill","floor":5.0},{"not_picked":["Recycle","Static Discharge","Hello World"],"picked":"SKIP","floor":7.0},{"not_picked":["Tempest","Gash","Turbo"],"picked":"SKIP","floor":8.0},{"not_picked":["Force Field","Rebound","Go for the Eyes"],"picked":"SKIP","floor":10},{"not_picked":["Steam","FTL","Streamline"],"picked":"SKIP","floor":18},{"not_picked":["Recycle","Turbo"],"picked":"Undo","floor":19},{"not_picked":["Self Repair","Leap","Chaos"],"picked":"SKIP","floor":22},{"not_picked":["Storm+1","Redo"],"picked":"Self Repair","floor":24},{"not_picked":["Aggregate","Conserve Battery","Creative AI"],"picked":"SKIP","floor":27},{"not_picked":["Go for the Eyes","Conserve Battery+1"],"picked":"Chill+1","floor":29},{"not_picked":["Beam Cell","Go for the Eyes","Gash"],"picked":"SKIP","floor":30}],"player_experience":492387,"relics_obtained":[{"floor":7.0,"key":"Symbiotic Virus"},{"floor":26,"key":"Regal Pillow"}],"event_choices":[{"damage_healed":0,"gold_gain":0,"player_choice":"Ignored","damage_taken":0,"max_hp_gain":0,"max_hp_loss":0,"event_name":"Liars Game","floor":12,"gold_loss":0},{"cards_removed":["Defend_B"],"damage_healed":0,"gold_gain":0,"player_choice":"Purged","damage_taken":0,"max_hp_gain":0,"max_hp_loss":0,"event_name":"Purifier","floor":14,"gold_loss":0},{"damage_healed":0,"gold_gain":99,"player_choice":"Stole From Cult","damage_taken":0,"max_hp_gain":0,"max_hp_loss":0,"event_name":"Nest","floor":21,"gold_loss":0},{"damage_healed":0,"gold_gain":0,"player_choice":"Ignored","damage_taken":0,"max_hp_gain":0,"max_hp_loss":0,"event_name":"Vampires","floor":25,"gold_loss":0}],"is_beta":false,"boss_relics":[{"not_picked":["Calling Bell","White Beast Statue"],"picked":"Fusion Hammer"}],"items_purged_floors":[11,20,31],"is_endless":false,"potions_floor_spawned":[2,7,8,16,24,27,29],"killed_by":"Collector","ascension_level":2}