{"gold_per_floor":[12,12,24,24,36,36,69,23,47,74,74,23,41,105,105,210,210,223,223,18,34,47,47,64,79,79,114,114,114,34,34,34,139,139,152,0,0,19,46,79,99,115,115,146,161,177,204,220,220,220,220,220,40,72,72],"floor_reached":56,"playtime":3361,"items_purged":["Strike_B","Writhe"],"score":1671,"play_id":"326fb373-7d58-4b51-8e30-68646102d430","local_time":"20190818134359","is_ascension_mode":true,"campfire_choices":[{"data":"White Noise","floor":6,"key":"SMITH"},{"data":"Coolheaded","floor":11,"key":"SMITH"},{"data":"Beam Cell","floor":15,"key":"SMITH"},{"data":"Defragment","floor":23,"key":"SMITH"},{"data":"Fission","floor":29,"key":"SMITH"},{"data":"Biased Cognition","floor":32,"key":"SMITH"},{"floor":49,"key":"RECALL"},{"data":"Echo Form","floor":52,"key":"SMITH"}],"neow_cost":"NO_GOLD","seed_source_timestamp":273586940860099,"circlet_count":0,"master_deck":["Strike_B","Defend_B","Defend_B","Defend_B","Defend_B","Zap+1","Dualcast","White Noise+1","Cold Snap","Genetic Algorithm","Core Surge","Coolheaded+1","Blizzard","Cold Snap","Beam Cell+1","Echo Form+1","Heatsinks","Fission+1","Defragment+1","Cold Snap","Go for the Eyes","Steam+1","Coolheaded+1","Turbo+1","Biased Cognition+1","Electrodynamics","Static Discharge","Panache","Panacea","Hologram+1","Go for the Eyes+1","Conserve Battery+1","Coolheaded+1","Turbo+1","Glacier+1","Loop+1"],"relics":["Cracked Core","Bird Faced Urn","Pen Nib","Bag of Preparation","Darkstone Periapt","Tiny Chest","Runic Pyramid","Mercury Hourglass","Letter Opener","The Courier","Black Star","Red Mask","Anchor","Frozen Egg 2","Dream Catcher","Toxic Egg 2","Gremlin Horn","Dead Branch","Pear","Bronze Scales","Blue Candle","Cables"],"potions_floor_usage":[7,10,10,21,33,40,54,55],"damage_taken":[{"damage":0,"enemies":"Cultist","floor":1,"turns":3},{"damage":6,"enemies":"2 Louse","floor":3,"turns":2},{"damage":0,"enemies":"Jaw Worm","floor":5,"turns":3},{"damage":16,"enemies":"Lagavulin","floor":7,"turns":7},{"damage":15,"enemies":"Gremlin Nob","floor":10,"turns":4},{"damage":4,"enemies":"Gremlin Gang","floor":13,"turns":4},{"damage":14,"enemies":"3 Sentries","floor":14,"turns":7},{"damage":12,"enemies":"Hexaghost","floor":16,"turns":9},{"damage":0,"enemies":"Spheric Guardian","floor":18,"turns":4},{"damage":10,"enemies":"3 Byrds","floor":21,"turns":5},{"damage":19,"enemies":"Centurion and Healer","floor":22,"turns":5},{"damage":0,"enemies":"Snecko","floor":24,"turns":7},{"damage":18,"enemies":"Snake Plant","floor":25,"turns":4},{"damage":5,"enemies":"Gremlin Leader","floor":27,"turns":7},{"damage":0,"enemies":"Champ","floor":33,"turns":8},{"damage":9,"enemies":"3 Darklings","floor":35,"turns":5},{"damage":0,"enemies":"Orb Walker","floor":38,"turns":2},{"damage":3,"enemies":"Nemesis","floor":40,"turns":5},{"damage":0,"enemies":"Maw","floor":41,"turns":6},{"damage":0,"enemies":"4 Shapes","floor":42,"turns":2},{"damage":0,"enemies":"Giant Head","floor":44,"turns":8},{"damage":0,"enemies":"Transient","floor":45,"turns":5},{"damage":0,"enemies":"3 Darklings","floor":46,"turns":4},{"damage":0,"enemies":"Nemesis","floor":47,"turns":7},{"damage":3,"enemies":"Jaw Worm Horde","floor":48,"turns":3},{"damage":9,"enemies":"Awakened One","floor":50,"turns":14},{"damage":17,"enemies":"Shield and Spear","floor":54,"turns":4},{"damage":61,"enemies":"The Heart","floor":55,"turns":8}],"seed_played":"4327039967872915222","potions_obtained":[{"floor":1,"key":"Swift Potion"},{"floor":3,"key":"Block Potion"},{"floor":5,"key":"Poison Potion"},{"floor":14,"key":"Block Potion"},{"floor":16,"key":"PowerPotion"},{"floor":24,"key":"GamblersBrew"},{"floor":35,"key":"LiquidBronze"},{"floor":41,"key":"SpeedPotion"},{"floor":48,"key":"Explosive Potion"}],"is_trial":false,"path_per_floor":["M","?","M","?","M","R","E","$","T","E","R","$","M","E","R","B",null,"M","?","$","M","M","R","M","M","T","E","?","R","$","?","R","B",null,"M","?","?","M","T","E","M","M","T","E","M","M","E","M","R","B",null,"R","$","E","B",null],"character_chosen":"DEFECT","items_purchased":["Coolheaded","Weak Potion","Defragment","Cold Snap","Loop+1","Bronze Scales"],"campfire_rested":0,"item_purchase_floors":[8,12,20,20,53,53],"current_hp_per_floor":[75,75,69,69,71,71,57,57,57,44,44,44,42,30,30,20,61,63,63,63,65,54,54,64,56,56,61,67,67,67,67,67,81,81,81,81,71,81,81,81,81,81,81,81,81,81,91,91,91,91,91,91,91,91,46],"gold":72,"neow_bonus":"ONE_RARE_RELIC","is_prod":false,"is_daily":false,"chose_seed":false,"campfire_upgraded":7,"win_rate":0,"timestamp":1566132239,"path_taken":["M","?","M","?","M","R","E","$","T","E","R","$","?","E","R","BOSS","M","?","$","?","M","R","M","M","T","E","?","R","?","?","R","BOSS","M","?","?","M","?","E","M","M","T","E","M","M","E","M","R","BOSS","R","$","E","BOSS"],"build_version":"2019-07-17","purchased_purges":2,"victory":true,"max_hp_per_floor":[75,75,75,75,75,75,75,75,75,75,75,75,75,75,75,75,75,75,75,75,75,75,75,75,75,75,75,81,81,81,81,81,81,81,81,81,81,81,81,81,81,81,81,81,81,81,91,91,91,91,91,91,91,91,91],"card_choices":[{"not_picked":["Aggregate","Undo"],"picked":"White Noise","floor":1},{"not_picked":["Turbo","Redo"],"picked":"Cold Snap","floor":3},{"not_picked":["Redo","Conserve Battery"],"picked":"Genetic Algorithm","floor":5},{"not_picked":["Streamline","Skim"],"picked":"Core Surge","floor":7},{"not_picked":["Beam Cell","Streamline"],"picked":"Blizzard","floor":10},{"not_picked":["Gash","Beam Cell"],"picked":"Cold Snap","floor":13},{"not_picked":["Stack","Redo"],"picked":"Beam Cell","floor":14},{"not_picked":["Thunder Strike","Seek"],"picked":"Echo Form","floor":16},{"not_picked":["Barrage+1","Turbo"],"picked":"Heatsinks","floor":18},{"not_picked":["Genetic Algorithm","Auto Shields+1"],"picked":"Go for the Eyes","floor":21},{"not_picked":["Stack","Hello World"],"picked":"Steam+1","floor":22},{"not_picked":["Lockon","Multi-Cast"],"picked":"Coolheaded+1","floor":24},{"not_picked":["Redo+1","Cold Snap"],"picked":"Turbo+1","floor":25},{"not_picked":["Rebound","Cold Snap","Darkness"],"picked":"SKIP","floor":27},{"not_picked":["Rainbow","Hyperbeam"],"picked":"Electrodynamics","floor":33},{"not_picked":["Beam Cell","Gash+1"],"picked":"Static Discharge","floor":35},{"not_picked":["Good Instincts","Trip"],"picked":"Panache","floor":37},{"not_picked":["HandOfGreed","Enlightenment"],"picked":"Panacea","floor":37},{"not_picked":["Ball Lightning+1","Cold Snap","Force Field+1"],"picked":"SKIP","floor":38},{"not_picked":["White Noise","Self Repair"],"picked":"Hologram+1","floor":40},{"not_picked":["Sweeping Beam+1","Chaos","Force Field"],"picked":"SKIP","floor":41},{"not_picked":["Melter+1","BootSequence+1"],"picked":"Go for the Eyes+1","floor":42},{"not_picked":["Redo+1","Darkness+1"],"picked":"Conserve Battery","floor":44},{"not_picked":["Leap+1","Ball Lightning"],"picked":"Coolheaded+1","floor":45},{"not_picked":["Streamline","Leap+1"],"picked":"Turbo+1","floor":46},{"not_picked":["Turbo+1","Hyperbeam","Ball Lightning+1"],"picked":"SKIP","floor":47},{"not_picked":["Skim+1","FTL"],"picked":"Glacier+1","floor":48},{"not_picked":["Lockon","Ball Lightning","Core Surge"],"picked":"SKIP","floor":54}],"player_experience":1815334,"relics_obtained":[{"floor":7,"key":"Pen Nib"},{"floor":9,"key":"Bag of Preparation"},{"floor":10,"key":"Darkstone Periapt"},{"floor":14,"key":"Tiny Chest"},{"floor":26,"key":"Mercury Hourglass"},{"floor":27,"key":"Letter Opener"},{"floor":40,"key":"Anchor"},{"floor":40,"key":"Frozen Egg 2"},{"floor":43,"key":"Dream Catcher"},{"floor":44,"key":"Toxic Egg 2"},{"floor":44,"key":"Gremlin Horn"},{"floor":47,"key":"Dead Branch"},{"floor":47,"key":"Pear"},{"floor":54,"key":"Blue Candle"},{"floor":54,"key":"Cables"}],"event_choices":[{"damage_healed":0,"gold_gain":0,"player_choice":"Grow","damage_taken":0,"max_hp_gain":0,"max_hp_loss":0,"event_name":"Living Wall","floor":2,"gold_loss":0,"cards_upgraded":["Zap"]},{"cards_removed":["Strike_B"],"damage_healed":0,"gold_gain":0,"player_choice":"Offered Basic","damage_taken":0,"max_hp_gain":0,"max_hp_loss":0,"event_name":"Bonfire Elementals","floor":4,"gold_loss":0},{"damage_healed":0,"gold_gain":0,"cards_transformed":["Strike_B"],"player_choice":"Transformed","damage_taken":0,"max_hp_gain":0,"max_hp_loss":0,"event_name":"Transmorgrifier","floor":19,"gold_loss":0,"cards_obtained":["Fission"]},{"damage_healed":0,"gold_gain":0,"player_choice":"Opened","damage_taken":0,"relics_obtained":["The Courier"],"max_hp_gain":0,"max_hp_loss":0,"event_name":"The Mausoleum","floor":28,"gold_loss":0,"cards_obtained":["Writhe"]},{"damage_healed":0,"gold_gain":0,"player_choice":"Read","damage_taken":0,"max_hp_gain":0,"max_hp_loss":0,"event_name":"The Library","floor":31,"gold_loss":0,"cards_obtained":["Biased Cognition"]},{"damage_healed":0,"gold_gain":0,"player_choice":"Paid","damage_taken":0,"relics_obtained":["Red Mask"],"max_hp_gain":0,"max_hp_loss":0,"event_name":"Tomb of Lord Red Mask","floor":36,"gold_loss":152},{"damage_healed":0,"gold_gain":0,"player_choice":"Memory 3","damage_taken":10,"max_hp_gain":0,"max_hp_loss":0,"event_name":"SensoryStone","floor":37,"gold_loss":0}],"is_beta":false,"boss_relics":[{"not_picked":["Snecko Eye","Eternal Feather"],"picked":"Runic Pyramid"},{"not_picked":["Orrery","White Beast Statue"],"picked":"Black Star"}],"items_purged_floors":[20,30],"is_endless":false,"potions_floor_spawned":[1,3,5,14,16,24,27,35,41,46,47,48],"ascension_level":5}