{"gold_per_floor":[18,18,34,51,51,51,84,101,179,195,214,246,246,275,275,374,374,364,5,5,19,33,33,52,71,71,71,71],"floor_reached":28,"playtime":1181,"items_purged":["Defend_R"],"score":303,"play_id":"0ac4aa44-92fa-4ea4-a691-51270d5f3900","local_time":"20190926181936","is_ascension_mode":true,"campfire_choices":[{"data":"Inflame","floor":6,"key":"SMITH"},{"floor":13,"key":"REST"},{"floor":15,"key":"REST"},{"floor":23,"key":"REST"},{"floor":27,"key":"REST"}],"neow_cost":"NO_GOLD","seed_source_timestamp":1214358791710100,"circlet_count":0,"master_deck":["Strike_R+1","Strike_R+1","Strike_R+1","Strike_R+1","Defend_R+1","Defend_R+1","Defend_R+1","Bash","Inflame+1","Feel No Pain","Armaments","Dark Embrace","Iron Wave","Flame Barrier","Havoc","Impervious","Clothesline+1","Sword Boomerang+1","Anger+1"],"relics":["Burning Blood","Torii","Shovel","Bottled Lightning","Potion Belt","Kunai","White Beast Statue","Membership Card","Boot","Vajra"],"potions_floor_usage":[7,12,16,16,16,16,16,16,16,21,22,22,24,28,28,28],"damage_taken":[{"damage":0,"enemies":"Small Slimes","floor":1,"turns":3},{"damage":6,"enemies":"Cultist","floor":3,"turns":3},{"damage":8,"enemies":"Jaw Worm","floor":4,"turns":4},{"damage":21,"enemies":"Lagavulin","floor":7,"turns":6},{"damage":21,"enemies":"Looter","floor":8,"turns":4},{"damage":11,"enemies":"2 Fungi Beasts","floor":10,"turns":4},{"damage":15,"enemies":"Blue Slaver","floor":11,"turns":6},{"damage":36,"enemies":"Gremlin Nob","floor":12,"turns":6},{"damage":29,"enemies":"3 Sentries","floor":14,"turns":9},{"damage":41,"enemies":"Slime Boss","floor":16,"turns":15},{"damage":23,"enemies":"2 Thieves","floor":18,"turns":4},{"damage":9,"enemies":"Spheric Guardian","floor":21,"turns":5},{"damage":25,"enemies":"Snake Plant","floor":22,"turns":4},{"damage":8,"enemies":"Centurion and Healer","floor":24,"turns":8},{"damage":36,"enemies":"Sentry and Sphere","floor":25,"turns":9},{"damage":51,"enemies":"Slavers","floor":28,"turns":4}],"seed_played":"-5604104460193995240","potions_obtained":[{"floor":1,"key":"Energy Potion"},{"floor":8,"key":"GamblersBrew"},{"floor":10,"key":"EntropicBrew"},{"floor":11,"key":"GamblersBrew"},{"floor":12,"key":"FearPotion"},{"floor":16,"key":"LiquidBronze"},{"floor":18,"key":"SteroidPotion"},{"floor":21,"key":"Fire Potion"},{"floor":22,"key":"LiquidBronze"},{"floor":24,"key":"FearPotion"},{"floor":25,"key":"PowerPotion"}],"is_trial":false,"path_per_floor":["M","?","M","M","?","R","E","M","T","M","M","E","R","E","R","B",null,"M","$","?","M","M","R","M","M","T","R","E"],"character_chosen":"IRONCLAD","items_purchased":["Membership Card","Boot"],"campfire_rested":4,"item_purchase_floors":[19,19],"current_hp_per_floor":[80,80,80,78,83,83,68,53,53,48,39,9,34,11,36,22,69,52,52,52,49,30,55,53,23,23,48,0],"gold":71,"neow_bonus":"ONE_RARE_RELIC","is_prod":false,"is_daily":false,"chose_seed":false,"campfire_upgraded":1,"win_rate":0,"timestamp":1569511176,"path_taken":["M","?","?","M","?","R","E","M","T","M","M","E","R","E","R","BOSS","M","$","?","M","M","R","M","M","T","R","E"],"build_version":"2019-07-17","purchased_purges":1,"victory":false,"max_hp_per_floor":[80,80,80,80,85,85,85,85,85,85,85,85,85,85,85,85,85,85,85,85,85,85,85,85,85,85,85,85],"card_choices":[{"not_picked":["Body Slam","Heavy Blade"],"picked":"Inflame","floor":1},{"not_picked":["Heavy Blade","Searing Blow"],"picked":"Feel No Pain","floor":3},{"not_picked":["Body Slam","Blood for Blood"],"picked":"Armaments","floor":4},{"not_picked":["Clash","Carnage"],"picked":"Dark Embrace","floor":7},{"not_picked":["Flame Barrier","Heavy Blade"],"picked":"Iron Wave","floor":8},{"not_picked":["Anger","Clash"],"picked":"Flame Barrier","floor":10},{"not_picked":["Wild Strike","Reckless Charge","Armaments"],"picked":"SKIP","floor":11},{"not_picked":["Rupture","Clothesline"],"picked":"Havoc","floor":12},{"not_picked":["Flex","Heavy Blade","Sentinel"],"picked":"SKIP","floor":14},{"not_picked":["Juggernaut","Immolate"],"picked":"Impervious","floor":16},{"not_picked":["Heavy Blade","Warcry"],"picked":"Clothesline+1","floor":18},{"not_picked":["Iron Wave","Feel No Pain+1"],"picked":"Sword Boomerang+1","floor":21},{"not_picked":["Heavy Blade","Iron Wave","Sever Soul"],"picked":"SKIP","floor":22},{"not_picked":["Clash","Rupture","Warcry"],"picked":"SKIP","floor":24},{"not_picked":["Flex","Carnage"],"picked":"Anger+1","floor":25}],"player_experience":363158,"relics_obtained":[{"floor":7,"key":"Shovel"},{"floor":9,"key":"Bottled Lightning"},{"floor":12,"key":"Potion Belt"},{"floor":14,"key":"Kunai"},{"floor":26,"key":"Vajra"}],"event_choices":[{"cards_removed":["Strike_R"],"damage_healed":0,"gold_gain":0,"player_choice":"Offered Basic","damage_taken":0,"max_hp_gain":0,"max_hp_loss":0,"event_name":"Bonfire Elementals","floor":2,"gold_loss":0},{"damage_healed":0,"gold_gain":0,"player_choice":"Donut","damage_taken":0,"max_hp_gain":5,"max_hp_loss":0,"event_name":"Big Fish","floor":5,"gold_loss":0},{"damage_healed":0,"gold_gain":0,"player_choice":"Simplicity","damage_taken":0,"max_hp_gain":0,"max_hp_loss":0,"event_name":"Back to Basics","floor":20,"gold_loss":0,"cards_upgraded":["Strike_R","Strike_R","Strike_R","Strike_R","Defend_R","Defend_R","Defend_R"]}],"is_beta":false,"boss_relics":[{"not_picked":["Lizard Tail","Busted Crown"],"picked":"White Beast Statue"}],"items_purged_floors":[19],"is_endless":false,"potions_floor_spawned":[1,8,10,11,12,16,18,21,22,24,25],"killed_by":"Slavers","ascension_level":5}