{"gold_per_floor":[110,35,35,110,5,26,26,51,51,10,50,50,93,107,107,231,231,252,167,192,1,19,55,55,55,355,393,393,393,424,37,37,166,166,191,524,624,643,663,690,690,715,715,238,238,238,238,338,338,338,338,338,9,41,41],"floor_reached":56,"playtime":2929,"items_purged":["Pain","Pain","Strike_G","Strike_G"],"score":1439,"play_id":"c1826cde-e1d1-4b37-8630-cb9ca5a00f3b","local_time":"20190728134651","is_ascension_mode":true,"campfire_choices":[{"data":"Neutralize","floor":7,"key":"SMITH"},{"floor":12,"key":"REST"},{"data":"Choke","floor":15,"key":"SMITH"},{"floor":24,"key":"REST"},{"floor":32,"key":"REST"},{"data":"Tools of the Trade","floor":41,"key":"SMITH"},{"floor":45,"key":"RECALL"},{"data":"Adrenaline","floor":49,"key":"SMITH"},{"data":"Crippling Poison","floor":52,"key":"SMITH"}],"neow_cost":"CURSE","seed_source_timestamp":68613331026021,"circlet_count":0,"master_deck":["Strike_G","Strike_G","Defend_G","Defend_G+1","Defend_G","Defend_G","Survivor","Neutralize+1","Tools of the Trade+1","Cloak And Dagger+1","Choke+1","Blade Dance","Skewer","Blur","Caltrops+1","Noxious Fumes+1","Deflect","Blade Dance+1","Adrenaline+1","Crippling Poison+1","Sucker Punch+1","Blade Dance+1","Accuracy+1","Trip","A Thousand Cuts+1","Masterful Stab","Outmaneuver+1","Envenom+1","Footwork+1","Master of Strategy","Well Laid Plans+1"],"relics":["Ring of the Serpent","War Paint","FossilizedHelix","WingedGreaves","Frozen Egg 2","Boot","Ice Cream","Old Coin","Juzu Bracelet","WarpedTongs","Paper Crane","Lantern","Eternal Feather","Pocketwatch","Singing Bowl","Tough Bandages","Membership Card","Bag of Preparation","Happy Flower","Art of War","Sundial"],"potions_floor_usage":[16,18,23,23,30,42,50,54,54,55],"damage_taken":[{"damage":0,"enemies":"Cultist","floor":1,"turns":4},{"damage":0,"enemies":"Small Slimes","floor":6,"turns":3},{"damage":1,"enemies":"Jaw Worm","floor":8,"turns":3},{"damage":22,"enemies":"Gremlin Nob","floor":11,"turns":6},{"damage":10,"enemies":"Lagavulin","floor":13,"turns":6},{"damage":0,"enemies":"3 Louse","floor":14,"turns":4},{"damage":0,"enemies":"Hexaghost","floor":16,"turns":9},{"damage":2,"enemies":"Spheric Guardian","floor":18,"turns":6},{"damage":19,"enemies":"2 Thieves","floor":20,"turns":5},{"damage":16,"enemies":"3 Cultists","floor":22,"turns":5},{"damage":28,"enemies":"Slavers","floor":23,"turns":5},{"damage":3,"enemies":"Book of Stabbing","floor":27,"turns":6},{"damage":46,"enemies":"Slavers","floor":30,"turns":6},{"damage":9,"enemies":"Champ","floor":33,"turns":8},{"damage":0,"enemies":"Orb Walker","floor":35,"turns":3},{"damage":0,"enemies":"Mind Bloom Boss Battle","floor":37,"turns":5},{"damage":0,"enemies":"3 Shapes","floor":38,"turns":4},{"damage":0,"enemies":"Maw","floor":39,"turns":7},{"damage":17,"enemies":"Giant Head","floor":40,"turns":8},{"damage":43,"enemies":"Reptomancer","floor":42,"turns":6},{"damage":16,"enemies":"Donu and Deca","floor":50,"turns":8},{"damage":18,"enemies":"Shield and Spear","floor":54,"turns":5},{"damage":23,"enemies":"The Heart","floor":55,"turns":8}],"seed_played":"-3026364388950492801","potions_obtained":[{"floor":6,"key":"Regen Potion"},{"floor":13,"key":"SkillPotion"},{"floor":16,"key":"Explosive Potion"},{"floor":22,"key":"FearPotion"},{"floor":27,"key":"SpeedPotion"},{"floor":30,"key":"Poison Potion"},{"floor":33,"key":"Energy Potion"},{"floor":35,"key":"PowerPotion"}],"is_trial":false,"path_per_floor":["M","$","?","?","?","M","R","M","T","$","E","R","E","M","R","B",null,"M","?","M","$","M","E","R","?","T","E","?","?","E","$","R","B",null,"M","?","?","M","M","E","R","E","T","$","R","?","?","?","R","B",null,"R","$","E","B",null],"character_chosen":"THE_SILENT","items_purchased":["Skewer","Adrenaline","Crippling Poison","Lantern","Accuracy+1","Trip","Membership Card","Bag of Preparation","Footwork+1","Master of Strategy","Well Laid Plans+1","Happy Flower","Art of War","Fire Potion","LiquidBronze"],"campfire_rested":3,"item_purchase_floors":[10,21,21,31,31,31,44,44,44,44,53,53,53,53,53],"current_hp_per_floor":[70,70,53,42,42,42,42,41,41,41,19,40,30,30,30,45,70,68,68,49,49,33,5,26,80,80,77,77,77,31,31,55,46,80,80,80,80,80,80,65,82,39,39,39,57,57,57,57,75,59,82,82,82,66,43],"gold":41,"neow_bonus":"THREE_RARE_CARDS","is_prod":false,"is_daily":false,"chose_seed":false,"campfire_upgraded":5,"win_rate":0,"timestamp":1564318011,"path_taken":["M","$","?","?","?","M","R","?","T","$","E","R","E","M","R","BOSS","M","?","M","$","M","E","R","?","T","E","?","?","E","$","R","BOSS","M","?","?","M","M","E","R","E","T","$","R","?","?","?","R","BOSS","R","$","E","BOSS"],"build_version":"2019-07-17","purchased_purges":4,"victory":true,"max_hp_per_floor":[70,70,70,70,70,70,70,70,70,70,70,70,70,70,70,70,70,70,70,70,70,70,70,70,80,80,80,80,80,80,80,80,80,80,80,80,80,80,80,82,82,82,82,82,82,82,82,82,82,82,82,82,82,84,84],"card_choices":[{"not_picked":["Grand Finale","Phantasmal Killer"],"picked":"Tools of the Trade","floor":0},{"not_picked":["Dodge and Roll","Outmaneuver"],"picked":"Cloak And Dagger","floor":1},{"not_picked":["Masterful Stab","Acrobatics"],"picked":"Choke","floor":6},{"not_picked":["PiercingWail","Dagger Spray"],"picked":"Blade Dance","floor":8},{"not_picked":["Sucker Punch","Expertise"],"picked":"Blur","floor":11},{"not_picked":["Malaise","Flechettes"],"picked":"Caltrops","floor":13},{"not_picked":["Terror","Concentrate"],"picked":"Noxious Fumes+1","floor":14},{"not_picked":["Doppelganger","Tools of the Trade+1"],"picked":"Malaise","floor":16},{"not_picked":["Backflip","Bane"],"picked":"Deflect","floor":18},{"not_picked":["Deadly Poison","Outmaneuver"],"picked":"Blade Dance+1","floor":20},{"not_picked":["Sucker Punch+1","Distraction","Deadly Poison"],"picked":"SKIP","floor":22},{"not_picked":["Distraction","Deadly Poison"],"picked":"Sucker Punch+1","floor":22},{"not_picked":["Caltrops+1","Dagger Spray","Bane"],"picked":"SKIP","floor":23},{"not_picked":["Riddle With Holes+1","Outmaneuver+1"],"picked":"Blade Dance+1","floor":27},{"not_picked":["Quick Slash","Eviscerate","Venomology"],"picked":"SKIP","floor":30},{"not_picked":["Bullet Time","Storm of Steel"],"picked":"A Thousand Cuts+1","floor":33},{"not_picked":["Choke+1","Distraction"],"picked":"Masterful Stab","floor":35},{"not_picked":["Bane+1","Backflip","Infinite Blades+1"],"picked":"SKIP","floor":38},{"not_picked":["Backflip","Noxious Fumes+1"],"picked":"Outmaneuver+1","floor":39},{"not_picked":["Flying Knee+1","Flechettes","Cloak And Dagger"],"picked":"Singing Bowl","floor":40},{"not_picked":["Dodge and Roll+1","Flechettes"],"picked":"Envenom+1","floor":42},{"not_picked":["Quick Slash","Blade Dance","Dagger Throw"],"picked":"Singing Bowl","floor":54}],"player_experience":1764486,"relics_obtained":[{"floor":9,"key":"FossilizedHelix"},{"floor":11,"key":"WingedGreaves"},{"floor":13,"key":"Frozen Egg 2"},{"floor":23,"key":"Ice Cream"},{"floor":26,"key":"Old Coin"},{"floor":27,"key":"Juzu Bracelet"},{"floor":30,"key":"Paper Crane"},{"floor":37,"key":"Pocketwatch"},{"floor":40,"key":"Singing Bowl"},{"floor":42,"key":"Tough Bandages"},{"floor":54,"key":"Sundial"}],"event_choices":[{"damage_healed":0,"gold_gain":0,"player_choice":"Take Damage","damage_taken":17,"relics_obtained":["Golden Idol"],"max_hp_gain":0,"max_hp_loss":0,"event_name":"Golden Idol","floor":3,"gold_loss":0},{"damage_healed":0,"gold_gain":75,"player_choice":"Gather Gold","damage_taken":11,"max_hp_gain":0,"max_hp_loss":0,"event_name":"World of Goop","floor":4,"gold_loss":0},{"damage_healed":0,"gold_gain":0,"player_choice":"Paid Gold","damage_taken":0,"relics_obtained":["War Paint"],"max_hp_gain":0,"max_hp_loss":0,"event_name":"WeMeetAgain","floor":5,"gold_loss":105},{"damage_healed":0,"gold_gain":0,"player_choice":"Obtained Relic","damage_taken":0,"relics_obtained":["Boot"],"max_hp_gain":0,"max_hp_loss":0,"event_name":"Addict","floor":19,"gold_loss":85},{"cards_removed":["Malaise"],"damage_healed":44,"gold_gain":0,"player_choice":"Offered Rare","damage_taken":0,"max_hp_gain":10,"max_hp_loss":0,"event_name":"Bonfire Elementals","floor":25,"gold_loss":0},{"damage_healed":0,"gold_gain":0,"player_choice":"Ignored","damage_taken":0,"max_hp_gain":0,"max_hp_loss":0,"event_name":"Ghosts","floor":28,"gold_loss":0},{"damage_healed":0,"gold_gain":0,"player_choice":"Rummage","damage_taken":0,"relics_obtained":["WarpedTongs"],"max_hp_gain":0,"max_hp_loss":0,"event_name":"Accursed Blacksmith","floor":29,"gold_loss":0,"cards_obtained":["Pain"]},{"damage_healed":0,"gold_gain":333,"player_choice":"Gave Idol","damage_taken":0,"max_hp_gain":0,"max_hp_loss":0,"event_name":"The Moai Head","floor":36,"relics_lost":["Golden Idol"],"gold_loss":0},{"damage_healed":0,"gold_gain":0,"player_choice":"Fight","damage_taken":0,"max_hp_gain":0,"max_hp_loss":0,"event_name":"MindBloom","floor":37,"gold_loss":0},{"cards_removed":["Defend_G"],"damage_healed":0,"gold_gain":0,"player_choice":"Removed Skill","damage_taken":0,"max_hp_gain":0,"max_hp_loss":0,"event_name":"Falling","floor":46,"gold_loss":0},{"cards_removed":["Strike_G"],"damage_healed":0,"gold_gain":0,"player_choice":"Purged","damage_taken":0,"max_hp_gain":0,"max_hp_loss":0,"event_name":"Purifier","floor":47,"gold_loss":0},{"damage_healed":0,"gold_gain":100,"player_choice":"Pray","damage_taken":0,"max_hp_gain":0,"max_hp_loss":0,"event_name":"Golden Shrine","floor":48,"gold_loss":0}],"is_beta":false,"boss_relics":[{"not_picked":["Sozu","Coffee Dripper"],"picked":"Ring of the Serpent"},{"not_picked":["Tiny House","White Beast Statue"],"picked":"Eternal Feather"}],"items_purged_floors":[2,31,44,53],"is_endless":false,"potions_floor_spawned":[6,13,16,22,27,30,33,35,38,39],"ascension_level":3}