{"gold_per_floor":[116,116,191,191,116,116,126,183,209,209,227,227,252,271,271,371,371,387,45,62,80,31,31,130,130,130,130,144,144],"floor_reached":29,"playtime":912,"items_purged":["Strike_R","Spot Weakness"],"score":289,"play_id":"62acfe63-1779-483b-8c80-2dffc73be8f0","local_time":"20190722183722","is_ascension_mode":true,"campfire_choices":[{"data":"Bash","floor":6,"key":"SMITH"},{"floor":10,"key":"REST"},{"data":"True Grit","floor":12,"key":"SMITH"},{"floor":15,"key":"REST"},{"data":"Barricade","floor":23,"key":"SMITH"},{"data":"True Grit","floor":25,"key":"SMITH"}],"neow_cost":"CURSE","seed_source_timestamp":958073185382800,"circlet_count":0,"master_deck":["Strike_R","Strike_R","Strike_R","Strike_R","Defend_R","Defend_R","Defend_R","Defend_R","Bash+1","Flame Barrier","True Grit+1","Clothesline","Thunderclap","Dropkick","Barricade+1","Spot Weakness+1","Flex","Iron Wave+1","True Grit+1","Armaments"],"relics":["Burning Blood","Regal Pillow","Red Skull","Odd Mushroom","Mark of Pain","Shuriken","Smiling Mask"],"potions_floor_usage":[8,8,8,8,8,14,16,21,21,21,21,28,29,29],"damage_taken":[{"damage":10,"enemies":"Cultist","floor":1,"turns":3},{"damage":10,"enemies":"2 Louse","floor":7,"turns":4},{"damage":62,"enemies":"Lagavulin Event","floor":8,"turns":10},{"damage":7,"enemies":"Small Slimes","floor":11,"turns":4},{"damage":41,"enemies":"The Mushroom Lair","floor":13,"turns":5},{"damage":4,"enemies":"Gremlin Gang","floor":14,"turns":4},{"damage":52,"enemies":"The Guardian","floor":16,"turns":13},{"damage":45,"enemies":"Spheric Guardian","floor":18,"turns":7},{"damage":7,"enemies":"Chosen","floor":20,"turns":4},{"damage":29,"enemies":"Shelled Parasite and Fungi","floor":21,"turns":6},{"damage":25,"enemies":"Sentry and Sphere","floor":28,"turns":6},{"damage":20,"enemies":"Colosseum Slavers","floor":29,"turns":4}],"seed_played":"1249227991059807709","potions_obtained":[{"floor":1,"key":"EssenceOfSteel"},{"floor":4,"key":"Energy Potion"},{"floor":4,"key":"PowerPotion"},{"floor":4,"key":"EntropicBrew"},{"floor":7,"key":"Explosive Potion"},{"floor":13,"key":"SteroidPotion"},{"floor":14,"key":"Weak Potion"},{"floor":20,"key":"EntropicBrew"},{"floor":21,"key":"Energy Potion"},{"floor":28,"key":"Energy Potion"}],"is_trial":false,"path_per_floor":["M","?","?","?","$","R","M","?","T","R","M","R","?","M","R","B",null,"M","$","M","M","$","R","?","R","T","?","M","?"],"character_chosen":"IRONCLAD","items_purchased":["Shuriken","True Grit"],"campfire_rested":2,"item_purchase_floors":[19,22],"current_hp_per_floor":[92,85,74,74,74,74,70,14,14,57,56,56,21,23,66,20,77,38,38,37,38,38,38,38,38,38,38,19,0],"gold":144,"neow_bonus":"TWENTY_PERCENT_HP_BONUS","is_prod":false,"is_daily":false,"chose_seed":false,"campfire_upgraded":4,"win_rate":0,"timestamp":1563809842,"path_taken":["M","?","?","?","$","R","?","?","T","R","M","R","?","M","R","BOSS","M","$","M","M","$","R","?","R","T","?","M","?"],"build_version":"2019-07-17","purchased_purges":2,"victory":false,"max_hp_per_floor":[96,96,96,96,96,96,96,96,96,96,96,96,96,96,96,96,96,96,96,96,96,96,96,96,96,96,96,96,96],"card_choices":[{"not_picked":["Warcry","Clothesline"],"picked":"Flame Barrier","floor":1},{"not_picked":["Second Wind","Anger"],"picked":"True Grit","floor":7},{"not_picked":["Body Slam","Heavy Blade"],"picked":"Clothesline","floor":8},{"not_picked":["Anger","Headbutt"],"picked":"Thunderclap","floor":11},{"not_picked":["Wild Strike","Twin Strike"],"picked":"Spot Weakness","floor":13},{"not_picked":["Bloodletting","Twin Strike"],"picked":"Dropkick","floor":14},{"not_picked":["Impervious","Double Tap"],"picked":"Barricade","floor":16},{"not_picked":["Flex","Perfected Strike"],"picked":"Spot Weakness+1","floor":18},{"not_picked":["Cleave","Clothesline+1"],"picked":"Flex","floor":20},{"not_picked":["Perfected Strike","Sentinel"],"picked":"Iron Wave+1","floor":21},{"not_picked":["Shrug It Off","True Grit+1"],"picked":"Armaments","floor":28}],"player_experience":358652,"relics_obtained":[{"floor":9,"key":"Red Skull"},{"floor":13,"key":"Odd Mushroom"},{"floor":26,"key":"Smiling Mask"}],"event_choices":[{"cards_removed":["Pain"],"damage_healed":0,"gold_gain":0,"player_choice":"Card Removal","damage_taken":7,"max_hp_gain":0,"max_hp_loss":0,"event_name":"Golden Wing","floor":2,"gold_loss":0},{"damage_healed":0,"gold_gain":75,"player_choice":"Gather Gold","damage_taken":11,"max_hp_gain":0,"max_hp_loss":0,"event_name":"World of Goop","floor":3,"gold_loss":0},{"damage_healed":0,"gold_gain":0,"player_choice":"Got Potions","damage_taken":0,"max_hp_gain":0,"max_hp_loss":0,"event_name":"Lab","floor":4,"gold_loss":0},{"damage_healed":0,"gold_gain":30,"player_choice":"Searched \u00273\u0027 times","damage_taken":0,"relics_obtained":["Regal Pillow"],"max_hp_gain":0,"max_hp_loss":0,"event_name":"Dead Adventurer","floor":8,"gold_loss":0},{"damage_healed":0,"gold_gain":0,"player_choice":"Fought Mushrooms","damage_taken":0,"max_hp_gain":0,"max_hp_loss":0,"event_name":"Mushrooms","floor":13,"gold_loss":0},{"damage_healed":0,"gold_gain":99,"player_choice":"Stole From Cult","damage_taken":0,"max_hp_gain":0,"max_hp_loss":0,"event_name":"Nest","floor":24,"gold_loss":0},{"damage_healed":0,"gold_gain":0,"player_choice":"Ignored","damage_taken":0,"max_hp_gain":0,"max_hp_loss":0,"event_name":"Ghosts","floor":27,"gold_loss":0},{"damage_healed":0,"gold_gain":0,"player_choice":"Fight","damage_taken":0,"max_hp_gain":0,"max_hp_loss":0,"event_name":"Colosseum","floor":29,"gold_loss":0}],"is_beta":false,"boss_relics":[{"not_picked":["Busted Crown","Runic Cube"],"picked":"Mark of Pain"}],"items_purged_floors":[5,19],"is_endless":false,"potions_floor_spawned":[1,7,13,14,20,21,28],"killed_by":"Colosseum Slavers","ascension_level":5}