{"gold_per_floor":[11,24,24,42,42,42,54,69,69,96,96,108,34,60,60,155,155,169,94,94,369,385,411,201,216,261,291,310,326,326,341,341,443,443,457,133,146,0,0,0,20,20,20,20,40,70,88,102,102,102],"floor_reached":51,"playtime":4005,"items_purged":["Regret","Strike_G"],"score":1094,"play_id":"b52c4bff-c878-472b-8f2d-d0d61a269023","local_time":"20191024182136","is_ascension_mode":true,"campfire_choices":[{"data":"Neutralize","floor":6.0,"key":"SMITH"},{"floor":11.0,"key":"REST"},{"data":"Bouncing Flask","floor":15.0,"key":"SMITH"},{"floor":30.0,"key":"REST"},{"data":"Wraith Form v2","floor":32.0,"key":"SMITH"},{"data":"Footwork","floor":40.0,"key":"SMITH"},{"data":"Wraith Form v2","floor":42.0,"key":"SMITH"},{"floor":49,"key":"REST"}],"neow_cost":"NO_GOLD","seed_source_timestamp":0,"circlet_count":0,"master_deck":["AscendersBane","Defend_G","Defend_G","Defend_G","Defend_G","Defend_G","Survivor","Neutralize+1","Finisher","Poisoned Stab","Sucker Punch","Escape Plan","Crippling Poison","Catalyst","Bouncing Flask+1","Die Die Die","Riddle With Holes","Catalyst","PiercingWail+1","Wraith Form v2+1","Dagger Spray+1","Backflip+1","Corpse Explosion","Wraith Form v2+1","Backflip+1","Footwork+1","Dodge and Roll+1","Malaise"],"special_seed":0,"relics":["Ring of the Snake","Pantograph","Shuriken","Happy Flower","Velvet Choker","Dodecahedron","PreservedInsect","Strawberry","Cursed Key","Oddly Smooth Stone","Red Mask","Bottled Flame"],"potions_floor_usage":[50],"damage_taken":[{"damage":0.0,"enemies":"2 Louse","floor":1.0,"turns":3.0},{"damage":7.0,"enemies":"Jaw Worm","floor":2.0,"turns":5.0},{"damage":1.0,"enemies":"Cultist","floor":4.0,"turns":4.0},{"damage":22.0,"enemies":"Exordium Thugs","floor":7.0,"turns":6.0},{"damage":8.0,"enemies":"Exordium Wildlife","floor":8.0,"turns":5.0},{"damage":17.0,"enemies":"Gremlin Nob","floor":10.0,"turns":4.0},{"damage":2.0,"enemies":"Blue Slaver","floor":12.0,"turns":4.0},{"damage":11.0,"enemies":"3 Sentries","floor":14.0,"turns":9.0},{"damage":12.0,"enemies":"Hexaghost","floor":16.0,"turns":8.0},{"damage":1.0,"enemies":"Spheric Guardian","floor":18.0,"turns":3.0},{"damage":17.0,"enemies":"2 Thieves","floor":22.0,"turns":4.0},{"damage":18.0,"enemies":"Gremlin Leader","floor":23.0,"turns":8.0},{"damage":2.0,"enemies":"3 Cultists","floor":25.0,"turns":5.0},{"damage":3.0,"enemies":"Book of Stabbing","floor":27.0,"turns":3.0},{"damage":12.0,"enemies":"Centurion and Healer","floor":28.0,"turns":6.0},{"damage":5.0,"enemies":"Snake Plant","floor":29.0,"turns":3.0},{"damage":15.0,"enemies":"Chosen and Byrds","floor":31.0,"turns":6.0},{"damage":17.0,"enemies":"Automaton","floor":33.0,"turns":8.0},{"damage":6.0,"enemies":"Orb Walker","floor":35.0,"turns":4.0},{"damage":14.0,"enemies":"3 Darklings","floor":37.0,"turns":3.0},{"damage":0.0,"enemies":"Transient","floor":41.0,"turns":5.0},{"damage":17.0,"enemies":"Spire Growth","floor":45.0,"turns":7.0},{"damage":3.0,"enemies":"Nemesis","floor":46.0,"turns":7.0},{"damage":9,"enemies":"Maw","floor":47,"turns":7},{"damage":0,"enemies":"Transient","floor":48,"turns":5},{"damage":24,"enemies":"Awakened One","floor":50,"turns":19}],"seed_played":"-1148783779316251586","potions_obtained":[{"floor":1.0,"key":"Poison Potion"},{"floor":7.0,"key":"Strength Potion"},{"floor":14.0,"key":"LiquidBronze"},{"floor":25.0,"key":"Poison Potion"},{"floor":27.0,"key":"Explosive Potion"},{"floor":33.0,"key":"EssenceOfSteel"},{"floor":45.0,"key":"SteroidPotion"},{"floor":46.0,"key":"SpeedPotion"}],"is_trial":false,"path_per_floor":["M","M","?","M","?","R","M","M","T","E","R","M","$","E","R","B",null,"M","?","?","?","M","E","$","M","T","E","M","M","R","M","R","B",null,"M","$","M","?","?","R","M","R","T","$","M","E","M","M","R","B",null],"character_chosen":"THE_SILENT","items_purchased":["GhostInAJar","Wraith Form v2","Oddly Smooth Stone","Footwork"],"campfire_rested":3,"item_purchase_floors":[13,24,36,36],"current_hp_per_floor":[63,56,56,55,60,60,38,30,30,13,35,33,33,22,22,35,65,64,64,64,64,47,29,29,27,27,31,19,14,38,23,23,31,69,63,63,49,49,49,49,49,49,49,49,32,29,20,20,43,44],"gold":102,"neow_bonus":"REMOVE_TWO","is_prod":false,"is_daily":false,"chose_seed":false,"campfire_upgraded":5,"win_rate":0,"timestamp":1571934096,"path_taken":["M","M","?","M","?","R","M","M","T","E","R","M","$","E","R","BOSS","M","?","?","?","M","E","$","M","T","E","M","M","R","?","R","BOSS","M","$","M","?","?","R","M","R","T","?","M","E","M","M","R","BOSS"],"build_version":"2019-07-17","purchased_purges":2,"victory":true,"max_hp_per_floor":[70,70,70,70,75,75,75,75,75,75,75,75,75,75,75,75,75,75,75,75,75,75,75,75,75,75,82,82,82,82,82,82,82,82,82,82,82,82,78,78,78,78,78,78,78,78,78,78,78,78],"card_choices":[{"not_picked":["PiercingWail","Sucker Punch"],"picked":"Finisher","floor":1.0},{"not_picked":["Backflip","Acrobatics"],"picked":"Poisoned Stab","floor":2.0},{"not_picked":["Venomology","Concentrate"],"picked":"Sucker Punch","floor":4.0},{"not_picked":["Distraction","Skewer","Dagger Throw"],"picked":"SKIP","floor":7.0},{"not_picked":["Flying Knee","Blur"],"picked":"Escape Plan","floor":8.0},{"not_picked":["Slice","Masterful Stab"],"picked":"Crippling Poison","floor":10.0},{"not_picked":["Dodge and Roll","Distraction"],"picked":"Catalyst","floor":12.0},{"not_picked":["Heel Hook","Flying Knee"],"picked":"Bouncing Flask","floor":14.0},{"not_picked":["Venomology","A Thousand Cuts"],"picked":"Die Die Die","floor":16.0},{"not_picked":["Deflect","Blade Dance+1"],"picked":"Riddle With Holes","floor":18.0},{"not_picked":["Acrobatics+1","Deadly Poison"],"picked":"Catalyst","floor":22.0},{"not_picked":["Backflip+1","Slice"],"picked":"PiercingWail+1","floor":23.0},{"not_picked":["Flying Knee","Masterful Stab"],"picked":"Dagger Spray+1","floor":25.0},{"not_picked":["Accuracy","Bane"],"picked":"Backflip+1","floor":27.0},{"not_picked":["Underhanded Strike","Dagger Spray"],"picked":"Corpse Explosion","floor":28.0},{"not_picked":["Escape Plan","Deflect","Underhanded Strike"],"picked":"SKIP","floor":29.0},{"not_picked":["Dagger Throw","Quick Slash+1","Slice"],"picked":"SKIP","floor":31.0},{"not_picked":["Phantasmal Killer","Doppelganger"],"picked":"Wraith Form v2","floor":33.0},{"not_picked":["Blur","Caltrops"],"picked":"Backflip+1","floor":35.0},{"not_picked":["Acrobatics","Blade Dance","Sucker Punch"],"picked":"SKIP","floor":37.0},{"not_picked":["Quick Slash+1","Endless Agony","Reflex+1"],"picked":"SKIP","floor":41.0},{"not_picked":["Dagger Spray+1","Blade Dance"],"picked":"Dodge and Roll+1","floor":45.0},{"not_picked":["Dagger Spray+1","Infinite Blades"],"picked":"Malaise","floor":46.0},{"not_picked":["Dagger Throw","Outmaneuver","Underhanded Strike+1"],"picked":"SKIP","floor":47},{"not_picked":["Choke","Crippling Poison","Dagger Spray+1"],"picked":"SKIP","floor":48}],"player_experience":327398,"relics_obtained":[{"floor":9.0,"key":"Pantograph"},{"floor":10.0,"key":"Shuriken"},{"floor":14.0,"key":"Happy Flower"},{"floor":23.0,"key":"Dodecahedron"},{"floor":26.0,"key":"PreservedInsect"},{"floor":27.0,"key":"Strawberry"},{"floor":46.0,"key":"Bottled Flame"}],"event_choices":[{"cards_removed":["Strike_G"],"damage_healed":0.0,"max_hp_gain":0.0,"max_hp_loss":0.0,"gold_gain":0.0,"event_name":"Living Wall","player_choice":"Forget","floor":3.0,"gold_loss":0.0,"damage_taken":0.0},{"damage_healed":0.0,"max_hp_gain":5.0,"max_hp_loss":0.0,"gold_gain":0.0,"event_name":"Big Fish","player_choice":"Donut","floor":5.0,"gold_loss":0.0,"damage_taken":0.0},{"cards_removed":["Strike_G"],"damage_healed":0.0,"max_hp_gain":0.0,"max_hp_loss":0.0,"gold_gain":0.0,"event_name":"Beggar","player_choice":"Gave Gold","floor":19.0,"gold_loss":75.0,"damage_taken":0.0},{"damage_healed":0.0,"max_hp_gain":0.0,"max_hp_loss":0.0,"gold_gain":0.0,"event_name":"Vampires","player_choice":"Ignored","floor":20.0,"gold_loss":0.0,"damage_taken":0.0},{"damage_healed":0.0,"max_hp_gain":0.0,"max_hp_loss":0.0,"gold_gain":275.0,"event_name":"Golden Shrine","player_choice":"Desecrate","floor":21.0,"gold_loss":0.0,"damage_taken":0.0,"cards_obtained":["Regret"]},{"damage_healed":0.0,"max_hp_gain":0.0,"max_hp_loss":0.0,"gold_gain":0.0,"event_name":"Tomb of Lord Red Mask","player_choice":"Paid","floor":38.0,"gold_loss":146.0,"damage_taken":0.0,"relics_obtained":["Red Mask"]},{"damage_healed":0.0,"max_hp_gain":0.0,"max_hp_loss":4.0,"gold_gain":0.0,"event_name":"Winding Halls","player_choice":"Max HP","floor":39.0,"gold_loss":0.0,"damage_taken":0.0}],"is_beta":false,"boss_relics":[{"not_picked":["Empty Cage","Tiny House"],"picked":"Velvet Choker"},{"not_picked":["White Beast Statue","Sozu"],"picked":"Cursed Key"}],"items_purged_floors":[24,36],"is_endless":false,"potions_floor_spawned":[1,7,14,16,25,27,29,33,45,46],"ascension_level":11}