{"gold_per_floor":[359,370,370,187,199,233,233,260,260,260,7,7,33,47,47,47],"floor_reached":16,"playtime":699,"items_purged":["Strike_B","Strike_B"],"score":183,"play_id":"3b78be7d-4cad-4aab-be6b-f897152ecd34","local_time":"20190512113938","is_ascension_mode":true,"campfire_choices":[{"floor":7,"key":"REST"},{"floor":10,"key":"REST"},{"data":"Go for the Eyes","floor":12,"key":"SMITH"},{"floor":15,"key":"REST"}],"neow_cost":"TEN_PERCENT_HP_LOSS","seed_source_timestamp":1352931231474367,"circlet_count":0,"master_deck":["AscendersBane","Strike_B","Strike_B","Defend_B","Defend_B","Defend_B","Defend_B","Zap","Dualcast","Cold Snap","Go for the Eyes+1","BootSequence","Loop","Loop","Turbo","Ball Lightning","Doom and Gloom+1","Dramatic Entrance+1"],"relics":["Cracked Core","Lantern","Bottled Flame","Cables","Molten Egg 2","Ice Cream"],"potions_floor_usage":[13,13],"damage_taken":[{"damage":0,"enemies":"Small Slimes","floor":1,"turns":3},{"damage":0,"enemies":"2 Louse","floor":2,"turns":2},{"damage":0,"enemies":"Jaw Worm","floor":5,"turns":3},{"damage":44,"enemies":"Gremlin Nob","floor":6,"turns":5},{"damage":26,"enemies":"Lagavulin","floor":8,"turns":7},{"damage":18,"enemies":"Gremlin Nob","floor":13,"turns":3},{"damage":0,"enemies":"Exordium Wildlife","floor":14,"turns":2},{"damage":30,"enemies":"Hexaghost","floor":16,"turns":7}],"seed_played":"8855520097110419606","potions_obtained":[{"floor":2,"key":"Explosive Potion"},{"floor":6,"key":"FearPotion"},{"floor":8,"key":"Explosive Potion"}],"is_trial":false,"path_per_floor":["M","M","?","$","M","E","R","E","T","R","$","R","E","M","R","B"],"character_chosen":"DEFECT","items_purchased":["BootSequence","Loop","Doom and Gloom+1","Dramatic Entrance+1"],"campfire_rested":3,"item_purchase_floors":[4,4,11,11],"current_hp_per_floor":[68,68,56,56,56,12,32,6,6,26,26,26,8,8,28,0],"gold":47,"neow_bonus":"TWO_FIFTY_GOLD","is_prod":false,"is_daily":false,"chose_seed":false,"campfire_upgraded":1,"win_rate":0,"timestamp":1557653978,"path_taken":["M","M","?","$","M","E","R","E","T","R","$","R","E","M","R","BOSS"],"build_version":"2019-01-23","purchased_purges":2,"victory":false,"max_hp_per_floor":[68,68,68,68,68,68,68,68,68,68,68,68,68,68,68,68],"card_choices":[{"not_picked":["Beam Cell","Steam"],"picked":"Cold Snap","floor":1},{"not_picked":["Hologram","Stack"],"picked":"Go for the Eyes","floor":2},{"not_picked":["Gash","Redo"],"picked":"Loop","floor":5},{"not_picked":["Coolheaded","Multi-Cast"],"picked":"Turbo","floor":6},{"not_picked":["Thunder Strike","Loop"],"picked":"Ball Lightning","floor":8},{"not_picked":["Heatsinks","Amplify","Fusion"],"picked":"SKIP","floor":13},{"not_picked":["Beam Cell+1","Turbo","BootSequence"],"picked":"SKIP","floor":14}],"player_experience":570544,"relics_obtained":[{"floor":6,"key":"Bottled Flame"},{"floor":8,"key":"Cables"},{"floor":9,"key":"Molten Egg 2"},{"floor":13,"key":"Ice Cream"}],"event_choices":[{"damage_healed":0,"gold_gain":0,"player_choice":"Success","damage_taken":12,"relics_obtained":["Lantern"],"max_hp_gain":0,"max_hp_loss":0,"event_name":"Scrap Ooze","floor":3,"gold_loss":0}],"is_beta":false,"boss_relics":[],"items_purged_floors":[4,11],"is_endless":false,"potions_floor_spawned":[2,6,8],"killed_by":"Hexaghost","ascension_level":11}