{"gold_per_floor":[117,127,30,30,45,80,151,151,174,194,205,220,237,98,98,202,202,167,180,192,105,117,117],"floor_reached":23,"playtime":1550,"items_purged":["Strike_B","Strike_B","Defend_B"],"score":207,"play_id":"b9a4ede3-0507-4b0d-8729-9721caf23da8","local_time":"20181224233408","is_ascension_mode":true,"campfire_choices":[{"data":"Zap","floor":8,"key":"SMITH"},{"floor":15,"key":"REST"}],"neow_cost":"PERCENT_DAMAGE","seed_source_timestamp":179705065246897,"circlet_count":0,"master_deck":["Defend_B","Defend_B","Defend_B","Zap+1","Dualcast+1","Genetic Algorithm","Skim","Coolheaded","Conserve Battery","Turbo","Beam Cell","Multi-Cast","Gash","Melter","Self Repair","Rainbow","Defragment","Redo+1","Lockon"],"relics":["Cracked Core","Smiling Mask","Pear","Happy Flower","Black Star"],"potions_floor_usage":[6,13,16,16,19,20,20],"damage_taken":[{"damage":8,"enemies":"Small Slimes","floor":1,"turns":4},{"damage":4,"enemies":"Jaw Worm","floor":2,"turns":8},{"damage":0,"enemies":"Cultist","floor":5,"turns":4},{"damage":10,"enemies":"Lagavulin","floor":6,"turns":8},{"damage":8,"enemies":"Lots of Slimes","floor":10,"turns":4},{"damage":0,"enemies":"3 Louse","floor":11,"turns":3},{"damage":21,"enemies":"Exordium Thugs","floor":12,"turns":6},{"damage":0,"enemies":"2 Fungi Beasts","floor":13,"turns":4},{"damage":22,"enemies":"The Guardian","floor":16,"turns":14},{"damage":13,"enemies":"2 Thieves","floor":18,"turns":5},{"damage":20,"enemies":"3 Byrds","floor":19,"turns":3},{"damage":17,"enemies":"3 Cultists","floor":20,"turns":7},{"damage":14,"enemies":"Snecko","floor":22,"turns":5},{"damage":60,"enemies":"Slavers","floor":23,"turns":5}],"seed_played":"-4203394659785309407","potions_obtained":[{"floor":2,"key":"PowerPotion"},{"floor":10,"key":"Explosive Potion"},{"floor":12,"key":"Regen Potion"},{"floor":13,"key":"Weak Potion"},{"floor":18,"key":"Poison Potion"},{"floor":19,"key":"Regen Potion"}],"is_trial":false,"path_per_floor":["M","M","$","?","M","E","T","R","T","M","M","M","M","$","R","B",null,"M","M","M","$","M","E"],"character_chosen":"DEFECT","items_purchased":["Turbo","Self Repair","PowerPotion","Lockon"],"campfire_rested":1,"item_purchase_floors":[3,14,14,21],"current_hp_per_floor":[46,42,42,42,42,32,42,42,42,34,34,13,25,25,50,42,85,79,59,64,64,57,0],"gold":117,"neow_bonus":"TRANSFORM_TWO_CARDS","is_prod":false,"is_daily":false,"chose_seed":false,"campfire_upgraded":1,"win_rate":0,"timestamp":1545662048,"path_taken":["M","M","$","?","M","E","?","R","T","?","M","M","M","$","R","BOSS","M","?","?","$","M","E"],"build_version":"2018-12-20","purchased_purges":3,"victory":false,"max_hp_per_floor":[75,75,75,75,75,75,85,85,85,85,85,85,85,85,85,85,85,85,85,85,85,85,85],"card_choices":[{"not_picked":["Redo","Beam Cell"],"picked":"Coolheaded","floor":1},{"not_picked":["Hologram","Compile Driver"],"picked":"Conserve Battery","floor":2},{"not_picked":["Genetic Algorithm","Hologram","Tempest"],"picked":"SKIP","floor":5},{"not_picked":["Consume","Hologram"],"picked":"Beam Cell","floor":6},{"not_picked":["Hologram","Sweeping Beam","Rebound"],"picked":"SKIP","floor":10},{"not_picked":["Conserve Battery","Leap"],"picked":"Multi-Cast","floor":11},{"not_picked":["Steam","Conserve Battery"],"picked":"Gash","floor":12},{"not_picked":["Hologram","Machine Learning"],"picked":"Melter","floor":13},{"not_picked":["Core Surge","Buffer"],"picked":"Rainbow","floor":16},{"not_picked":["Hello World+1","Leap"],"picked":"Defragment","floor":18},{"not_picked":["Streamline","Steam Power","Static Discharge"],"picked":"SKIP","floor":19},{"not_picked":["Gash+1","Rip and Tear"],"picked":"Redo+1","floor":20},{"not_picked":["Capacitor","Cold Snap","Rebound"],"picked":"SKIP","floor":22}],"player_experience":189769,"relics_obtained":[{"floor":6,"key":"Smiling Mask"},{"floor":7,"key":"Pear"},{"floor":9,"key":"Happy Flower"}],"event_choices":[{"damage_healed":0,"gold_gain":0,"player_choice":"Grow","damage_taken":0,"max_hp_gain":0,"max_hp_loss":0,"event_name":"Living Wall","floor":4,"gold_loss":0,"cards_upgraded":["Dualcast"]}],"is_beta":false,"boss_relics":[{"not_picked":["Lizard Tail","FrozenCore"],"picked":"Black Star"}],"items_purged_floors":[3,14,21],"is_endless":false,"potions_floor_spawned":[2,10,12,13,18,19],"killed_by":"Slavers","ascension_level":1}