{"gold_per_floor":[110,110,123,141,154,154,189,189,189,218,229,189,189],"floor_reached":13,"playtime":576,"items_purged":[],"score":109,"play_id":"ae693376-0006-4d7d-a562-d1603d0f3fcd","local_time":"20181229201857","is_ascension_mode":true,"campfire_choices":[{"data":"White Noise","floor":6,"key":"SMITH"},{"floor":8,"key":"REST"}],"neow_cost":"TEN_PERCENT_HP_LOSS","seed_source_timestamp":600974337906878,"circlet_count":0,"master_deck":["Strike_B","Strike_B","Strike_B","Strike_B","Defend_B","Defend_B","Defend_B","Defend_B","Zap","Dualcast","Electrodynamics","Gash","Defragment","Tempest","White Noise+1","Leap","Thunder Strike","Lockon","Force Field"],"relics":["Cracked Core","Mercury Hourglass","Shuriken","Darkstone Periapt"],"potions_floor_usage":[10,10,11,13,13,13,13,13,13],"damage_taken":[{"damage":5,"enemies":"2 Louse","floor":1,"turns":3},{"damage":0,"enemies":"Cultist","floor":3,"turns":3},{"damage":7,"enemies":"Jaw Worm","floor":4,"turns":3},{"damage":16,"enemies":"Lots of Slimes","floor":5,"turns":2},{"damage":29,"enemies":"Lagavulin","floor":7,"turns":6},{"damage":16,"enemies":"Gremlin Nob","floor":10,"turns":3},{"damage":14,"enemies":"Exordium Thugs","floor":11,"turns":2},{"damage":2,"enemies":"3 Louse","floor":13,"turns":1}],"seed_played":"-2184898260193716378","potions_obtained":[{"floor":3,"key":"FocusPotion"},{"floor":7,"key":"PowerPotion"},{"floor":10,"key":"LiquidBronze"},{"floor":12,"key":"EntropicBrew"},{"floor":12,"key":"LiquidBronze"},{"floor":12,"key":"FearPotion"}],"is_trial":false,"path_per_floor":["M","?","M","M","M","R","E","R","T","E","M","?","M"],"character_chosen":"DEFECT","items_purchased":[],"campfire_rested":1,"item_purchase_floors":[],"current_hp_per_floor":[63,63,63,56,40,40,11,31,31,15,1,1,0],"gold":189,"neow_bonus":"THREE_RARE_CARDS","is_prod":false,"is_daily":false,"chose_seed":false,"campfire_upgraded":1,"win_rate":0,"timestamp":1546082337,"path_taken":["M","?","M","M","?","R","E","R","T","E","M","?","M"],"build_version":"2018-12-20","purchased_purges":0,"victory":false,"max_hp_per_floor":[68,68,68,68,68,68,68,68,68,68,68,68,68],"card_choices":[{"not_picked":["Biased Cognition","Thunder Strike"],"picked":"Electrodynamics","floor":0},{"not_picked":["Compile Driver","Hologram"],"picked":"Gash","floor":1},{"not_picked":["Gash","Core Surge"],"picked":"Tempest","floor":3},{"not_picked":["Leap","Rip and Tear"],"picked":"White Noise","floor":4},{"not_picked":["Blizzard","Hello World"],"picked":"Leap","floor":5},{"not_picked":["Coolheaded","Defragment"],"picked":"Thunder Strike","floor":7},{"not_picked":["Leap","Gash"],"picked":"Lockon","floor":10},{"not_picked":["Redo","Coolheaded"],"picked":"Force Field","floor":11}],"player_experience":252356,"relics_obtained":[{"floor":7,"key":"Mercury Hourglass"},{"floor":9,"key":"Shuriken"},{"floor":10,"key":"Darkstone Periapt"}],"event_choices":[{"damage_healed":0,"gold_gain":0,"player_choice":"1 cards matched","damage_taken":0,"max_hp_gain":0,"max_hp_loss":0,"event_name":"Match and Keep!","floor":2,"gold_loss":0,"cards_obtained":["Defragment"]},{"damage_healed":0,"gold_gain":0,"player_choice":"Bought 3 Potions","damage_taken":0,"max_hp_gain":0,"max_hp_loss":0,"event_name":"The Woman in Blue","floor":12,"gold_loss":0}],"is_beta":false,"boss_relics":[],"items_purged_floors":[],"is_endless":false,"potions_floor_spawned":[3,7,10],"killed_by":"3 Louse","ascension_level":3}