{"gold_per_floor":[115,115,125,125,149,149,160,160,160,189,189,16,50,69,69,143,143,143,33,33,0,0,0,0,0],"floor_reached":25,"playtime":1078,"items_purged":["Strike_R"],"score":397,"play_id":"066ca1a8-2566-446c-919f-f995f392025c","local_time":"20181218162647","is_ascension_mode":true,"campfire_choices":[{"data":"Flame Barrier","floor":6.0,"key":"SMITH"},{"data":"Rampage","floor":8.0,"key":"SMITH"},{"data":"Evolve","floor":11.0,"key":"SMITH"},{"data":"Iron Wave","floor":15.0,"key":"SMITH"},{"data":"Dark Embrace","floor":24.0,"key":"SMITH"}],"neow_cost":"NONE","seed_source_timestamp":190387852443228,"circlet_count":0,"master_deck":["AscendersBane","Strike_R","Strike_R","Strike_R","Defend_R","Defend_R","Defend_R","Defend_R","Bash+1","Flame Barrier+1","Evolve+1","Rampage+1","Headbutt","Shrug It Off+1","Apotheosis+1","Reckless Charge","Iron Wave+1","Dark Embrace+1","Battle Trance+1","Feel No Pain","Feel No Pain"],"special_seed":0,"relics":["Burning Blood","Mercury Hourglass","Toxic Egg 2","Blood Vial","Ectoplasm","Nilry\u0027s Codex","WingedGreaves"],"potions_floor_usage":[],"damage_taken":[{"damage":4.0,"enemies":"Jaw Worm","floor":1.0,"turns":5.0},{"damage":1.0,"enemies":"Cultist","floor":3.0,"turns":3.0},{"damage":1.0,"enemies":"2 Louse","floor":7.0,"turns":3.0},{"damage":8.0,"enemies":"Gremlin Nob","floor":10.0,"turns":3.0},{"damage":12.0,"enemies":"3 Sentries","floor":13.0,"turns":6.0},{"damage":5.0,"enemies":"Blue Slaver","floor":14.0,"turns":4.0},{"damage":40.0,"enemies":"The Guardian","floor":16.0,"turns":12.0},{"damage":0.0,"enemies":"Chosen","floor":18.0,"turns":4.0},{"damage":12.0,"enemies":"2 Thieves","floor":21.0,"turns":4.0},{"damage":2.0,"enemies":"Gremlin Leader","floor":23.0,"turns":9.0},{"damage":61,"enemies":"Slavers","floor":25,"turns":3}],"seed_played":"-1735078682702737684","potions_obtained":[{"floor":1.0,"key":"SteroidPotion"},{"floor":3.0,"key":"EssenceOfSteel"},{"floor":7.0,"key":"EssenceOfSteel"},{"floor":14.0,"key":"AttackPotion"},{"floor":18.0,"key":"SkillPotion"}],"is_trial":false,"path_per_floor":["M","?","M","?","T","R","M","R","T","E","R","$","E","M","R","B",null,"M","$","?","M","?","E","R","E"],"character_chosen":"IRONCLAD","items_purchased":["Apotheosis+1","Feel No Pain"],"campfire_rested":0,"item_purchase_floors":[12,19],"current_hp_per_floor":[70,70,75,75,75,75,75,75,75,73,73,73,67,70,70,38,66,74,74,74,69,48,54,54,0],"gold":0,"neow_bonus":"UPGRADE_CARD","is_prod":false,"is_daily":false,"chose_seed":false,"campfire_upgraded":5,"win_rate":0,"timestamp":1545118007,"path_taken":["M","?","?","?","?","R","M","R","T","E","R","?","E","M","R","BOSS","M","$","?","M","?","E","R","E"],"build_version":"2018-12-13","purchased_purges":1,"victory":false,"max_hp_per_floor":[75,75,75,75,75,75,75,75,75,75,75,75,75,75,75,75,75,75,75,75,75,75,75,75,75],"card_choices":[{"not_picked":["Warcry","Dropkick"],"picked":"Flame Barrier","floor":1.0},{"not_picked":["Armaments","Clash"],"picked":"Rampage","floor":3.0},{"not_picked":["Thunderclap","True Grit"],"picked":"Headbutt","floor":7.0},{"not_picked":["Exhume","Metallicize"],"picked":"Shrug It Off","floor":10.0},{"not_picked":["Intimidate+1","Combust"],"picked":"Reckless Charge","floor":13.0},{"not_picked":["Thunderclap","Havoc+1"],"picked":"Iron Wave","floor":14.0},{"not_picked":["Reaper","Fiend Fire"],"picked":"Dark Embrace","floor":16.0},{"not_picked":["Flex+1","Evolve"],"picked":"Battle Trance+1","floor":18.0},{"not_picked":["Perfected Strike","Cleave","Havoc+1"],"picked":"SKIP","floor":21.0},{"not_picked":["Power Through+1","Body Slam"],"picked":"Feel No Pain","floor":23.0}],"player_experience":2571035,"relics_obtained":[{"floor":9.0,"key":"Mercury Hourglass"},{"floor":10.0,"key":"Toxic Egg 2"},{"floor":13.0,"key":"Blood Vial"},{"floor":22.0,"key":"Nilry\u0027s Codex"},{"floor":23.0,"key":"WingedGreaves"}],"event_choices":[{"damage_healed":0.0,"max_hp_gain":0.0,"max_hp_loss":0.0,"gold_gain":0.0,"cards_transformed":["Strike_R"],"event_name":"Transmorgrifier","player_choice":"Transformed","floor":2.0,"gold_loss":0.0,"damage_taken":0.0,"cards_obtained":["Evolve"]},{"damage_healed":0.0,"max_hp_gain":0.0,"max_hp_loss":0.0,"gold_gain":0.0,"event_name":"Liars Game","player_choice":"Ignored","floor":4.0,"gold_loss":0.0,"damage_taken":0.0},{"damage_healed":0.0,"max_hp_gain":0.0,"max_hp_loss":0.0,"gold_gain":0.0,"event_name":"Cursed Tome","player_choice":"Obtained Book","floor":22.0,"gold_loss":0.0,"damage_taken":21.0}],"is_beta":true,"boss_relics":[{"not_picked":["White Beast Statue","Coffee Dripper"],"picked":"Ectoplasm"}],"items_purged_floors":[19],"is_endless":false,"potions_floor_spawned":[1,3,7,14,18],"killed_by":"Slavers","ascension_level":15}