{"gold_per_floor":[109,127,140,18,38,71,71,81,104,131,131,158,128],"floor_reached":13,"playtime":565,"items_purged":["Strike_B"],"score":138,"play_id":"0bc74de1-9d10-407d-ba98-d058300a2093","local_time":"20190426204617","is_ascension_mode":true,"campfire_choices":[{"data":"Go for the Eyes","floor":7,"key":"SMITH"}],"neow_cost":"NONE","seed_source_timestamp":3436963884445,"circlet_count":0,"master_deck":["Strike_B","Strike_B","Strike_B","Defend_B","Defend_B","Defend_B","Defend_B","Zap","Dualcast","Hologram","Coolheaded","Ball Lightning","Ball Lightning","Go for the Eyes+1","Conserve Battery","Electrodynamics"],"relics":["Cracked Core","Letter Opener","Juzu Bracelet","Regal Pillow"],"potions_floor_usage":[5,10,10],"damage_taken":[{"damage":7,"enemies":"Small Slimes","floor":1,"turns":3},{"damage":7,"enemies":"Jaw Worm","floor":2,"turns":5},{"damage":1,"enemies":"2 Louse","floor":3,"turns":4},{"damage":7,"enemies":"Exordium Thugs","floor":5,"turns":6},{"damage":23,"enemies":"3 Sentries","floor":6,"turns":6},{"damage":7,"enemies":"Blue Slaver","floor":8,"turns":3},{"damage":22,"enemies":"Gremlin Nob","floor":10,"turns":4},{"damage":1,"enemies":"Looter","floor":13,"turns":2}],"seed_played":"-2489795181173354083","potions_obtained":[{"floor":1,"key":"Block Potion"},{"floor":3,"key":"Weak Potion"},{"floor":5,"key":"PowerPotion"}],"is_trial":false,"path_per_floor":["M","M","M","$","M","E","R","M","T","E","?","T","M"],"character_chosen":"DEFECT","items_purchased":["Ball Lightning"],"campfire_rested":0,"item_purchase_floors":[4],"current_hp_per_floor":[68,61,60,60,53,30,30,23,23,1,1,1,0],"gold":128,"neow_bonus":"TEN_PERCENT_HP_BONUS","is_prod":false,"is_daily":false,"chose_seed":false,"campfire_upgraded":1,"win_rate":0,"timestamp":1556304377,"path_taken":["M","M","M","$","M","E","R","M","T","E","?","?","M"],"build_version":"2019-01-23","purchased_purges":1,"victory":false,"max_hp_per_floor":[82,82,82,82,82,82,82,82,82,82,82,82,82],"card_choices":[{"not_picked":["Heatsinks","FTL"],"picked":"Hologram","floor":1},{"not_picked":["Fusion","Double Energy"],"picked":"Coolheaded","floor":2},{"not_picked":["Stack","Darkness"],"picked":"Ball Lightning","floor":3},{"not_picked":["Hologram","Ball Lightning","Redo"],"picked":"SKIP","floor":5},{"not_picked":["Stack","Gash"],"picked":"Go for the Eyes","floor":6},{"not_picked":["Chaos","Force Field"],"picked":"Conserve Battery","floor":8},{"not_picked":["Skim","Stack"],"picked":"Electrodynamics","floor":10}],"player_experience":489928,"relics_obtained":[{"floor":6,"key":"Letter Opener"},{"floor":9,"key":"Juzu Bracelet"},{"floor":10,"key":"Regal Pillow"}],"event_choices":[{"damage_healed":0,"gold_gain":0,"player_choice":"Ignored","damage_taken":0,"max_hp_gain":0,"max_hp_loss":0,"event_name":"Golden Idol","floor":11,"gold_loss":0}],"is_beta":false,"boss_relics":[],"items_purged_floors":[4],"is_endless":false,"potions_floor_spawned":[1,3,5],"killed_by":"Looter","ascension_level":9}