{"gold_per_floor":[109,122,140,156,167,167,200,12,38,48,48,48,48,64,64,159,159,179,197,197,215,215],"floor_reached":22,"playtime":1594,"items_purged":["Strike_G"],"score":304,"play_id":"36957d49-097d-490f-b962-2067e08cd4c4","local_time":"20190205173801","is_ascension_mode":true,"campfire_choices":[{"data":"Bouncing Flask","floor":6,"key":"SMITH"},{"floor":13,"key":"REST"},{"data":"Noxious Fumes","floor":15,"key":"SMITH"}],"neow_cost":"NONE","seed_source_timestamp":2255617084546082,"circlet_count":0,"master_deck":["AscendersBane","Defend_G","Defend_G","Defend_G","Defend_G","Defend_G","Strike_G","Strike_G","Strike_G","Strike_G","Survivor","Neutralize+1","Underhanded Strike","Dagger Throw","Poisoned Stab","Bouncing Flask+1","Doppelganger","Tactician","Noxious Fumes+1","Blur","Escape Plan","Acrobatics","Envenom","Dagger Spray+1","Well Laid Plans","Dodge and Roll"],"relics":["Ring of the Snake","Smiling Mask","Strawberry","Sozu"],"potions_floor_usage":[7,16,16],"damage_taken":[{"damage":0,"enemies":"Cultist","floor":1,"turns":4},{"damage":0,"enemies":"Small Slimes","floor":2,"turns":3},{"damage":5,"enemies":"2 Louse","floor":3,"turns":3},{"damage":0,"enemies":"Exordium Wildlife","floor":4,"turns":3},{"damage":12,"enemies":"Lots of Slimes","floor":5,"turns":4},{"damage":8,"enemies":"Gremlin Nob","floor":7,"turns":3},{"damage":17,"enemies":"Exordium Thugs","floor":10,"turns":4},{"damage":6,"enemies":"Blue Slaver","floor":14,"turns":4},{"damage":29,"enemies":"Slime Boss","floor":16,"turns":10},{"damage":33,"enemies":"2 Thieves","floor":18,"turns":4},{"damage":0,"enemies":"3 Byrds","floor":19,"turns":4},{"damage":13,"enemies":"Snecko","floor":21,"turns":5},{"damage":23,"enemies":"Sentry and Sphere","floor":22,"turns":5}],"seed_played":"1253633943599692657","potions_obtained":[{"floor":1,"key":"Block Potion"},{"floor":4,"key":"SteroidPotion"},{"floor":7,"key":"Regen Potion"}],"is_trial":false,"path_per_floor":["M","M","M","M","M","R","E","$","T","M","$","$","R","M","R","B",null,"M","M","?","M","M"],"character_chosen":"THE_SILENT","items_purchased":["Noxious Fumes","Blur"],"campfire_rested":1,"item_purchase_floors":[8,8],"current_hp_per_floor":[63,63,58,58,46,46,38,38,45,28,28,28,51,45,45,31,66,33,33,33,20,0],"gold":215,"neow_bonus":"UPGRADE_CARD","is_prod":false,"is_daily":false,"chose_seed":false,"campfire_upgraded":2,"win_rate":0,"timestamp":1549355881,"path_taken":["M","?","M","M","M","R","E","$","T","M","?","$","R","M","R","BOSS","M","M","?","?","M"],"build_version":"2019-01-23","purchased_purges":1,"victory":false,"max_hp_per_floor":[70,70,70,70,70,70,70,70,77,77,77,77,77,77,77,77,77,77,77,77,77,77],"card_choices":[{"not_picked":["Concentrate","Dodge and Roll"],"picked":"Underhanded Strike","floor":1},{"not_picked":["Caltrops","Slice"],"picked":"Dagger Throw","floor":2},{"not_picked":["Prepared","Endless Agony"],"picked":"Poisoned Stab","floor":3},{"not_picked":["Slice","Cloak And Dagger"],"picked":"Bouncing Flask","floor":4},{"not_picked":["Skewer","Acrobatics"],"picked":"Doppelganger","floor":5},{"not_picked":["Sucker Punch","Caltrops"],"picked":"Tactician","floor":7},{"not_picked":["Poisoned Stab","Underhanded Strike"],"picked":"Escape Plan","floor":10},{"not_picked":["Concentrate","Bouncing Flask"],"picked":"Acrobatics","floor":14},{"not_picked":["A Thousand Cuts","Storm of Steel"],"picked":"Envenom","floor":16},{"not_picked":["Cloak And Dagger","Flying Knee"],"picked":"Dagger Spray+1","floor":18},{"not_picked":["Dodge and Roll","Bane"],"picked":"Well Laid Plans","floor":19},{"not_picked":["Flechettes+1","Deadly Poison"],"picked":"Dodge and Roll","floor":21}],"player_experience":531386,"relics_obtained":[{"floor":7,"key":"Smiling Mask"},{"floor":9,"key":"Strawberry"}],"event_choices":[{"damage_healed":0,"gold_gain":0,"player_choice":"Bought 0 Potions","damage_taken":0,"max_hp_gain":0,"max_hp_loss":0,"event_name":"The Woman in Blue","floor":20,"gold_loss":0}],"is_beta":false,"boss_relics":[{"not_picked":["Runic Dome","Orrery"],"picked":"Sozu"}],"items_purged_floors":[8],"is_endless":false,"potions_floor_spawned":[1,4,7,10,18],"killed_by":"Sentry and Sphere","ascension_level":12}