{"gold_per_floor":[114,289,364,91,91,91,91,64,64,16,29,40,40,71,71,166,166,176,76,95,145,159,184,202,202,229,229,229,240,256,256,256,357,357,372,372,282,301,320,347,347,347,347,367,367,393,417,54,54,54],"floor_reached":51,"playtime":5491,"items_purged":["Defend_G","Strike_G","Catalyst"],"score":770,"play_id":"9c0034bd-9054-444f-a280-5e1611572caa","local_time":"20181227013637","is_ascension_mode":true,"campfire_choices":[{"data":"Neutralize","floor":6.0,"key":"SMITH"},{"data":"Prepared","floor":13.0,"key":"SMITH"},{"data":"Well Laid Plans","floor":15.0,"key":"SMITH"},{"floor":25.0,"key":"REST"},{"data":"Grand Finale","floor":28.0,"key":"SMITH"},{"floor":32,"key":"REST"},{"data":"Survivor","floor":42,"key":"SMITH"},{"floor":45,"key":"REST"},{"floor":49,"key":"REST"}],"neow_cost":"PERCENT_DAMAGE","seed_source_timestamp":355795102050464,"circlet_count":0,"master_deck":["Defend_G","Defend_G","Survivor+1","Neutralize+1","Crippling Poison","Prepared+1","Eviscerate","Acrobatics+1","Grand Finale+1","Dagger Throw","Expertise","Well Laid Plans+1","Venomology","Setup+1","Backflip","Tactician+1","Bullet Time","Backflip+1","Terror"],"special_seed":0,"relics":["Ring of the Serpent","Ancient Tea Set","Meat on the Bone","Bottled Tornado","Dream Catcher","Happy Flower","White Beast Statue","Lantern","Molten Egg 2","MawBank","Toy Ornithopter"],"potions_floor_usage":[33,35,38,38,38,39,39,39,40,40,40,46,46,47,47,50],"damage_taken":[{"damage":0.0,"enemies":"2 Louse","floor":1.0,"turns":2.0},{"damage":0.0,"enemies":"Small Slimes","floor":11.0,"turns":3.0},{"damage":2.0,"enemies":"Cultist","floor":12.0,"turns":4.0},{"damage":3.0,"enemies":"Lagavulin","floor":14.0,"turns":3.0},{"damage":9.0,"enemies":"Slime Boss","floor":16.0,"turns":4.0},{"damage":17.0,"enemies":"2 Thieves","floor":18.0,"turns":4.0},{"damage":0.0,"enemies":"Spheric Guardian","floor":20.0,"turns":3.0},{"damage":4.0,"enemies":"Shelled Parasite and Fungi","floor":22.0,"turns":4.0},{"damage":35.0,"enemies":"Slavers","floor":23.0,"turns":3.0},{"damage":0.0,"enemies":"3 Cultists","floor":24.0,"turns":3.0},{"damage":13.0,"enemies":"Snecko","floor":29.0,"turns":6.0},{"damage":3.0,"enemies":"Cultist and Chosen","floor":30.0,"turns":4.0},{"damage":0.0,"enemies":"Centurion and Healer","floor":31.0,"turns":1.0},{"damage":23,"enemies":"Automaton","floor":33,"turns":8},{"damage":3,"enemies":"Orb Walker","floor":35,"turns":2},{"damage":28,"enemies":"3 Darklings","floor":38,"turns":3},{"damage":17,"enemies":"Jaw Worm Horde","floor":39,"turns":3},{"damage":3,"enemies":"Reptomancer","floor":40,"turns":4},{"damage":0,"enemies":"4 Shapes","floor":44,"turns":2},{"damage":14,"enemies":"Giant Head","floor":46,"turns":7},{"damage":5,"enemies":"3 Darklings","floor":47,"turns":3},{"damage":8,"enemies":"Awakened One","floor":50,"turns":8}],"seed_played":"-2242572935221735014","potions_obtained":[{"floor":1.0,"key":"LiquidBronze"},{"floor":16.0,"key":"LiquidBronze"},{"floor":18.0,"key":"Explosive Potion"},{"floor":22.0,"key":"Energy Potion"},{"floor":29.0,"key":"Ancient Potion"},{"floor":30.0,"key":"Energy Potion"},{"floor":33,"key":"Explosive Potion"},{"floor":35,"key":"Regen Potion"},{"floor":38,"key":"EntropicBrew"},{"floor":39,"key":"LiquidBronze"},{"floor":40,"key":"GhostInAJar"},{"floor":46,"key":"Ancient Potion"},{"floor":47,"key":"Regen Potion"}],"is_trial":false,"path_per_floor":["M","?","?","$","?","R","?","$","T","$","M","M","R","E","R","B",null,"M","$","M","?","M","E","M","R","T","?","R","M","M","M","R","B",null,"M","?","?","M","M","E","?","R","T","M","R","E","M","$","R","B",null],"character_chosen":"THE_SILENT","items_purchased":["Acrobatics","Ancient Tea Set","Dagger Throw","Energy Potion","Toy Ornithopter","SpeedPotion"],"campfire_rested":4,"item_purchase_floors":[4,4,8,10,48,48],"current_hp_per_floor":[49,49,38,38,31,31,31,31,31,31,43,41,41,38,38,41,70,53,53,53,53,49,26,38,59,59,70,70,57,54,54,70,47,70,67,67,67,46,41,38,38,38,38,38,59,45,40,40,61,65],"gold":54,"neow_bonus":"TRANSFORM_TWO_CARDS","is_prod":false,"is_daily":false,"chose_seed":false,"campfire_upgraded":5,"win_rate":0,"timestamp":1545842197,"path_taken":["M","?","?","$","?","R","?","$","T","?","M","M","R","E","R","BOSS","M","$","M","?","?","E","M","R","T","?","R","M","M","M","R","BOSS","M","?","?","?","M","E","?","R","T","?","R","E","M","$","R","BOSS"],"build_version":"2018-12-20","purchased_purges":3,"victory":true,"max_hp_per_floor":[70,70,70,70,70,70,70,70,70,70,70,70,70,70,70,70,70,70,70,70,70,70,70,70,70,70,70,70,70,70,70,70,70,70,70,70,70,70,70,70,70,70,70,70,70,70,70,70,70,70],"card_choices":[{"not_picked":["Poisoned Stab","Deflect"],"picked":"Eviscerate","floor":1.0},{"not_picked":["Dagger Spray","PiercingWail"],"picked":"Expertise","floor":11.0},{"not_picked":["Dodge and Roll","Backstab"],"picked":"Well Laid Plans","floor":12.0},{"not_picked":["Cloak And Dagger","Tools of the Trade","Catalyst"],"picked":"SKIP","floor":14.0},{"not_picked":["Unload","Glass Knife"],"picked":"Venomology","floor":16.0},{"not_picked":["Prepared","Deflect","Bane+1"],"picked":"SKIP","floor":18.0},{"not_picked":["Underhanded Strike","Outmaneuver"],"picked":"Setup+1","floor":20.0},{"not_picked":["Quick Slash","Dodge and Roll"],"picked":"Backflip","floor":22.0},{"not_picked":["Slice","Adrenaline"],"picked":"Tactician+1","floor":23.0},{"not_picked":["Slice","Catalyst","Dagger Spray"],"picked":"SKIP","floor":24.0},{"not_picked":["Well Laid Plans+1","Choke","Acrobatics"],"picked":"SKIP","floor":29.0},{"not_picked":["Deflect","Backflip","Flying Knee"],"picked":"SKIP","floor":30.0},{"not_picked":["A Thousand Cuts","Glass Knife"],"picked":"Bullet Time","floor":33},{"not_picked":["Blade Dance","Flying Knee+1"],"picked":"Backflip+1","floor":35},{"not_picked":["Noxious Fumes+1","Flechettes","Underhanded Strike+1"],"picked":"SKIP","floor":38},{"not_picked":["Dagger Spray+1","Noxious Fumes+1","Blade Dance"],"picked":"SKIP","floor":39},{"not_picked":["Cloak And Dagger","Well Laid Plans","Dagger Throw"],"picked":"SKIP","floor":40},{"not_picked":["Distraction+1","Concentrate","Bane+1"],"picked":"SKIP","floor":44},{"not_picked":["Escape Plan","Sucker Punch+1","Predator+1"],"picked":"SKIP","floor":46},{"not_picked":["Prepared","Leg Sweep","Quick Slash+1"],"picked":"SKIP","floor":47},{"not_picked":["Sucker Punch+1","Outmaneuver+1"],"picked":"Terror","floor":49}],"player_experience":225207,"relics_obtained":[{"floor":9.0,"key":"Meat on the Bone"},{"floor":14.0,"key":"Bottled Tornado"},{"floor":23.0,"key":"Dream Catcher"},{"floor":26.0,"key":"Happy Flower"},{"floor":40,"key":"Lantern"},{"floor":43,"key":"Molten Egg 2"},{"floor":46,"key":"MawBank"}],"event_choices":[{"damage_healed":0.0,"max_hp_gain":0.0,"max_hp_loss":0.0,"gold_gain":175.0,"event_name":"Liars Game","player_choice":"AGREE","floor":2.0,"gold_loss":0.0,"damage_taken":0.0,"cards_obtained":["Doubt"]},{"damage_healed":0.0,"max_hp_gain":0.0,"max_hp_loss":0.0,"gold_gain":75.0,"event_name":"World of Goop","player_choice":"Gather Gold","floor":3.0,"gold_loss":0.0,"damage_taken":11.0},{"cards_removed":["Doubt"],"damage_healed":0.0,"max_hp_gain":0.0,"max_hp_loss":0.0,"gold_gain":0.0,"event_name":"Golden Wing","player_choice":"Card Removal","floor":5.0,"gold_loss":0.0,"damage_taken":7.0},{"damage_healed":0.0,"max_hp_gain":0.0,"max_hp_loss":0.0,"gold_gain":0.0,"cards_transformed":["Strike_G"],"event_name":"Living Wall","player_choice":"Change","floor":7.0,"gold_loss":0.0,"damage_taken":0.0,"cards_obtained":["Grand Finale"]},{"damage_healed":0.0,"max_hp_gain":0.0,"max_hp_loss":0.0,"gold_gain":100.0,"event_name":"The Joust","player_choice":"Bet on Murderer","floor":21.0,"gold_loss":50.0,"damage_taken":0.0},{"damage_healed":23.0,"max_hp_gain":0.0,"max_hp_loss":0.0,"gold_gain":0.0,"event_name":"The Library","player_choice":"Heal","floor":27.0,"gold_loss":0.0,"damage_taken":0.0},{"cards_removed":["Defend_G"],"damage_healed":0,"gold_gain":0,"player_choice":"Removed Skill","damage_taken":0,"max_hp_gain":0,"max_hp_loss":0,"event_name":"Falling","floor":36,"gold_loss":0},{"cards_removed":["Strike_G"],"damage_healed":0,"gold_gain":0,"player_choice":"Upgrade and Remove","damage_taken":0,"max_hp_gain":0,"max_hp_loss":0,"event_name":"Designer","floor":37,"gold_loss":90,"cards_upgraded":["Acrobatics"]},{"damage_healed":0,"gold_gain":0,"cards_transformed":["Defend_G"],"player_choice":"Transformed","damage_taken":0,"max_hp_gain":0,"max_hp_loss":0,"event_name":"Transmorgrifier","floor":41,"gold_loss":0,"cards_obtained":["Catalyst"]}],"is_beta":false,"boss_relics":[{"not_picked":["Orrery","Runic Dome"],"picked":"Ring of the Serpent"},{"not_picked":["Black Star","Runic Pyramid"],"picked":"White Beast Statue"}],"items_purged_floors":[4,19,48],"is_endless":false,"potions_floor_spawned":[1,16,18,22,29,30,33,35,38,39,40,44,46,47],"ascension_level":2}