{"gold_per_floor":[114,114,114,114,124,124,154,154,222,222],"floor_reached":10,"playtime":231,"items_purged":[],"score":142,"play_id":"c0cb5bfe-7907-479d-8de7-20a204f5b299","local_time":"20190124190003","is_ascension_mode":true,"campfire_choices":[{"data":"Neutralize","floor":6,"key":"SMITH"},{"data":"Prepared","floor":8,"key":"SMITH"}],"neow_cost":"NONE","seed_source_timestamp":1225086069646393,"circlet_count":0,"master_deck":["AscendersBane","Defend_G","Defend_G","Defend_G","Defend_G","Defend_G","Strike_G","Strike_G","Strike_G","Strike_G","Survivor","Neutralize+1","Prepared+1","Underhanded Strike","Backflip"],"relics":["Ring of the Snake","NeowsBlessing","Art of War","Dream Catcher","Molten Egg 2"],"potions_floor_usage":[10,10],"damage_taken":[{"damage":0,"enemies":"Cultist","floor":1,"turns":1},{"damage":0,"enemies":"Jaw Worm","floor":5,"turns":1},{"damage":0,"enemies":"Lagavulin","floor":7,"turns":1},{"damage":39,"enemies":"Gremlin Nob","floor":10,"turns":7}],"seed_played":"6986138694748476898","potions_obtained":[{"floor":5,"key":"EssenceOfSteel"},{"floor":7,"key":"Block Potion"}],"is_trial":false,"path_per_floor":["M","?","?","?","M","R","E","R","T","E"],"character_chosen":"THE_SILENT","items_purchased":[],"campfire_rested":0,"item_purchase_floors":[],"current_hp_per_floor":[63,68,61,49,49,49,49,49,49,10],"gold":222,"neow_bonus":"THREE_ENEMY_KILL","is_prod":false,"is_daily":false,"chose_seed":false,"campfire_upgraded":2,"win_rate":0,"timestamp":1548324003,"path_taken":["M","?","?","?","M","R","E","R","T","E"],"build_version":"2019-01-23","purchased_purges":0,"victory":false,"max_hp_per_floor":[70,75,75,75,75,75,75,75,75,75],"card_choices":[{"not_picked":["Dagger Spray","Quick Slash"],"picked":"Prepared","floor":1},{"not_picked":["Finisher","Outmaneuver"],"picked":"Underhanded Strike","floor":5},{"not_picked":["Burst","Dagger Throw"],"picked":"Backflip","floor":7}],"player_experience":437571,"relics_obtained":[{"floor":7,"key":"Dream Catcher"},{"floor":9,"key":"Molten Egg 2"}],"event_choices":[{"damage_healed":0,"gold_gain":0,"player_choice":"Donut","damage_taken":0,"max_hp_gain":5,"max_hp_loss":0,"event_name":"Big Fish","floor":2,"gold_loss":0},{"cards_removed":["Strike_G"],"damage_healed":0,"gold_gain":0,"player_choice":"Card Removal","damage_taken":7,"max_hp_gain":0,"max_hp_loss":0,"event_name":"Golden Wing","floor":3,"gold_loss":0},{"damage_healed":0,"gold_gain":0,"player_choice":"Success","damage_taken":12,"relics_obtained":["Art of War"],"max_hp_gain":0,"max_hp_loss":0,"event_name":"Scrap Ooze","floor":4,"gold_loss":0}],"is_beta":false,"boss_relics":[],"items_purged_floors":[],"is_endless":false,"potions_floor_spawned":[5,7],"killed_by":"Gremlin Nob","ascension_level":12}