{"gold_per_floor":[118,118,133,133,152,152,182,182,182,217,231,231,250,262,262,339,339,351,351,370,11,11,11,24,24,79,97,97,22,22,34,34,105,105,123,142,159,76,95,95],"floor_reached":40,"playtime":3901,"items_purged":["Strike_G"],"score":833,"play_id":"43e3d353-a7ef-4948-9798-289bdfec174b","local_time":"20190408155830","is_ascension_mode":true,"campfire_choices":[{"floor":6.0,"key":"REST"},{"data":"Neutralize","floor":8.0,"key":"SMITH"},{"data":"Blur","floor":12.0,"key":"SMITH"},{"data":"Backflip","floor":15.0,"key":"SMITH"},{"data":"Burst","floor":23.0,"key":"SMITH"},{"data":"Acrobatics","floor":25.0,"key":"SMITH"},{"data":"Reflex","floor":30.0,"key":"SMITH"},{"data":"Setup","floor":32.0,"key":"SMITH"}],"neow_cost":"PERCENT_DAMAGE","seed_source_timestamp":3420892221657081,"circlet_count":0,"master_deck":["AscendersBane","Defend_G","Defend_G","Defend_G","Defend_G","Defend_G","Strike_G","Survivor","Neutralize+1","Bandage Up","Mayhem","Backflip+1","Heel Hook","Backstab","Blur+1","Acrobatics+1","Phantasmal Killer+1","Burst+1","Concentrate+1","Deflect","Well Laid Plans","Flechettes","Reflex+1","Setup+1","Storm of Steel","Blade Dance","After Image","Backflip"],"special_seed":0,"relics":["Ring of the Serpent","Bird Faced Urn","Du-Vu Doll","Turnip","White Beast Statue","Kunai"],"potions_floor_usage":[36,37,40],"damage_taken":[{"damage":16.0,"enemies":"Jaw Worm","floor":1.0,"turns":7.0},{"damage":5.0,"enemies":"2 Louse","floor":3.0,"turns":5.0},{"damage":0.0,"enemies":"Cultist","floor":5.0,"turns":5.0},{"damage":11.0,"enemies":"Lagavulin","floor":7.0,"turns":8.0},{"damage":16.0,"enemies":"Gremlin Nob","floor":10.0,"turns":5.0},{"damage":3.0,"enemies":"Lots of Slimes","floor":11.0,"turns":6.0},{"damage":10.0,"enemies":"Exordium Thugs","floor":13.0,"turns":7.0},{"damage":1.0,"enemies":"3 Louse","floor":14.0,"turns":4.0},{"damage":17.0,"enemies":"The Guardian","floor":16.0,"turns":19.0},{"damage":28.0,"enemies":"Chosen","floor":18.0,"turns":13.0},{"damage":3.0,"enemies":"Spheric Guardian","floor":20.0,"turns":18.0},{"damage":13.0,"enemies":"Snecko","floor":24.0,"turns":10.0},{"damage":0.0,"enemies":"Centurion and Healer","floor":27.0,"turns":13.0},{"damage":1.0,"enemies":"3 Cultists","floor":31.0,"turns":5.0},{"damage":0.0,"enemies":"Champ","floor":33.0,"turns":19.0},{"damage":25.0,"enemies":"3 Shapes","floor":35.0,"turns":5.0},{"damage":25,"enemies":"3 Darklings","floor":36,"turns":9},{"damage":31,"enemies":"Jaw Worm Horde","floor":37,"turns":7},{"damage":12,"enemies":"Sphere and 2 Shapes","floor":39,"turns":10},{"damage":34,"enemies":"Reptomancer","floor":40,"turns":2}],"seed_played":"4728189148780169714","potions_obtained":[{"floor":3.0,"key":"PowerPotion"},{"floor":11.0,"key":"Block Potion"},{"floor":13.0,"key":"FearPotion"},{"floor":16.0,"key":"Dexterity Potion"},{"floor":18.0,"key":"SkillPotion"},{"floor":20.0,"key":"SteroidPotion"},{"floor":24.0,"key":"GamblersBrew"},{"floor":27.0,"key":"Regen Potion"},{"floor":31.0,"key":"SpeedPotion"},{"floor":33.0,"key":"Fire Potion"},{"floor":35.0,"key":"Dexterity Potion"},{"floor":36,"key":"SpeedPotion"},{"floor":37,"key":"Explosive Potion"},{"floor":39,"key":"PowerPotion"}],"is_trial":false,"path_per_floor":["M","?","M","?","M","R","E","R","T","E","M","R","M","M","R","B",null,"M","?","M","$","?","R","M","R","T","M","?","$","R","M","R","B",null,"M","M","M","$","M","E"],"character_chosen":"THE_SILENT","items_purchased":["Kunai","Well Laid Plans","After Image"],"campfire_rested":1,"item_purchase_floors":[21,21,38],"current_hp_per_floor":[32,25,24,24,28,47,40,40,40,30,33,33,29,34,34,23,55,33,33,36,36,36,36,35,35,35,43,43,43,43,64,64,66,66,47,34,11,11,9,0],"gold":95,"neow_bonus":"RANDOM_COLORLESS_2","is_prod":false,"is_daily":false,"chose_seed":false,"campfire_upgraded":7,"win_rate":0,"timestamp":1554706710,"path_taken":["M","?","M","?","M","R","E","R","T","E","M","R","M","M","R","BOSS","M","?","?","$","?","R","M","R","T","M","?","$","R","?","R","BOSS","M","M","M","$","M","E"],"build_version":"2019-04-04","purchased_purges":1,"victory":false,"max_hp_per_floor":[66,66,66,66,66,66,66,66,66,66,66,66,66,66,66,66,66,66,66,66,66,66,66,66,66,66,66,66,66,66,66,66,66,66,66,66,66,66,66,66],"card_choices":[{"not_picked":["Deflect","Outmaneuver","Catalyst"],"picked":"SKIP","floor":1.0},{"not_picked":["PiercingWail","Infinite Blades"],"picked":"Backflip","floor":3.0},{"not_picked":["Prepared","Endless Agony"],"picked":"Heel Hook","floor":5.0},{"not_picked":["Distraction","Quick Slash"],"picked":"Backstab","floor":7.0},{"not_picked":["Expertise","Underhanded Strike"],"picked":"Blur","floor":10.0},{"not_picked":["Reflex","Poisoned Stab"],"picked":"Acrobatics","floor":11.0},{"not_picked":["Dodge and Roll","Poisoned Stab","Dash"],"picked":"SKIP","floor":13.0},{"not_picked":["Bane","Quick Slash"],"picked":"Phantasmal Killer","floor":14.0},{"not_picked":["Malaise","Wraith Form v2"],"picked":"Burst","floor":16.0},{"not_picked":["Cloak And Dagger","Flechettes"],"picked":"Concentrate+1","floor":18.0},{"not_picked":["Sucker Punch","Dagger Throw","Quick Slash"],"picked":"SKIP","floor":20.0},{"not_picked":["Dagger Spray","Quick Slash"],"picked":"Flechettes","floor":24.0},{"not_picked":["Outmaneuver","Storm of Steel"],"picked":"Reflex","floor":27.0},{"not_picked":["Bane","Dagger Spray"],"picked":"Setup","floor":31.0},{"not_picked":["Grand Finale","Doppelganger"],"picked":"Storm of Steel","floor":33.0},{"not_picked":["Slice","Dagger Throw+1"],"picked":"Blade Dance","floor":35.0},{"not_picked":["Poisoned Stab","Choke","Tactician+1"],"picked":"SKIP","floor":36},{"not_picked":["Underhanded Strike","Deadly Poison","Poisoned Stab+1"],"picked":"SKIP","floor":37},{"not_picked":["Slice+1","Quick Slash+1"],"picked":"Backflip","floor":39}],"player_experience":2848774,"relics_obtained":[{"floor":7.0,"key":"Bird Faced Urn"},{"floor":9.0,"key":"Du-Vu Doll"},{"floor":10.0,"key":"Turnip"}],"event_choices":[{"cards_removed":["Strike_G"],"damage_healed":0.0,"max_hp_gain":0.0,"max_hp_loss":0.0,"gold_gain":0.0,"event_name":"Golden Wing","player_choice":"Card Removal","floor":2.0,"gold_loss":0.0,"damage_taken":7.0},{"cards_removed":["Strike_G"],"damage_healed":0.0,"max_hp_gain":0.0,"max_hp_loss":0.0,"gold_gain":0.0,"event_name":"Wheel of Change","player_choice":"Card Removal","floor":4.0,"gold_loss":0.0,"damage_taken":0.0},{"damage_healed":0.0,"max_hp_gain":0.0,"max_hp_loss":0.0,"gold_gain":0.0,"cards_transformed":["Strike_G"],"event_name":"Transmorgrifier","player_choice":"Transformed","floor":19.0,"gold_loss":0.0,"damage_taken":0.0,"cards_obtained":["Deflect"]},{"damage_healed":0.0,"max_hp_gain":0.0,"max_hp_loss":0.0,"gold_gain":0.0,"event_name":"Ghosts","player_choice":"Ignored","floor":22.0,"gold_loss":0.0,"damage_taken":0.0},{"damage_healed":0.0,"max_hp_gain":0.0,"max_hp_loss":0.0,"gold_gain":0.0,"event_name":"Upgrade Shrine","player_choice":"Upgraded","floor":28.0,"gold_loss":0.0,"damage_taken":0.0,"cards_upgraded":["Phantasmal Killer"]}],"is_beta":true,"boss_relics":[{"not_picked":["Eternal Feather","WristBlade"],"picked":"White Beast Statue"},{"not_picked":["Busted Crown","Snecko Eye"],"picked":"Ring of the Serpent"}],"items_purged_floors":[29],"is_endless":false,"potions_floor_spawned":[3,11,13,16,18,20,24,27,31,33,35,36,37,39],"killed_by":"Reptomancer","ascension_level":17}