{"gold_per_floor":[113,129,129,129,129,129,162,162,162,162,175,194,220,230,230,308,308,326,251,148,162,262,262,262],"floor_reached":24,"playtime":613,"items_purged":["Hello World"],"score":408,"play_id":"00989715-9a9e-44b0-aff8-42c393781383","local_time":"20190520020952","is_ascension_mode":true,"campfire_choices":[{"floor":6,"key":"REST"},{"floor":8,"key":"REST"},{"floor":15,"key":"REST"},{"floor":23,"key":"REST"}],"neow_cost":"NONE","seed_source_timestamp":107996785042300,"circlet_count":0,"master_deck":["AscendersBane","Strike_B+1","Defend_B+1","Defend_B","Defend_B+1","Zap","Dualcast+1","Ball Lightning","Tempest","Hello World","Barrage+1","FTL+1","Beam Cell+1","Cold Snap+1","All For One+1","White Noise+1","Gash+1","Gash+1","Go for the Eyes+1"],"relics":["Cracked Core","War Paint","Molten Egg 2","Gremlin Horn","Kunai","Ancient Tea Set","Empty Cage","FossilizedHelix","Symbiotic Virus"],"potions_floor_usage":[16],"damage_taken":[{"damage":0,"enemies":"2 Louse","floor":1,"turns":2},{"damage":7,"enemies":"Jaw Worm","floor":2,"turns":3},{"damage":35,"enemies":"Gremlin Nob","floor":7,"turns":4},{"damage":0,"enemies":"Cultist","floor":11,"turns":3},{"damage":6,"enemies":"Looter","floor":12,"turns":3},{"damage":25,"enemies":"Lagavulin","floor":13,"turns":4},{"damage":0,"enemies":"Lots of Slimes","floor":14,"turns":2},{"damage":13,"enemies":"Hexaghost","floor":16,"turns":6},{"damage":1,"enemies":"Spheric Guardian","floor":18,"turns":3},{"damage":16,"enemies":"3 Byrds","floor":21,"turns":5},{"damage":22,"enemies":"Colosseum Slavers","floor":22,"turns":3},{"damage":7,"enemies":"Colosseum Nobs","floor":22,"turns":3},{"damage":32,"enemies":"Book of Stabbing","floor":24,"turns":3}],"seed_played":"1373780356978585288","potions_obtained":[{"floor":7,"key":"SmokeBomb"},{"floor":11,"key":"Ancient Potion"},{"floor":12,"key":"FocusPotion"},{"floor":22,"key":"PowerPotion"}],"is_trial":false,"path_per_floor":["M","M","?","?","?","R","E","R","T","T","M","M","E","M","R","B",null,"M","?","$","M","?","R","E"],"character_chosen":"DEFECT","items_purchased":["Gash+1"],"campfire_rested":4,"item_purchase_floors":[20],"current_hp_per_floor":[64,57,46,25,25,46,11,32,32,32,32,26,1,1,22,9,56,55,55,55,39,10,31,0],"gold":262,"neow_bonus":"RANDOM_COMMON_RELIC","is_prod":false,"is_daily":false,"chose_seed":false,"campfire_upgraded":0,"win_rate":0,"timestamp":1558285792,"path_taken":["M","M","?","?","?","R","E","R","T","?","M","M","E","M","R","BOSS","M","?","$","M","?","R","E"],"build_version":"2019-01-23","purchased_purges":1,"victory":false,"max_hp_per_floor":[71,71,71,71,71,71,71,71,71,71,71,71,71,71,71,71,71,71,71,71,71,71,71,71],"card_choices":[{"not_picked":["Steam","Sweeping Beam"],"picked":"Hello World","floor":1},{"not_picked":["Sweeping Beam","Coolheaded"],"picked":"Ball Lightning","floor":2},{"not_picked":["Skim","Conserve Battery"],"picked":"Hello World","floor":7},{"not_picked":["Cold Snap+1","Turbo"],"picked":"Barrage+1","floor":11},{"not_picked":["Chill","Rebound+1"],"picked":"FTL+1","floor":12},{"not_picked":["Tempest","Stack"],"picked":"Beam Cell+1","floor":13},{"not_picked":["Streamline+1","Blizzard+1"],"picked":"Cold Snap+1","floor":14},{"not_picked":["Multi-Cast","Buffer"],"picked":"All For One+1","floor":16},{"not_picked":["Scrape+1","Rip and Tear+1"],"picked":"White Noise+1","floor":18},{"not_picked":["Loop+1","Barrage+1"],"picked":"Gash+1","floor":21},{"not_picked":["Aggregate","Ball Lightning+1"],"picked":"Go for the Eyes+1","floor":22}],"player_experience":5085087,"relics_obtained":[{"floor":7,"key":"Gremlin Horn"},{"floor":10,"key":"Kunai"},{"floor":13,"key":"Ancient Tea Set"},{"floor":22,"key":"FossilizedHelix"},{"floor":22,"key":"Symbiotic Virus"}],"event_choices":[{"damage_healed":0,"gold_gain":0,"player_choice":"Success","damage_taken":11,"relics_obtained":["Molten Egg 2"],"max_hp_gain":0,"max_hp_loss":0,"event_name":"Scrap Ooze","floor":3,"gold_loss":0},{"damage_healed":0,"gold_gain":0,"player_choice":"Entered Light","damage_taken":21,"max_hp_gain":0,"max_hp_loss":0,"event_name":"Shining Light","floor":4,"gold_loss":0,"cards_upgraded":["Dualcast","Strike_B"]},{"damage_healed":0,"gold_gain":0,"cards_transformed":["Strike_B"],"player_choice":"Change","damage_taken":0,"max_hp_gain":0,"max_hp_loss":0,"event_name":"Living Wall","floor":5,"gold_loss":0,"cards_obtained":["Tempest"]},{"cards_removed":["Defend_B"],"damage_healed":0,"gold_gain":0,"player_choice":"Gave Gold","damage_taken":0,"max_hp_gain":0,"max_hp_loss":0,"event_name":"Beggar","floor":19,"gold_loss":75},{"damage_healed":0,"gold_gain":0,"player_choice":"Fight","damage_taken":0,"max_hp_gain":0,"max_hp_loss":0,"event_name":"Colosseum","floor":22,"gold_loss":0},{"damage_healed":0,"gold_gain":0,"player_choice":"Fought Nobs","damage_taken":0,"max_hp_gain":0,"max_hp_loss":0,"event_name":"Colosseum","floor":22,"gold_loss":0}],"is_beta":false,"boss_relics":[{"not_picked":["Eternal Feather","Velvet Choker"],"picked":"Empty Cage"}],"items_purged_floors":[20],"is_endless":false,"potions_floor_spawned":[7,11,12,22],"killed_by":"Book of Stabbing","ascension_level":20}