{"gold_per_floor":[112,132,149,101,61,61,74,93,93,93,113,113,113,132,132,229,229,248,248,0,20,20,20,20,32,59,59,70,22,22,37,37,37],"floor_reached":33,"playtime":955,"items_purged":[],"score":239,"play_id":"399b7748-8116-4d7b-a57b-76a29b972b3c","local_time":"20190302123015","is_ascension_mode":false,"campfire_choices":[{"data":"Clash","floor":6.0,"key":"SMITH"},{"data":"Uppercut","floor":15.0,"key":"SMITH"},{"floor":23,"key":"REST"},{"floor":27,"key":"REST"},{"data":"Dual Wield","floor":30,"key":"SMITH"},{"floor":32,"key":"REST"}],"neow_cost":"NONE","seed_source_timestamp":944729131624343,"circlet_count":0,"master_deck":["Strike_R","Strike_R","Strike_R","Strike_R","Strike_R","Defend_R","Defend_R+1","Defend_R+1","Defend_R","Bash","Clash+1","Anger","Perfected Strike","Blood for Blood","Uppercut+1","Clothesline","Parasite","Iron Wave","Immolate","Rage","Clash","Dual Wield+1"],"special_seed":0,"relics":["Burning Blood","NeowsBlessing","MutagenicStrength","War Paint"],"potions_floor_usage":[16,16,16,25,31],"damage_taken":[{"damage":0.0,"enemies":"Jaw Worm","floor":1.0,"turns":1.0},{"damage":0.0,"enemies":"Cultist","floor":2.0,"turns":1.0},{"damage":0.0,"enemies":"2 Louse","floor":3.0,"turns":1.0},{"damage":10.0,"enemies":"Exordium Thugs","floor":7.0,"turns":4.0},{"damage":0.0,"enemies":"Looter","floor":8.0,"turns":2.0},{"damage":0.0,"enemies":"2 Fungi Beasts","floor":11.0,"turns":2.0},{"damage":5.0,"enemies":"Blue Slaver","floor":14.0,"turns":4.0},{"damage":17,"enemies":"Slime Boss","floor":16,"turns":6},{"damage":31,"enemies":"Shell Parasite","floor":18,"turns":7},{"damage":13,"enemies":"Spheric Guardian","floor":21,"turns":4},{"damage":20,"enemies":"Snake Plant","floor":25,"turns":4},{"damage":23,"enemies":"Chosen and Byrds","floor":28,"turns":6},{"damage":22,"enemies":"Shelled Parasite and Fungi","floor":31,"turns":5},{"damage":0,"enemies":"Automaton","floor":33,"turns":1}],"seed_played":"-7471324790422666502","potions_obtained":[{"floor":5.0,"key":"Fire Potion"},{"floor":5.0,"key":"Explosive Potion"},{"floor":11.0,"key":"AttackPotion"},{"floor":18,"key":"Fire Potion"},{"floor":31,"key":"Weak Potion"}],"is_trial":false,"path_per_floor":["M","M","M","$","?","R","M","M","T","?","M","?","?","M","R","B",null,"M","?","?","M","?","R","?","M","T","R","M","$","R","M","R","B"],"character_chosen":"IRONCLAD","items_purchased":["AttackPotion","AttackPotion"],"campfire_rested":3,"item_purchase_floors":[4,29],"current_hp_per_floor":[80,80,80,80,80,80,76,80,80,80,80,80,80,80,80,69,80,55,55,55,48,48,72,72,58,58,80,63,63,63,47,71,71],"gold":37,"neow_bonus":"THREE_ENEMY_KILL","is_prod":false,"is_daily":false,"chose_seed":false,"campfire_upgraded":3,"win_rate":0,"timestamp":1551522615,"path_taken":["M","M","M","$","?","R","M","?","T","?","M","?","?","?","R","BOSS","M","?","?","M","?","R","?","M","T","R","M","$","R","M","R","BOSS"],"build_version":"2019-01-23","purchased_purges":0,"victory":false,"max_hp_per_floor":[80,80,80,80,80,80,80,80,80,80,80,80,80,80,80,80,80,80,80,80,80,80,80,80,80,80,80,80,80,80,80,80,80],"card_choices":[{"not_picked":["Perfected Strike","Pommel Strike"],"picked":"Clash","floor":1.0},{"not_picked":["Warcry","Pummel"],"picked":"Anger","floor":2.0},{"not_picked":["Warcry","Fiend Fire"],"picked":"Perfected Strike","floor":3.0},{"not_picked":["Metallicize","Dropkick"],"picked":"Blood for Blood","floor":7.0},{"not_picked":["Power Through","Shrug It Off"],"picked":"Uppercut","floor":8.0},{"not_picked":["Burning Pact","Intimidate"],"picked":"Clothesline","floor":11.0},{"not_picked":["Body Slam","Second Wind"],"picked":"Iron Wave","floor":14.0},{"not_picked":["Berserk","Reaper"],"picked":"Immolate","floor":16},{"not_picked":["Sword Boomerang","Headbutt"],"picked":"Rage","floor":18},{"not_picked":["Anger","Blood for Blood"],"picked":"Clash","floor":21},{"not_picked":["Armaments","Disarm","Sentinel"],"picked":"SKIP","floor":25},{"not_picked":["Shrug It Off","Combust"],"picked":"Dual Wield","floor":28},{"not_picked":["Armaments+1","Warcry","True Grit"],"picked":"SKIP","floor":31}],"player_experience":1014299,"relics_obtained":[{"floor":26,"key":"War Paint"}],"event_choices":[{"damage_healed":0.0,"max_hp_gain":0.0,"max_hp_loss":0.0,"gold_gain":0.0,"event_name":"The Woman in Blue","player_choice":"Bought 3 Potions","floor":5.0,"gold_loss":0.0,"damage_taken":0.0},{"damage_healed":0.0,"max_hp_gain":0.0,"max_hp_loss":0.0,"gold_gain":0.0,"event_name":"Scrap Ooze","player_choice":"Fled","floor":10.0,"gold_loss":0.0,"damage_taken":0.0},{"damage_healed":20.0,"max_hp_gain":0.0,"max_hp_loss":0.0,"gold_gain":0.0,"event_name":"Mushrooms","player_choice":"Healed and dodged fight","floor":12.0,"gold_loss":0.0,"damage_taken":0.0,"cards_obtained":["Parasite"]},{"damage_healed":0.0,"max_hp_gain":0.0,"max_hp_loss":0.0,"gold_gain":0.0,"event_name":"FaceTrader","player_choice":"Leave","floor":13.0,"gold_loss":0.0,"damage_taken":0.0},{"damage_healed":0,"gold_gain":0,"player_choice":"Inject Mutagens","damage_taken":0,"relics_obtained":["MutagenicStrength"],"max_hp_gain":0,"max_hp_loss":0,"event_name":"Drug Dealer","floor":19,"gold_loss":0},{"damage_healed":0,"gold_gain":0,"player_choice":"Paid Fearfully","damage_taken":0,"max_hp_gain":0,"max_hp_loss":0,"event_name":"Masked Bandits","floor":20,"gold_loss":248},{"damage_healed":0,"gold_gain":0,"player_choice":"Ignored","damage_taken":0,"max_hp_gain":0,"max_hp_loss":0,"event_name":"Vampires","floor":22,"gold_loss":0},{"damage_healed":0,"gold_gain":0,"player_choice":"Ignored","damage_taken":0,"max_hp_gain":0,"max_hp_loss":0,"event_name":"Beggar","floor":24,"gold_loss":0}],"is_beta":false,"boss_relics":[{"not_picked":["Philosopher\u0027s Stone","Sozu","Busted Crown"]}],"items_purged_floors":[],"is_endless":false,"potions_floor_spawned":[7,8,11,14,18,31],"killed_by":"Automaton","ascension_level":0}