{"gold_per_floor":[118,118,68,79,90,119,119,131,131,53,72,72,92,125,125,199,199,210,225,225,240,240],"floor_reached":22,"playtime":1131,"items_purged":[],"score":356,"play_id":"a08f3c2d-a6db-455e-9fad-4a618fa7703b","local_time":"20190214222927","is_ascension_mode":true,"campfire_choices":[{"data":"Die Die Die","floor":7,"key":"SMITH"},{"floor":12,"key":"REST"},{"data":"Cloak And Dagger","floor":15,"key":"SMITH"}],"neow_cost":"NONE","seed_source_timestamp":2653738406745,"circlet_count":0,"master_deck":["AscendersBane","Defend_G","Defend_G","Defend_G","Defend_G","Defend_G","Strike_G","Strike_G","Strike_G","Survivor","Neutralize","Poisoned Stab","A Thousand Cuts","Neutralize","Deflect","Backflip","Cloak And Dagger+1","Blur","Die Die Die+1","Blade Dance","Infinite Blades","Bouncing Flask","Adrenaline","Accuracy+1","Envenom+1","Footwork+1"],"special_seed":0,"relics":["Ring of the Snake","Singing Bowl","Sundial","Frozen Egg 2","Runic Pyramid"],"potions_floor_usage":[6,14,16,19],"damage_taken":[{"damage":1.0,"enemies":"Cultist","floor":1.0,"turns":5.0},{"damage":0,"enemies":"Jaw Worm","floor":4,"turns":6},{"damage":0,"enemies":"2 Louse","floor":5,"turns":3},{"damage":13,"enemies":"Lagavulin","floor":6,"turns":7},{"damage":9,"enemies":"Exordium Wildlife","floor":8,"turns":5},{"damage":1,"enemies":"Exordium Thugs","floor":11,"turns":4},{"damage":0,"enemies":"2 Fungi Beasts","floor":13,"turns":3},{"damage":12,"enemies":"Gremlin Nob","floor":14,"turns":3},{"damage":4,"enemies":"The Guardian","floor":16,"turns":12},{"damage":10,"enemies":"Spheric Guardian","floor":18,"turns":4},{"damage":9,"enemies":"2 Thieves","floor":19,"turns":5},{"damage":13,"enemies":"Snake Plant","floor":21,"turns":5},{"damage":44,"enemies":"Cultist and Chosen","floor":22,"turns":6}],"seed_played":"2434274712377866405","potions_obtained":[{"floor":5,"key":"Poison Potion"},{"floor":11,"key":"Strength Potion"},{"floor":13,"key":"LiquidBronze"},{"floor":14,"key":"LiquidBronze"}],"is_trial":false,"path_per_floor":["M","?","$","M","M","E","R","M","T","$","M","R","M","E","R","B",null,"M","M","?","M","M"],"character_chosen":"THE_SILENT","items_purchased":["Backflip","Infinite Blades"],"campfire_rested":1,"item_purchase_floors":[3,10],"current_hp_per_floor":[58,58,58,58,58,45,45,36,36,36,35,54,54,42,42,38,59,51,44,44,31,0],"gold":240,"neow_bonus":"REMOVE_CARD","is_prod":false,"is_daily":false,"chose_seed":false,"campfire_upgraded":2,"win_rate":0,"timestamp":1550150967,"path_taken":["M","?","$","?","M","E","R","M","T","$","M","R","M","E","R","BOSS","M","M","?","M","M"],"build_version":"2019-01-23","purchased_purges":0,"victory":false,"max_hp_per_floor":[66,66,66,66,66,66,66,66,66,66,66,66,66,66,66,66,66,68,70,70,70,70],"card_choices":[{"not_picked":["Bane","Dagger Throw"],"picked":"Poisoned Stab","floor":1.0},{"not_picked":["Flechettes","Acrobatics"],"picked":"Cloak And Dagger","floor":4},{"not_picked":["Quick Slash","Underhanded Strike"],"picked":"Blur","floor":5},{"not_picked":["Expertise","Finisher"],"picked":"Die Die Die","floor":6},{"not_picked":["Dash","Quick Slash"],"picked":"Blade Dance","floor":8},{"not_picked":["Backflip","Blade Dance"],"picked":"Bouncing Flask","floor":11},{"not_picked":["PiercingWail","Outmaneuver"],"picked":"Adrenaline","floor":13},{"not_picked":["Backflip","Underhanded Strike"],"picked":"Accuracy","floor":14},{"not_picked":["Storm of Steel","Doppelganger"],"picked":"Envenom+1","floor":16},{"not_picked":["Setup","Dagger Spray","Acrobatics"],"picked":"Singing Bowl","floor":18},{"not_picked":["PiercingWail","Poisoned Stab","Eviscerate"],"picked":"Singing Bowl","floor":19},{"not_picked":["Underhanded Strike","Cloak And Dagger"],"picked":"Footwork+1","floor":21}],"player_experience":623656,"relics_obtained":[{"floor":6,"key":"Singing Bowl"},{"floor":9,"key":"Sundial"},{"floor":14,"key":"Frozen Egg 2"}],"event_choices":[{"damage_healed":0,"gold_gain":0,"player_choice":"3 cards matched","damage_taken":0,"max_hp_gain":0,"max_hp_loss":0,"event_name":"Match and Keep!","floor":2,"gold_loss":0,"cards_obtained":["A Thousand Cuts","Neutralize","Deflect"]},{"cards_removed":["Strike_G"],"damage_healed":0,"gold_gain":0,"player_choice":"Offered Basic","damage_taken":0,"max_hp_gain":0,"max_hp_loss":0,"event_name":"Bonfire Elementals","floor":20,"gold_loss":0}],"is_beta":false,"boss_relics":[{"not_picked":["Velvet Choker","Ring of the Serpent"],"picked":"Runic Pyramid"}],"items_purged_floors":[],"is_endless":false,"potions_floor_spawned":[5,11,13,14],"killed_by":"Cultist and Chosen","ascension_level":16}