{"gold_per_floor":[118,118,131,154,174,174,247,50,50,68,68,16,30,30,30,123,123,117,160,160,18,68,68,68],"floor_reached":24,"playtime":1136,"items_purged":["Strike_B"],"score":322,"play_id":"7c8da380-2f3b-45bb-bff6-d786acde4019","local_time":"20181205205719","is_ascension_mode":true,"campfire_choices":[{"floor":6,"key":"REST"},{"floor":11,"key":"REST"},{"floor":15,"key":"REST"},{"floor":23,"key":"REST"}],"neow_cost":"NONE","seed_source_timestamp":161007333303284,"circlet_count":0,"master_deck":["AscendersBane","Strike_B","Strike_B","Defend_B","Defend_B","Defend_B","Defend_B","Zap","Dualcast","Gash","Conserve Battery","Coolheaded","Recycle","Sunder","Mayhem","Rainbow","Gash","Rebound","Machine Learning","Rebound+1","Capacitor"],"relics":["Philosopher\u0027s Stone","Golden Idol","Ginger","Gambling Chip","Eternal Feather","Red Mask","Orichalcum"],"potions_floor_usage":[16,18,19,19],"damage_taken":[{"damage":0,"enemies":"Small Slimes","floor":1,"turns":3},{"damage":7,"enemies":"2 Louse","floor":3,"turns":3},{"damage":7,"enemies":"Jaw Worm","floor":4,"turns":4},{"damage":32,"enemies":"Exordium Wildlife","floor":5,"turns":7},{"damage":19,"enemies":"3 Sentries","floor":7,"turns":10},{"damage":5,"enemies":"2 Fungi Beasts","floor":10,"turns":3},{"damage":1,"enemies":"3 Louse","floor":13,"turns":3},{"damage":31,"enemies":"The Guardian","floor":16,"turns":10},{"damage":14,"enemies":"2 Thieves","floor":18,"turns":4},{"damage":22,"enemies":"Masked Bandits","floor":19,"turns":4},{"damage":66,"enemies":"Book of Stabbing","floor":24,"turns":6}],"seed_played":"-1685280552363685731","potions_obtained":[{"floor":3,"key":"Strength Potion"},{"floor":7,"key":"FocusPotion"},{"floor":10,"key":"Dexterity Potion"},{"floor":16,"key":"Regen Potion"},{"floor":18,"key":"PowerPotion"}],"is_trial":false,"path_per_floor":["M","?","M","M","M","R","?","$","T","M","R","$","M","?","R","B",null,"M","?","T","$","?","R","E"],"character_chosen":"DEFECT","items_purchased":["Mayhem","Gash","Capacitor"],"campfire_rested":4,"item_purchase_floors":[8,12,21],"current_hp_per_floor":[64,64,57,50,18,37,18,18,18,13,32,32,31,24,43,12,51,51,29,29,29,29,60,0],"gold":68,"neow_bonus":"BOSS_RELIC","is_prod":false,"is_daily":false,"chose_seed":false,"campfire_upgraded":0,"win_rate":0,"timestamp":1544011039,"path_taken":["M","?","M","M","M","R","?","$","T","M","R","$","M","?","R","BOSS","M","?","?","?","?","R","E"],"build_version":"2018-12-05","purchased_purges":1,"victory":false,"max_hp_per_floor":[71,64,64,64,64,64,64,64,64,64,64,64,64,64,64,64,64,64,64,64,64,64,64,64],"card_choices":[{"not_picked":["Turbo","Coolheaded"],"picked":"Gash","floor":1},{"not_picked":["Consume","Aggregate"],"picked":"Conserve Battery","floor":3},{"not_picked":["Beam Cell","Leap"],"picked":"Coolheaded","floor":4},{"not_picked":["Heatsinks","Compile Driver"],"picked":"Recycle","floor":5},{"not_picked":["Cold Snap","Streamline"],"picked":"Sunder","floor":7},{"not_picked":["Recycle","Beam Cell"],"picked":"Rainbow","floor":10},{"not_picked":["Double Energy","Sweeping Beam"],"picked":"Rebound","floor":13},{"not_picked":["Hyperbeam","Thunder Strike"],"picked":"Machine Learning","floor":16},{"not_picked":["Redo","Recycle"],"picked":"Rebound+1","floor":18}],"player_experience":2512538,"relics_obtained":[{"floor":7,"key":"Ginger"},{"floor":9,"key":"Gambling Chip"},{"floor":19,"key":"Red Mask"},{"floor":20,"key":"Orichalcum"}],"event_choices":[{"damage_healed":0,"gold_gain":0,"player_choice":"Lose Max HP","damage_taken":0,"relics_obtained":["Golden Idol"],"max_hp_gain":0,"max_hp_loss":7,"event_name":"Golden Idol","floor":2,"gold_loss":0},{"damage_healed":0,"gold_gain":0,"player_choice":"Searched \u00271\u0027 times","damage_taken":0,"max_hp_gain":0,"max_hp_loss":0,"event_name":"Dead Adventurer","floor":7,"gold_loss":0},{"cards_removed":["Strike_B"],"damage_healed":0,"gold_gain":0,"player_choice":"Card Removal","damage_taken":7,"max_hp_gain":0,"max_hp_loss":0,"event_name":"Golden Wing","floor":14,"gold_loss":0},{"damage_healed":0,"gold_gain":0,"player_choice":"Fought Bandits","damage_taken":0,"max_hp_gain":0,"max_hp_loss":0,"event_name":"Masked Bandits","floor":19,"gold_loss":0},{"damage_healed":0,"gold_gain":50,"player_choice":"Stole From Cult","damage_taken":0,"max_hp_gain":0,"max_hp_loss":0,"event_name":"Nest","floor":22,"gold_loss":0}],"is_beta":true,"boss_relics":[{"not_picked":["Lizard Tail","Busted Crown"],"picked":"Eternal Feather"}],"items_purged_floors":[21],"is_endless":false,"potions_floor_spawned":[3,7,10,16,18],"killed_by":"Book of Stabbing","ascension_level":15}