{"gold_per_floor":[112,123,138,157,174,207,222,252,252,252,271,271,271,271],"floor_reached":14,"playtime":430,"items_purged":[],"score":208,"play_id":"2185aed1-fb8d-48c9-a4a8-632c615cc8b6","local_time":"20190530133339","is_ascension_mode":true,"campfire_choices":[{"floor":13,"key":"REST"}],"neow_cost":"TEN_PERCENT_HP_LOSS","seed_source_timestamp":316646563943500,"circlet_count":0,"master_deck":["AscendersBane","Strike_B","Strike_B","Strike_B","Defend_B","Defend_B","Defend_B","Zap","Dualcast","Auto Shields","Conserve Battery","Sweeping Beam","Gash","Hologram","Gash","Skim","Skim","Hologram","Turbo"],"relics":["Cracked Core","Regal Pillow","Lantern","Kunai","Golden Idol"],"potions_floor_usage":[5,6,8,11],"damage_taken":[{"damage":0,"enemies":"Cultist","floor":1,"turns":4},{"damage":0,"enemies":"Small Slimes","floor":2,"turns":2},{"damage":1,"enemies":"2 Louse","floor":3,"turns":2},{"damage":10,"enemies":"Large Slime","floor":4,"turns":5},{"damage":2,"enemies":"Lots of Slimes","floor":5,"turns":3},{"damage":7,"enemies":"Lagavulin","floor":6,"turns":8},{"damage":1,"enemies":"Blue Slaver","floor":7,"turns":4},{"damage":27,"enemies":"3 Sentries","floor":8,"turns":10},{"damage":12,"enemies":"Exordium Thugs","floor":11,"turns":4},{"damage":81,"enemies":"Gremlin Nob","floor":14,"turns":4}],"seed_played":"8561697671472187463","potions_obtained":[{"floor":3,"key":"PowerPotion"},{"floor":4,"key":"EssenceOfSteel"},{"floor":7,"key":"SkillPotion"},{"floor":8,"key":"Strength Potion"}],"is_trial":false,"path_per_floor":["M","M","M","M","M","E","M","E","T","?","M","?","R","E"],"character_chosen":"DEFECT","items_purchased":[],"campfire_rested":1,"item_purchase_floors":[],"current_hp_per_floor":[64,64,63,53,51,44,43,16,16,16,4,4,36,0],"gold":271,"neow_bonus":"TRANSFORM_TWO_CARDS","is_prod":false,"is_daily":false,"chose_seed":false,"campfire_upgraded":0,"win_rate":0,"timestamp":1559190819,"path_taken":["M","M","M","?","M","E","M","E","T","?","M","?","R","E"],"build_version":"2019-01-23","purchased_purges":0,"victory":false,"max_hp_per_floor":[64,64,64,64,64,64,64,64,64,64,64,58,58,58],"card_choices":[{"not_picked":["Rebound","Stack"],"picked":"Sweeping Beam","floor":1},{"not_picked":["Beam Cell","Heatsinks"],"picked":"Gash","floor":2},{"not_picked":["Turbo","Leap"],"picked":"Hologram","floor":3},{"not_picked":["Ball Lightning","Rip and Tear"],"picked":"Gash","floor":4},{"not_picked":["Cold Snap","Leap"],"picked":"Skim","floor":5},{"not_picked":["Coolheaded","Barrage"],"picked":"Skim","floor":6},{"not_picked":["Coolheaded","Barrage"],"picked":"Hologram","floor":7},{"not_picked":["Blizzard","Aggregate","Melter"],"picked":"SKIP","floor":8},{"not_picked":["Barrage","Streamline"],"picked":"Turbo","floor":11}],"player_experience":5207168,"relics_obtained":[{"floor":6,"key":"Regal Pillow"},{"floor":8,"key":"Lantern"},{"floor":9,"key":"Kunai"}],"event_choices":[{"damage_healed":0,"gold_gain":0,"player_choice":"Fled","damage_taken":0,"max_hp_gain":0,"max_hp_loss":0,"event_name":"Scrap Ooze","floor":10,"gold_loss":0},{"damage_healed":0,"gold_gain":0,"player_choice":"Lose Max HP","damage_taken":0,"relics_obtained":["Golden Idol"],"max_hp_gain":0,"max_hp_loss":6,"event_name":"Golden Idol","floor":12,"gold_loss":0}],"is_beta":false,"boss_relics":[],"items_purged_floors":[],"is_endless":false,"potions_floor_spawned":[3,4,7,8],"killed_by":"Gremlin Nob","ascension_level":20}