{"gold_per_floor":[117,134,149,166,166,166,184,218,244,259,49,71,97,22,22,96,96,107,22,41,91,111,111,126,51,51,66,66,86,86,86,86,162,162,180,180,160,173,192,192,211,224,224,224,224,243,243,143,143,143,143,143,88,88],"floor_reached":54,"playtime":3951,"items_purged":["Strike_R","Defend_R"],"score":1297,"play_id":"74088d98-e122-4dbb-8384-16a1cbdcbe18","local_time":"20190420093331","is_ascension_mode":true,"campfire_choices":[{"data":"Bash","floor":6.0,"key":"SMITH"},{"floor":15.0,"key":"REST"},{"data":"Armaments","floor":23.0,"key":"SMITH"},{"floor":28.0,"key":"REST"},{"data":"Offering","floor":30.0,"key":"SMITH"},{"data":"Feel No Pain","floor":32.0,"key":"SMITH"},{"floor":40.0,"key":"REST"},{"data":"Entrench","floor":44.0,"key":"SMITH"},{"floor":47.0,"key":"REST"},{"floor":49.0,"key":"RECALL"},{"data":"True Grit","floor":52.0,"key":"SMITH"}],"neow_cost":"PERCENT_DAMAGE","seed_source_timestamp":664667683511500,"circlet_count":0,"master_deck":["AscendersBane","Defend_R+1","Defend_R","Defend_R","Bash+1","Feel No Pain+1","Reckless Charge","Disarm+1","Pommel Strike","Offering+1","Twin Strike","Evolve","Armaments+1","Barricade","Clothesline","Entrench+1","Evolve+1","Body Slam","True Grit+1","Demon Form","Intimidate","Body Slam","Flame Barrier+1","Intimidate"],"special_seed":0,"relics":["Burning Blood","War Paint","Regal Pillow","ClockworkSouvenir","Odd Mushroom","Orichalcum","Mark of Pain","Bag of Marbles","Letter Opener","White Beast Statue"],"potions_floor_usage":[54],"damage_taken":[{"damage":1.0,"enemies":"2 Louse","floor":1.0,"turns":4.0},{"damage":4.0,"enemies":"Cultist","floor":2.0,"turns":4.0},{"damage":4.0,"enemies":"Jaw Worm","floor":3.0,"turns":5.0},{"damage":1.0,"enemies":"Looter","floor":4.0,"turns":2.0},{"damage":5.0,"enemies":"2 Fungi Beasts","floor":7.0,"turns":4.0},{"damage":34.0,"enemies":"Lagavulin","floor":8.0,"turns":8.0},{"damage":11.0,"enemies":"Exordium Wildlife","floor":10.0,"turns":5.0},{"damage":7.0,"enemies":"The Mushroom Lair","floor":12.0,"turns":3.0},{"damage":30.0,"enemies":"Gremlin Nob","floor":13.0,"turns":4.0},{"damage":20.0,"enemies":"Hexaghost","floor":16.0,"turns":11.0},{"damage":6.0,"enemies":"Chosen","floor":18.0,"turns":6.0},{"damage":24.0,"enemies":"3 Byrds","floor":20.0,"turns":10.0},{"damage":26.0,"enemies":"Shelled Parasite and Fungi","floor":22.0,"turns":11.0},{"damage":7.0,"enemies":"Snecko","floor":24.0,"turns":7.0},{"damage":6.0,"enemies":"Chosen and Byrds","floor":27.0,"turns":8.0},{"damage":6.0,"enemies":"Cultist and Chosen","floor":29.0,"turns":8.0},{"damage":0.0,"enemies":"Collector","floor":33.0,"turns":10.0},{"damage":19.0,"enemies":"Orb Walker","floor":35.0,"turns":4.0},{"damage":39.0,"enemies":"3 Darklings","floor":38.0,"turns":6.0},{"damage":6.0,"enemies":"Transient","floor":39.0,"turns":6.0},{"damage":16.0,"enemies":"Writhing Mass","floor":41.0,"turns":8.0},{"damage":11.0,"enemies":"Spire Growth","floor":42.0,"turns":7.0},{"damage":28.0,"enemies":"Sphere and 2 Shapes","floor":46.0,"turns":7.0},{"damage":33.0,"enemies":"Time Eater","floor":50.0,"turns":13.0},{"damage":65,"enemies":"Shield and Spear","floor":54,"turns":6}],"seed_played":"474338083513029309","potions_obtained":[{"floor":1.0,"key":"SkillPotion"},{"floor":4.0,"key":"Explosive Potion"},{"floor":7.0,"key":"Block Potion"},{"floor":10.0,"key":"Ancient Potion"},{"floor":16.0,"key":"SpeedPotion"},{"floor":24.0,"key":"AttackPotion"},{"floor":35.0,"key":"PowerPotion"},{"floor":37.0,"key":"BloodPotion"},{"floor":38.0,"key":"BloodPotion"},{"floor":39.0,"key":"Fire Potion"},{"floor":41.0,"key":"Block Potion"},{"floor":42.0,"key":"SkillPotion"},{"floor":46.0,"key":"GamblersBrew"}],"is_trial":false,"path_per_floor":["M","M","M","M","?","R","M","E","T","M","$","?","E","$","R","B",null,"M","?","M","?","M","R","M","?","T","M","R","M","R","?","R","B",null,"M","?","?","M","M","R","M","M","T","R","?","M","R","$","R","B",null,"R","$","E"],"character_chosen":"IRONCLAD","items_purchased":["ClockworkSouvenir","PowerPotion"],"campfire_rested":4,"item_purchase_floors":[11,53],"current_hp_per_floor":[55,57,59,64,64,64,65,37,37,32,32,31,7,7,44,30,64,64,64,46,46,26,26,25,25,25,25,62,62,62,62,62,68,73,60,60,60,34,41,75,65,60,60,60,60,38,75,75,75,48,68,68,68,3],"gold":88,"neow_bonus":"REMOVE_TWO","is_prod":false,"is_daily":false,"chose_seed":false,"campfire_upgraded":6,"win_rate":0,"timestamp":1555720411,"path_taken":["M","M","M","M","?","R","M","E","T","?","$","?","E","$","R","BOSS","M","?","M","?","M","R","M","?","T","?","R","M","R","?","R","BOSS","M","?","?","M","?","R","M","M","T","R","?","M","R","$","R","BOSS","R","$","E"],"build_version":"2019-04-04","purchased_purges":2,"victory":false,"max_hp_per_floor":[75,75,75,75,75,75,75,75,75,75,75,75,75,75,75,75,75,75,75,75,75,75,75,75,75,75,75,75,75,75,75,75,75,75,75,75,75,75,75,75,75,75,75,75,75,75,75,75,75,75,75,75,75,75],"card_choices":[{"not_picked":["Fire Breathing","Clash"],"picked":"Feel No Pain","floor":1.0},{"not_picked":["Perfected Strike","Clothesline"],"picked":"Reckless Charge","floor":2.0},{"not_picked":["Cleave","Dropkick"],"picked":"Disarm","floor":3.0},{"not_picked":["Hemokinesis","Disarm"],"picked":"Pommel Strike","floor":4.0},{"not_picked":["Clash","Armaments"],"picked":"Pummel","floor":7.0},{"not_picked":["Heavy Blade","Clothesline"],"picked":"Offering","floor":8.0},{"not_picked":["Flex","Warcry"],"picked":"Twin Strike","floor":10.0},{"not_picked":["Cleave","Body Slam"],"picked":"Evolve","floor":12.0},{"not_picked":["Twin Strike","Pommel Strike"],"picked":"Armaments","floor":13.0},{"not_picked":["Offering","Double Tap"],"picked":"Barricade","floor":16.0},{"not_picked":["Flex","Clash"],"picked":"Clothesline","floor":18.0},{"not_picked":["Hemokinesis","Rupture"],"picked":"Entrench","floor":20.0},{"not_picked":["Flex","Anger"],"picked":"Evolve+1","floor":22.0},{"not_picked":["Havoc","Cleave","Thunderclap"],"picked":"SKIP","floor":24.0},{"not_picked":["Battle Trance","Burning Pact"],"picked":"Body Slam","floor":27.0},{"not_picked":["Cleave","Dropkick"],"picked":"True Grit","floor":29.0},{"not_picked":["Bludgeon","Reaper"],"picked":"Demon Form","floor":33.0},{"not_picked":["Flex","Headbutt"],"picked":"Intimidate","floor":35.0},{"not_picked":["Anger","Whirlwind","Sword Boomerang"],"picked":"SKIP","floor":38.0},{"not_picked":["Twin Strike","Havoc"],"picked":"Body Slam","floor":39.0},{"not_picked":["Warcry","Armaments","Sword Boomerang+1"],"picked":"SKIP","floor":41.0},{"not_picked":["Fire Breathing","True Grit"],"picked":"Flame Barrier+1","floor":42.0},{"not_picked":["Disarm","Headbutt"],"picked":"Intimidate","floor":46.0}],"player_experience":2993167,"relics_obtained":[{"floor":8.0,"key":"War Paint"},{"floor":9.0,"key":"Regal Pillow"},{"floor":12.0,"key":"Odd Mushroom"},{"floor":13.0,"key":"Orichalcum"},{"floor":26.0,"key":"Letter Opener"}],"event_choices":[{"cards_removed":["Strike_R"],"damage_healed":0.0,"max_hp_gain":0.0,"max_hp_loss":0.0,"gold_gain":0.0,"event_name":"Purifier","player_choice":"Purged","floor":5.0,"gold_loss":0.0,"damage_taken":0.0},{"damage_healed":0.0,"max_hp_gain":0.0,"max_hp_loss":0.0,"gold_gain":0.0,"event_name":"Mushrooms","player_choice":"Fought Mushrooms","floor":12.0,"gold_loss":0.0,"damage_taken":0.0},{"damage_healed":0.0,"max_hp_gain":0.0,"max_hp_loss":0.0,"gold_gain":0.0,"event_name":"Addict","player_choice":"Obtained Relic","floor":19.0,"gold_loss":85.0,"damage_taken":0.0,"relics_obtained":["Bag of Marbles"]},{"damage_healed":0.0,"max_hp_gain":0.0,"max_hp_loss":0.0,"gold_gain":50.0,"event_name":"Nest","player_choice":"Stole From Cult","floor":21.0,"gold_loss":0.0,"damage_taken":0.0},{"cards_removed":["Strike_R"],"damage_healed":0.0,"max_hp_gain":0.0,"max_hp_loss":0.0,"gold_gain":0.0,"event_name":"Beggar","player_choice":"Gave Gold","floor":25.0,"gold_loss":75.0,"damage_taken":0.0},{"damage_healed":0.0,"max_hp_gain":0.0,"max_hp_loss":0.0,"gold_gain":0.0,"event_name":"The Mausoleum","player_choice":"Ignored","floor":31.0,"gold_loss":0.0,"damage_taken":0.0},{"cards_removed":["Pummel"],"damage_healed":0.0,"max_hp_gain":0.0,"max_hp_loss":0.0,"gold_gain":0.0,"event_name":"Falling","player_choice":"Removed Attack","floor":36.0,"gold_loss":0.0,"damage_taken":0.0},{"damage_healed":0.0,"max_hp_gain":0.0,"max_hp_loss":0.0,"gold_gain":0.0,"event_name":"The Woman in Blue","player_choice":"Bought 1 Potion","floor":37.0,"gold_loss":0.0,"damage_taken":0.0},{"damage_healed":0.0,"max_hp_gain":0.0,"max_hp_loss":0.0,"gold_gain":0.0,"event_name":"Mysterious Sphere","player_choice":"Ignored","floor":45.0,"gold_loss":0.0,"damage_taken":0.0}],"is_beta":true,"boss_relics":[{"not_picked":["Sozu","Busted Crown"],"picked":"Mark of Pain"},{"not_picked":["Cursed Key","Snecko Eye"],"picked":"White Beast Statue"}],"items_purged_floors":[14,48],"is_endless":false,"potions_floor_spawned":[1,4,7,10,16,20,24,35,38,39,41,42,46],"killed_by":"Shield and Spear","ascension_level":17}