{"gold_per_floor":[115,290,290,300,310,339,339],"floor_reached":7,"playtime":607,"items_purged":[],"score":51,"play_id":"d66ed4c6-908c-42d8-85f7-a710f0cb197c","local_time":"20181125230913","is_ascension_mode":false,"campfire_choices":[],"neow_cost":"NONE","seed_source_timestamp":882899525363879,"circlet_count":0,"master_deck":["Defend_G","Defend_G","Defend_G","Defend_G","Defend_G","Strike_G","Strike_G","Strike_G","Strike_G","Strike_G","Survivor","Neutralize","Poisoned Stab","Doubt","Regret","Poisoned Stab","Well Laid Plans"],"relics":["Ring of the Snake","NeowsBlessing","StoneCalendar","Bottled Flame"],"potions_floor_usage":[7],"damage_taken":[{"damage":0,"enemies":"2 Louse","floor":1,"turns":1},{"damage":0,"enemies":"Small Slimes","floor":4,"turns":1},{"damage":0,"enemies":"Jaw Worm","floor":5,"turns":1},{"damage":49,"enemies":"3 Sentries","floor":6,"turns":7},{"damage":21,"enemies":"Exordium Wildlife","floor":7,"turns":6}],"seed_played":"-6909852755568093780","potions_obtained":[{"floor":5,"key":"SkillPotion"}],"is_trial":false,"path_per_floor":["M","?","?","M","M","E","M"],"character_chosen":"THE_SILENT","items_purchased":[],"campfire_rested":0,"item_purchase_floors":[],"current_hp_per_floor":[70,70,70,70,70,21,0],"gold":339,"neow_bonus":"THREE_ENEMY_KILL","is_prod":false,"is_daily":false,"chose_seed":false,"campfire_upgraded":0,"win_rate":0.0,"timestamp":1543154953,"path_taken":["M","?","?","M","M","E","?"],"build_version":"2018-11-15","purchased_purges":0,"victory":false,"max_hp_per_floor":[70,70,70,70,70,70,70],"card_choices":[{"not_picked":["PiercingWail","Backflip"],"picked":"Poisoned Stab","floor":1},{"not_picked":["Skewer","Blur"],"picked":"Poisoned Stab","floor":4},{"not_picked":["Endless Agony","Underhanded Strike","Flying Knee"],"picked":"SKIP","floor":5},{"not_picked":["Flying Knee","Calculated Gamble"],"picked":"Well Laid Plans","floor":6}],"player_experience":5915,"relics_obtained":[{"floor":6,"key":"Bottled Flame"}],"event_choices":[{"damage_healed":0,"gold_gain":175,"player_choice":"AGREE","damage_taken":0,"max_hp_gain":0,"max_hp_loss":0,"event_name":"Liars Game","floor":2,"gold_loss":0,"cards_obtained":["Doubt"]},{"damage_healed":0,"gold_gain":0,"player_choice":"Box","damage_taken":0,"relics_obtained":["StoneCalendar"],"max_hp_gain":0,"max_hp_loss":0,"event_name":"Big Fish","floor":3,"gold_loss":0,"cards_obtained":["Regret"]}],"is_beta":false,"boss_relics":[],"items_purged_floors":[],"is_endless":false,"potions_floor_spawned":[5],"killed_by":"Exordium Wildlife","ascension_level":0}