{"gold_per_floor":[111,261,261,261,277,305,330,9,9,28,28,47,47,28,28,105,105,115,65,81,31,31,31,2,2,29,29],"floor_reached":27,"playtime":1399,"items_purged":["Regret","Doubt"],"score":449,"play_id":"5fd30671-e4ac-4f0d-b0c8-dc8068190039","local_time":"20190512131310","is_ascension_mode":true,"campfire_choices":[{"floor":11,"key":"REST"},{"data":"Corruption","floor":13,"key":"SMITH"},{"floor":15,"key":"REST"},{"floor":23,"key":"REST"},{"data":"Dark Embrace","floor":25,"key":"SMITH"}],"neow_cost":"NONE","seed_source_timestamp":2661991120955628,"circlet_count":0,"master_deck":["AscendersBane","Strike_R","Strike_R","Strike_R","Strike_R","Strike_R","Defend_R","Defend_R","Defend_R","Defend_R","Bash","Shrug It Off","Corruption+1","Havoc","Sever Soul","Shrug It Off","Bandage Up","Pommel Strike","Shrug It Off","Body Slam","Dark Embrace+1","Pummel","Shrug It Off","Feel No Pain"],"relics":["Burning Blood","NeowsBlessing","Champion Belt","The Courier","WingedGreaves","Smiling Mask","Strange Spoon","Magic Flower","Runic Cube","Strawberry"],"potions_floor_usage":[7,16],"damage_taken":[{"damage":0,"enemies":"Jaw Worm","floor":1,"turns":1},{"damage":2,"enemies":"2 Louse","floor":5,"turns":2},{"damage":0,"enemies":"Lagavulin","floor":6,"turns":1},{"damage":72,"enemies":"3 Sentries","floor":7,"turns":11},{"damage":0,"enemies":"Cultist","floor":10,"turns":4},{"damage":16,"enemies":"Lots of Slimes","floor":12,"turns":6},{"damage":82,"enemies":"The Guardian","floor":16,"turns":15},{"damage":25,"enemies":"Chosen","floor":18,"turns":6},{"damage":23,"enemies":"Shell Parasite","floor":20,"turns":7},{"damage":108,"enemies":"Gremlin Leader","floor":27,"turns":7}],"seed_played":"5704226096815328444","potions_obtained":[{"floor":5,"key":"Strength Potion"},{"floor":12,"key":"Weak Potion"}],"is_trial":false,"path_per_floor":["M","?","?","?","M","E","E","$","T","M","R","M","R","$","R","B",null,"M","?","M","$","?","R","$","R","T","E"],"character_chosen":"IRONCLAD","items_purchased":["Strange Spoon","Shrug It Off","Bandage Up","Body Slam","Feel No Pain"],"campfire_rested":3,"item_purchase_floors":[8,8,8,14,24],"current_hp_per_floor":[74,74,69,69,73,75,9,9,9,24,46,51,51,51,73,12,59,49,49,47,47,47,69,69,69,76,0],"gold":29,"neow_bonus":"THREE_ENEMY_KILL","is_prod":false,"is_daily":false,"chose_seed":false,"campfire_upgraded":2,"win_rate":0,"timestamp":1557655990,"path_taken":["M","?","?","?","M","E","E","?","T","?","R","M","R","?","R","BOSS","M","?","?","$","?","R","$","R","T","E"],"build_version":"2019-01-23","purchased_purges":2,"victory":false,"max_hp_per_floor":[75,75,75,75,75,75,75,75,75,75,75,75,75,75,75,75,75,75,75,75,75,75,75,75,75,82,82],"card_choices":[{"not_picked":["Cleave","Hemokinesis"],"picked":"Shrug It Off","floor":1},{"not_picked":["True Grit","Shrug It Off"],"picked":"Corruption","floor":5},{"not_picked":["Metallicize","Clash"],"picked":"Havoc","floor":6},{"not_picked":["Fire Breathing","Berserk"],"picked":"Sever Soul","floor":7},{"not_picked":["Sever Soul","Flex"],"picked":"Pommel Strike","floor":10},{"not_picked":["Entrench","True Grit"],"picked":"Shrug It Off","floor":12},{"not_picked":["Immolate","Reaper"],"picked":"Dark Embrace","floor":16},{"not_picked":["Sword Boomerang+1","Rampage"],"picked":"Pummel","floor":18},{"not_picked":["Heavy Blade","Body Slam"],"picked":"Shrug It Off","floor":20}],"player_experience":1340526,"relics_obtained":[{"floor":6,"key":"WingedGreaves"},{"floor":7,"key":"Smiling Mask"},{"floor":9,"key":"Magic Flower"},{"floor":26,"key":"Strawberry"}],"event_choices":[{"damage_healed":0,"gold_gain":150,"player_choice":"AGREE","damage_taken":0,"max_hp_gain":0,"max_hp_loss":0,"event_name":"Liars Game","floor":2,"gold_loss":0,"cards_obtained":["Doubt"]},{"damage_healed":0,"gold_gain":0,"player_choice":"Success","damage_taken":5,"relics_obtained":["Champion Belt"],"max_hp_gain":0,"max_hp_loss":0,"event_name":"Scrap Ooze","floor":3,"gold_loss":0},{"damage_healed":0,"gold_gain":0,"player_choice":"Box","damage_taken":0,"relics_obtained":["The Courier"],"max_hp_gain":0,"max_hp_loss":0,"event_name":"Big Fish","floor":4,"gold_loss":0,"cards_obtained":["Regret"]},{"damage_healed":0,"gold_gain":0,"player_choice":"Bet on Murderer","damage_taken":0,"max_hp_gain":0,"max_hp_loss":0,"event_name":"The Joust","floor":19,"gold_loss":50},{"damage_healed":0,"gold_gain":0,"player_choice":"Ignored","damage_taken":0,"max_hp_gain":0,"max_hp_loss":0,"event_name":"Purifier","floor":22,"gold_loss":0}],"is_beta":false,"boss_relics":[{"not_picked":["Runic Dome","Busted Crown"],"picked":"Runic Cube"}],"items_purged_floors":[8,21],"is_endless":false,"potions_floor_spawned":[5,12],"killed_by":"Gremlin Leader","ascension_level":15}