{"gold_per_floor":[112,112,125,138,150,177,177,177,177,207,207,236,236,249,249,327,327,344,7,17,107,32,62,62,81,81,81,81,81,81,109,109,180,180,195,61,77,95,195,195,195,195,195,209,241,295,311,341,341,341,341,341,13,39,39],"floor_reached":56,"playtime":4171,"items_purged":["Strike_R","Strike_R"],"score":2133,"play_id":"a2f4d0ed-e6f9-493f-b33f-3bf333d9e823","local_time":"20190501013428","is_ascension_mode":true,"campfire_choices":[{"data":"Inflame","floor":8.0,"key":"SMITH"},{"floor":11.0,"key":"REST"},{"data":"Heavy Blade","floor":13.0,"key":"SMITH"},{"data":"Bash","floor":15.0,"key":"SMITH"},{"data":"Feed","floor":24.0,"key":"SMITH"},{"data":"Dual Wield","floor":27.0,"key":"SMITH"},{"data":"Flex","floor":29.0,"key":"SMITH"},{"data":"Shrug It Off","floor":32.0,"key":"SMITH"},{"data":"Limit Break","floor":40.0,"key":"SMITH"},{"data":"Exhume","floor":42.0,"key":"SMITH"},{"floor":49.0,"key":"RECALL"},{"data":"Seeing Red","floor":52.0,"key":"SMITH"}],"neow_cost":"TEN_PERCENT_HP_LOSS","seed_source_timestamp":372875862496214,"circlet_count":0,"master_deck":["AscendersBane","Defend_R","Defend_R","Defend_R","Defend_R","Bash+1","Clothesline+1","Exhume+1","Battle Trance","Inflame+1","Spot Weakness","Limit Break+1","Heavy Blade+1","Headbutt+1","Feed+1","Flex+1","Dual Wield+1","Uppercut+1","Shrug It Off+1","Reaper","Second Wind","Inflame+1","Seeing Red+1","Shockwave","Headbutt+1","Flex+1"],"special_seed":0,"relics":["Burning Blood","Pocketwatch","Sundial","Ornamental Fan","Bottled Lightning","Coffee Dripper","Ice Cream","Omamori","Pantograph","The Courier","Runic Pyramid","Potion Belt","WingedGreaves","Letter Opener","Champion Belt","Charon\u0027s Ashes","Lantern","Bag of Preparation","Whetstone"],"potions_floor_usage":[55,55],"damage_taken":[{"damage":6.0,"enemies":"Jaw Worm","floor":1.0,"turns":5.0},{"damage":6.0,"enemies":"Cultist","floor":3.0,"turns":3.0},{"damage":3.0,"enemies":"Small Slimes","floor":4.0,"turns":5.0},{"damage":10.0,"enemies":"2 Fungi Beasts","floor":5.0,"turns":4.0},{"damage":18.0,"enemies":"Gremlin Nob","floor":6.0,"turns":4.0},{"damage":15.0,"enemies":"Lagavulin","floor":10.0,"turns":6.0},{"damage":21.0,"enemies":"Gremlin Nob","floor":12.0,"turns":4.0},{"damage":10.0,"enemies":"Exordium Thugs","floor":14.0,"turns":3.0},{"damage":11.0,"enemies":"The Guardian","floor":16.0,"turns":7.0},{"damage":9.0,"enemies":"Chosen","floor":18.0,"turns":3.0},{"damage":1.0,"enemies":"Spheric Guardian","floor":20.0,"turns":3.0},{"damage":24.0,"enemies":"Gremlin Leader","floor":23.0,"turns":6.0},{"damage":0.0,"enemies":"Snake Plant","floor":25.0,"turns":2.0},{"damage":18.0,"enemies":"Book of Stabbing","floor":31.0,"turns":3.0},{"damage":35.0,"enemies":"Collector","floor":33.0,"turns":4.0},{"damage":19.0,"enemies":"Orb Walker","floor":35.0,"turns":4.0},{"damage":53.0,"enemies":"3 Darklings","floor":37.0,"turns":6.0},{"damage":46.0,"enemies":"Maw","floor":38.0,"turns":7.0},{"damage":28.0,"enemies":"Mind Bloom Boss Battle","floor":39.0,"turns":8.0},{"damage":0.0,"enemies":"Reptomancer","floor":41.0,"turns":1.0},{"damage":68.0,"enemies":"Writhing Mass","floor":44.0,"turns":8.0},{"damage":54.0,"enemies":"Nemesis","floor":45.0,"turns":5.0},{"damage":64.0,"enemies":"2 Orb Walkers","floor":46.0,"turns":5.0},{"damage":8.0,"enemies":"Transient","floor":47.0,"turns":6.0},{"damage":39.0,"enemies":"Giant Head","floor":48.0,"turns":6.0},{"damage":101.0,"enemies":"Awakened One","floor":50.0,"turns":11.0},{"damage":92.0,"enemies":"Shield and Spear","floor":54.0,"turns":5.0},{"damage":283,"enemies":"The Heart","floor":55,"turns":10}],"seed_played":"-8455833263487584375","potions_obtained":[{"floor":3.0,"key":"Fire Potion"},{"floor":6.0,"key":"Strength Potion"},{"floor":12.0,"key":"BloodPotion"},{"floor":16.0,"key":"Fire Potion"},{"floor":18.0,"key":"Regen Potion"},{"floor":23.0,"key":"EssenceOfSteel"},{"floor":33.0,"key":"SmokeBomb"},{"floor":45.0,"key":"Energy Potion"},{"floor":47.0,"key":"Block Potion"},{"floor":54.0,"key":"Ancient Potion"}],"is_trial":false,"path_per_floor":["M","?","M","M","M","E","?","R","T","E","R","E","R","M","R","B",null,"M","$","M","?","$","E","R","M","T","R","?","R","$","E","R","B",null,"M","$","M","M","?","R","E","R","T","M","E","?","M","E","R","B",null,"R","$","E","B",null],"character_chosen":"IRONCLAD","items_purchased":["Ice Cream","Potion Belt","Lantern","Bag of Preparation"],"campfire_rested":1,"item_purchase_floors":[19,36,53,53],"current_hp_per_floor":[68,68,68,68,64,52,52,52,52,43,63,48,48,44,44,45,62,62,62,70,56,56,41,41,47,47,47,47,47,47,44,44,40,68,75,75,85,89,93,93,93,93,93,94,101,105,105,109,109,90,107,107,107,117,55],"gold":39,"neow_bonus":"REMOVE_TWO","is_prod":false,"is_daily":false,"chose_seed":false,"campfire_upgraded":10,"win_rate":0,"timestamp":1556642068,"path_taken":["M","?","M","M","?","E","?","R","T","E","R","E","R","?","R","BOSS","M","$","M","?","?","E","R","M","T","R","?","R","?","E","R","BOSS","M","$","M","M","?","R","E","R","T","M","E","?","M","E","R","BOSS","R","$","E","BOSS"],"build_version":"2019-04-23","purchased_purges":2,"victory":true,"max_hp_per_floor":[68,68,68,68,68,68,68,68,68,68,68,68,68,68,68,68,68,71,71,74,74,74,77,77,77,77,77,77,77,77,77,77,77,77,81,81,85,89,93,93,93,93,93,97,101,105,105,109,109,113,113,113,113,117,117],"card_choices":[{"not_picked":["Perfected Strike","Thunderclap"],"picked":"Clothesline","floor":1.0},{"not_picked":["Headbutt","Warcry"],"picked":"Battle Trance","floor":3.0},{"not_picked":["Flex","Pommel Strike"],"picked":"Inflame","floor":4.0},{"not_picked":["Warcry","Perfected Strike","Second Wind"],"picked":"SKIP","floor":5.0},{"not_picked":["Rupture","Wild Strike"],"picked":"Spot Weakness","floor":6.0},{"not_picked":["Armaments","Sentinel"],"picked":"Limit Break","floor":10.0},{"not_picked":["Havoc","True Grit"],"picked":"Heavy Blade","floor":12.0},{"not_picked":["Intimidate","Combust"],"picked":"Headbutt","floor":14.0},{"not_picked":["Impervious","Offering"],"picked":"Feed","floor":16.0},{"not_picked":["Thunderclap","Clothesline"],"picked":"Flex","floor":18.0},{"not_picked":["Body Slam","Uppercut"],"picked":"Dual Wield","floor":20.0},{"not_picked":["Cleave","Inflame"],"picked":"Uppercut+1","floor":23.0},{"not_picked":["Headbutt","Hemokinesis","Twin Strike"],"picked":"SKIP","floor":25.0},{"not_picked":["Shockwave","Blood for Blood"],"picked":"Shrug It Off","floor":31.0},{"not_picked":["Impervious","Double Tap"],"picked":"Reaper","floor":33.0},{"not_picked":["Dual Wield","Burning Pact+1"],"picked":"Second Wind","floor":35.0},{"not_picked":["Shrug It Off","Sentinel","Hemokinesis"],"picked":"SKIP","floor":37.0},{"not_picked":["Twin Strike","Havoc","Reckless Charge"],"picked":"SKIP","floor":38.0},{"not_picked":["Twin Strike","Sever Soul"],"picked":"Inflame+1","floor":39.0},{"not_picked":["Pummel","Pommel Strike"],"picked":"Seeing Red","floor":44.0},{"not_picked":["Pommel Strike","Perfected Strike"],"picked":"Shockwave","floor":45.0},{"not_picked":["Pommel Strike","Sword Boomerang"],"picked":"Headbutt+1","floor":46.0},{"not_picked":["Shrug It Off","Perfected Strike"],"picked":"Flex+1","floor":47.0},{"not_picked":["Sentinel","Headbutt+1","Brutality"],"picked":"SKIP","floor":48.0},{"not_picked":["Perfected Strike","Hemokinesis","Clash"],"picked":"SKIP","floor":54.0}],"player_experience":3120165,"relics_obtained":[{"floor":6.0,"key":"Pocketwatch"},{"floor":9.0,"key":"Sundial"},{"floor":10.0,"key":"Ornamental Fan"},{"floor":12.0,"key":"Bottled Lightning"},{"floor":23.0,"key":"Omamori"},{"floor":26.0,"key":"Pantograph"},{"floor":31.0,"key":"The Courier"},{"floor":39.0,"key":"WingedGreaves"},{"floor":45.0,"key":"Letter Opener"},{"floor":46.0,"key":"Champion Belt"},{"floor":48.0,"key":"Charon\u0027s Ashes"},{"floor":54.0,"key":"Whetstone"}],"event_choices":[{"damage_healed":0.0,"max_hp_gain":0.0,"max_hp_loss":0.0,"gold_gain":0.0,"event_name":"Match and Keep!","player_choice":"1 cards matched","floor":2.0,"gold_loss":0.0,"damage_taken":0.0,"cards_obtained":["Exhume"]},{"cards_removed":["Strike_R"],"damage_healed":0.0,"max_hp_gain":0.0,"max_hp_loss":0.0,"gold_gain":0.0,"event_name":"Purifier","player_choice":"Purged","floor":7.0,"gold_loss":0.0,"damage_taken":0.0},{"damage_healed":0.0,"max_hp_gain":0.0,"max_hp_loss":0.0,"gold_gain":90.0,"event_name":"Knowing Skull","player_choice":"GOLD ","floor":21.0,"potions_obtained":[],"gold_loss":0.0,"damage_taken":14.0,"cards_obtained":[]},{"damage_healed":0.0,"max_hp_gain":0.0,"max_hp_loss":0.0,"gold_gain":0.0,"event_name":"MindBloom","player_choice":"Fight","floor":39.0,"gold_loss":0.0,"damage_taken":0.0},{"damage_healed":0.0,"max_hp_gain":0.0,"max_hp_loss":0.0,"gold_gain":0.0,"event_name":"Mysterious Sphere","player_choice":"Fight","floor":46.0,"gold_loss":0.0,"damage_taken":0.0}],"is_beta":true,"boss_relics":[{"not_picked":["Eternal Feather","Fusion Hammer"],"picked":"Coffee Dripper"},{"not_picked":["Black Star","Cursed Key"],"picked":"Runic Pyramid"}],"items_purged_floors":[22,53],"is_endless":false,"potions_floor_spawned":[3,6,12,16,18,23,25,33,35,41,45,47,54],"ascension_level":17}