{"gold_per_floor":[114,133,143,68,168,168,202,202,229,247,259,259,259,273,273,368,368,379,478,478,403,62,62,39,39],"floor_reached":25,"playtime":2096,"items_purged":["Strike_B","Strike_B"],"score":199,"play_id":"a5963a51-d07c-411f-aaa2-28cc7b771844","local_time":"20181126134922","is_ascension_mode":false,"campfire_choices":[{"data":"Redo","floor":6,"key":"SMITH"},{"floor":8,"key":"REST"},{"data":"Creative AI","floor":15,"key":"SMITH"},{"data":"Rebound","floor":23,"key":"SMITH"}],"neow_cost":"NONE","seed_source_timestamp":934222108181494,"circlet_count":0,"master_deck":["Strike_B","Strike_B","Defend_B","Defend_B","Defend_B","Zap","Dualcast","Creative AI+1","Rebound+1","Redo+1","Coolheaded","Conserve Battery","Rebound","Force Field","Blizzard","Steam","Hologram+1","Cold Snap"],"relics":["Cracked Core","Dream Catcher","Blood Vial","Sozu","Bottled Flame"],"potions_floor_usage":[10,18],"damage_taken":[{"damage":19,"enemies":"Cultist","floor":1,"turns":6},{"damage":14,"enemies":"2 Louse","floor":2,"turns":2},{"damage":1,"enemies":"Jaw Worm","floor":3,"turns":3},{"damage":22,"enemies":"Gremlin Nob","floor":7,"turns":4},{"damage":5,"enemies":"2 Fungi Beasts","floor":10,"turns":2},{"damage":3,"enemies":"Blue Slaver","floor":11,"turns":4},{"damage":15,"enemies":"Looter","floor":14,"turns":3},{"damage":27,"enemies":"Slime Boss","floor":16,"turns":14},{"damage":12,"enemies":"3 Byrds","floor":18,"turns":6},{"damage":69,"enemies":"Gremlin Leader","floor":25,"turns":6}],"seed_played":"-2946173138015095937","potions_obtained":[{"floor":7,"key":"FocusPotion"},{"floor":16,"key":"Strength Potion"}],"is_trial":false,"path_per_floor":["M","M","M","$","?","R","E","R","T","M","M","?","?","M","R","B",null,"M","?","?","?","$","R","$","E"],"character_chosen":"DEFECT","items_purchased":["Bottled Flame","Cold Snap"],"campfire_rested":1,"item_purchase_floors":[22,24],"current_hp_per_floor":[56,42,41,41,41,41,19,41,41,38,37,62,62,49,49,24,75,63,63,63,63,63,63,63,0],"gold":39,"neow_bonus":"ONE_RANDOM_RARE_CARD","is_prod":false,"is_daily":false,"chose_seed":false,"campfire_upgraded":3,"win_rate":0.0,"timestamp":1543207762,"path_taken":["M","M","M","$","?","R","E","R","T","?","M","?","?","M","R","BOSS","M","?","?","?","$","R","$","E"],"build_version":"2018-11-15","purchased_purges":2,"victory":false,"max_hp_per_floor":[75,75,75,75,75,75,75,75,75,75,75,75,75,75,75,75,75,75,75,75,75,75,75,75,75],"card_choices":[{"not_picked":["Sweeping Beam","Chill"],"picked":"Rebound","floor":1},{"not_picked":["Barrage","Sweeping Beam"],"picked":"Redo","floor":2},{"not_picked":["Stack","Compile Driver"],"picked":"Coolheaded","floor":3},{"not_picked":["Defragment","Consume"],"picked":"Conserve Battery","floor":7},{"not_picked":["Streamline","Gash"],"picked":"Rebound","floor":8},{"not_picked":["Streamline","Ball Lightning"],"picked":"Force Field","floor":10},{"not_picked":["Beam Cell","Compile Driver"],"picked":"Blizzard","floor":11},{"not_picked":["Lockon","Steam Power"],"picked":"Steam","floor":14},{"not_picked":["Leap","Steam"],"picked":"Hologram+1","floor":18}],"player_experience":18850,"relics_obtained":[{"floor":7,"key":"Dream Catcher"},{"floor":9,"key":"Blood Vial"}],"event_choices":[{"damage_healed":0,"gold_gain":100,"player_choice":"Pray","damage_taken":0,"max_hp_gain":0,"max_hp_loss":0,"event_name":"Golden Shrine","floor":5,"gold_loss":0},{"damage_healed":25,"gold_gain":0,"player_choice":"Banana","damage_taken":0,"max_hp_gain":0,"max_hp_loss":0,"event_name":"Big Fish","floor":12,"gold_loss":0},{"damage_healed":0,"gold_gain":0,"player_choice":"Ignored","damage_taken":0,"max_hp_gain":0,"max_hp_loss":0,"event_name":"NoteForYourself","floor":13,"gold_loss":0},{"damage_healed":0,"gold_gain":99,"player_choice":"Stole From Cult","damage_taken":0,"max_hp_gain":0,"max_hp_loss":0,"event_name":"Nest","floor":19,"gold_loss":0},{"damage_healed":0,"gold_gain":0,"player_choice":"Ignored","damage_taken":0,"max_hp_gain":0,"max_hp_loss":0,"event_name":"Cursed Tome","floor":20,"gold_loss":0},{"cards_removed":["Defend_B"],"damage_healed":0,"gold_gain":0,"player_choice":"Gave Gold","damage_taken":0,"max_hp_gain":0,"max_hp_loss":0,"event_name":"Beggar","floor":21,"gold_loss":75}],"is_beta":false,"boss_relics":[{"not_picked":["Fusion Hammer","Orrery"],"picked":"Sozu"}],"items_purged_floors":[4,22],"is_endless":false,"potions_floor_spawned":[7,16],"killed_by":"Gremlin Leader","ascension_level":0}