{"gold_per_floor":[119,119,135,135,135,16,27,27,27,27,84,154,154,171,171,269,269,285,285,285,285,301,301,301,301,348,348,4,33,33,33,33,129,129,139,158,433,452,11,39,51,63,150,162,189,19,19,65,65,65],"floor_reached":51,"playtime":1988,"items_purged":["Regret"],"score":850,"play_id":"f05f417f-f66f-4b0d-9923-d95ad8bc0a15","local_time":"20190602130435","is_ascension_mode":false,"campfire_choices":[{"data":"1","floor":8.0,"key":"LIFT"},{"floor":15.0,"key":"REST"},{"data":"2","floor":23.0,"key":"LIFT"},{"data":"3","floor":25.0,"key":"LIFT"},{"data":"Cloak And Dagger","floor":27.0,"key":"SMITH"},{"floor":32.0,"key":"REST"},{"floor":41.0,"key":"REST"},{"floor":44.0,"key":"REST"},{"floor":47.0,"key":"REST"},{"floor":49.0,"key":"REST"}],"neow_cost":"NONE","seed_source_timestamp":605165751235600,"circlet_count":0,"master_deck":["Defend_G+1","Defend_G+1","Defend_G","Defend_G","Strike_G","Strike_G","Strike_G","Strike_G","Survivor","Neutralize","Outmaneuver","Leg Sweep","Caltrops+1","Unload","Cloak And Dagger+1","Poisoned Stab","Backflip","Pain","Dodge and Roll","Adrenaline","Noxious Fumes","Writhe","Outmaneuver","Dagger Spray","Decay","Infinite Blades+1","Bane","PiercingWail","Die Die Die","Footwork+1","Outmaneuver+1","Regret","Terror","Dagger Spray","Bouncing Flask","Parasite","Flying Knee+1","Footwork+1","Flying Knee","Blind","Poisoned Stab+1"],"special_seed":0,"relics":["Ring of the Snake","Juzu Bracelet","Girya","Shuriken","Snake Skull","Meat on the Bone","WarpedTongs","Cursed Key","Mercury Hourglass","MutagenicStrength","Boot","Frozen Egg 2","The Specimen","Lizard Tail","TwistedFunnel","War Paint","MawBank","Bottled Tornado","Unceasing Top"],"potions_floor_usage":[],"damage_taken":[{"damage":4.0,"enemies":"2 Louse","floor":1.0,"turns":3.0},{"damage":0.0,"enemies":"Cultist","floor":3.0,"turns":6.0},{"damage":3.0,"enemies":"Jaw Worm","floor":7.0,"turns":4.0},{"damage":9.0,"enemies":"Gremlin Nob","floor":11.0,"turns":5.0},{"damage":11.0,"enemies":"3 Louse","floor":14.0,"turns":3.0},{"damage":32.0,"enemies":"Hexaghost","floor":16.0,"turns":8.0},{"damage":6.0,"enemies":"Shell Parasite","floor":18.0,"turns":6.0},{"damage":8.0,"enemies":"Chosen","floor":22.0,"turns":4.0},{"damage":30.0,"enemies":"Slavers","floor":29.0,"turns":5.0},{"damage":4.0,"enemies":"Colosseum Slavers","floor":31.0,"turns":3.0},{"damage":48.0,"enemies":"Champ","floor":33.0,"turns":9.0},{"damage":41.0,"enemies":"3 Darklings","floor":35.0,"turns":3.0},{"damage":9.0,"enemies":"Orb Walker","floor":36.0,"turns":3.0},{"damage":35.0,"enemies":"Sphere and 2 Shapes","floor":38.0,"turns":5.0},{"damage":16.0,"enemies":"Reptomancer","floor":40.0,"turns":4.0},{"damage":12.0,"enemies":"Spire Growth","floor":45.0,"turns":3.0},{"damage":64.0,"enemies":"2 Orb Walkers","floor":48.0,"turns":4.0},{"damage":67,"enemies":"Donu and Deca","floor":50,"turns":7}],"seed_played":"3092365639678423815","potions_obtained":[{"floor":1.0,"key":"EssenceOfSteel"},{"floor":11.0,"key":"PowerPotion"},{"floor":16.0,"key":"AttackPotion"},{"floor":22.0,"key":"Block Potion"},{"floor":35.0,"key":"Energy Potion"},{"floor":38.0,"key":"GamblersBrew"},{"floor":40.0,"key":"Energy Potion"},{"floor":42.0,"key":"Poison Potion"},{"floor":42.0,"key":"AttackPotion"}],"is_trial":false,"path_per_floor":["M","?","M","?","?","$","M","R","T","?","?","T","?","M","R","B",null,"M","T","?","?","M","R","?","R","T","R","$","E","$","?","R","B",null,"M","M","?","M","$","E","R","?","T","R","M","$","R","?","R","B",null],"character_chosen":"THE_SILENT","items_purchased":["Unload","Cloak And Dagger","Frozen Egg 2","Infinite Blades+1","Bane","TwistedFunnel","War Paint","Dagger Spray","Footwork+1","Flying Knee","Blind"],"campfire_rested":6,"item_purchase_floors":[6,6,28,28,28,39,39,39,46,46,46],"current_hp_per_floor":[66,66,66,66,66,66,63,63,63,63,54,54,54,43,64,44,70,64,64,64,64,56,56,56,56,56,56,56,38,38,46,67,31,70,41,44,44,21,21,17,38,38,38,59,47,47,68,16,37,18],"gold":65,"neow_bonus":"RANDOM_COMMON_RELIC","is_prod":false,"is_daily":false,"chose_seed":false,"campfire_upgraded":1,"win_rate":0,"timestamp":1559498675,"path_taken":["M","?","M","?","?","$","M","R","T","?","?","?","?","M","R","BOSS","M","?","?","?","M","R","?","R","T","R","$","E","$","?","R","BOSS","M","M","?","M","$","E","R","?","T","R","M","?","R","?","R","BOSS"],"build_version":"2019-01-23","purchased_purges":1,"victory":true,"max_hp_per_floor":[70,70,70,70,70,70,70,70,70,70,70,70,70,70,70,70,70,70,70,70,70,70,70,70,70,70,70,70,70,70,70,70,70,70,70,70,70,70,70,70,70,70,70,70,70,70,70,70,70,70],"card_choices":[{"not_picked":["Flying Knee","Bane"],"picked":"Outmaneuver","floor":1.0},{"not_picked":["Acrobatics","Backflip"],"picked":"Leg Sweep","floor":3.0},{"not_picked":["Deadly Poison","Masterful Stab"],"picked":"Poisoned Stab","floor":7.0},{"not_picked":["Acrobatics","Tactician"],"picked":"Backflip","floor":11.0},{"not_picked":["Flechettes","Deflect"],"picked":"Dodge and Roll","floor":14.0},{"not_picked":["Glass Knife","Grand Finale"],"picked":"Adrenaline","floor":16.0},{"not_picked":["Dash+1","Dagger Spray"],"picked":"Noxious Fumes","floor":18.0},{"not_picked":["Prepared","Skewer"],"picked":"Dagger Spray","floor":22.0},{"not_picked":["Acrobatics","Masterful Stab"],"picked":"PiercingWail","floor":29.0},{"not_picked":["Malaise","Corpse Explosion"],"picked":"Die Die Die","floor":33.0},{"not_picked":["Underhanded Strike+1","Dodge and Roll"],"picked":"Footwork+1","floor":35.0},{"not_picked":["Backflip+1","Underhanded Strike"],"picked":"Outmaneuver+1","floor":36.0},{"not_picked":["Underhanded Strike","Blade Dance"],"picked":"Terror","floor":38.0},{"not_picked":["Dagger Throw+1","Adrenaline"],"picked":"Bouncing Flask","floor":40.0},{"not_picked":["PiercingWail","Deflect"],"picked":"Flying Knee+1","floor":45.0},{"not_picked":["Adrenaline","Quick Slash"],"picked":"Poisoned Stab+1","floor":48.0}],"player_experience":451601,"relics_obtained":[{"floor":9.0,"key":"Shuriken"},{"floor":11.0,"key":"Snake Skull"},{"floor":12.0,"key":"Meat on the Bone"},{"floor":19.0,"key":"Mercury Hourglass"},{"floor":26.0,"key":"Boot"},{"floor":29.0,"key":"The Specimen"},{"floor":40.0,"key":"MawBank"},{"floor":43.0,"key":"Bottled Tornado"},{"floor":48.0,"key":"Unceasing Top"}],"event_choices":[{"cards_removed":["Strike_G"],"damage_healed":0.0,"max_hp_gain":0.0,"max_hp_loss":0.0,"gold_gain":0.0,"event_name":"Bonfire Elementals","player_choice":"Offered Basic","floor":2.0,"gold_loss":0.0,"damage_taken":0.0},{"damage_healed":0.0,"max_hp_gain":0.0,"max_hp_loss":0.0,"gold_gain":0.0,"cards_transformed":["Defend_G"],"event_name":"Living Wall","player_choice":"Change","floor":4.0,"gold_loss":0.0,"damage_taken":0.0,"cards_obtained":["Caltrops"]},{"damage_healed":0.0,"max_hp_gain":0.0,"max_hp_loss":0.0,"gold_gain":0.0,"event_name":"Big Fish","player_choice":"Box","floor":5.0,"gold_loss":0.0,"damage_taken":0.0,"relics_obtained":["Girya"],"cards_obtained":["Regret"]},{"damage_healed":0.0,"max_hp_gain":0.0,"max_hp_loss":0.0,"gold_gain":0.0,"event_name":"Upgrade Shrine","player_choice":"Upgraded","floor":10.0,"gold_loss":0.0,"damage_taken":0.0,"cards_upgraded":["Caltrops"]},{"damage_healed":0.0,"max_hp_gain":0.0,"max_hp_loss":0.0,"gold_gain":0.0,"event_name":"Dead Adventurer","player_choice":"Searched \u00272\u0027 times","floor":11.0,"gold_loss":0.0,"damage_taken":0.0},{"damage_healed":0.0,"max_hp_gain":0.0,"max_hp_loss":0.0,"gold_gain":0.0,"event_name":"Accursed Blacksmith","player_choice":"Rummage","floor":13.0,"gold_loss":0.0,"damage_taken":0.0,"relics_obtained":["WarpedTongs"],"cards_obtained":["Pain"]},{"damage_healed":0.0,"max_hp_gain":0.0,"max_hp_loss":0.0,"gold_gain":0.0,"event_name":"Duplicator","player_choice":"Copied","floor":20.0,"gold_loss":0.0,"damage_taken":0.0,"cards_obtained":["Outmaneuver"]},{"damage_healed":0.0,"max_hp_gain":0.0,"max_hp_loss":0.0,"gold_gain":0.0,"event_name":"N\u0027loth","player_choice":"Ignored","floor":21.0,"gold_loss":0.0,"damage_taken":0.0},{"damage_healed":0.0,"max_hp_gain":0.0,"max_hp_loss":0.0,"gold_gain":0.0,"event_name":"Drug Dealer","player_choice":"Inject Mutagens","floor":24.0,"gold_loss":0.0,"damage_taken":0.0,"relics_obtained":["MutagenicStrength"]},{"damage_healed":0.0,"max_hp_gain":0.0,"max_hp_loss":0.0,"gold_gain":0.0,"event_name":"Colosseum","player_choice":"Fight","floor":31.0,"gold_loss":0.0,"damage_taken":0.0},{"damage_healed":0.0,"max_hp_gain":0.0,"max_hp_loss":0.0,"gold_gain":0.0,"event_name":"Colosseum","player_choice":"Fled From Nobs","floor":31.0,"gold_loss":0.0,"damage_taken":0.0},{"damage_healed":0.0,"max_hp_gain":0.0,"max_hp_loss":0.0,"gold_gain":275.0,"event_name":"Golden Shrine","player_choice":"Desecrate","floor":37.0,"gold_loss":0.0,"damage_taken":0.0,"cards_obtained":["Regret"]},{"damage_healed":0.0,"max_hp_gain":0.0,"max_hp_loss":0.0,"gold_gain":0.0,"event_name":"Lab","player_choice":"Got Potions","floor":42.0,"gold_loss":0.0,"damage_taken":0.0},{"damage_healed":0.0,"max_hp_gain":0.0,"max_hp_loss":0.0,"gold_gain":0.0,"event_name":"Mysterious Sphere","player_choice":"Fight","floor":48.0,"gold_loss":0.0,"damage_taken":0.0}],"is_beta":false,"boss_relics":[{"not_picked":["Runic Pyramid","Velvet Choker"],"picked":"Cursed Key"},{"not_picked":["Orrery","Runic Dome"],"picked":"Lizard Tail"}],"items_purged_floors":[39],"is_endless":false,"potions_floor_spawned":[1,11,16,22,35,38,40],"ascension_level":0}