{"gold_per_floor":[114,125,125,148,98,98,134,59,83,83,103,127,127,127,127,255,255,278,291,291,241,257,257,257,6,6,39,39,39,39,83,83,208,208,233,333,36,36,36,80,93,124,124,144,169,190,225,246,246,246],"floor_reached":51,"playtime":3456,"items_purged":["Strike_R","Strike_R"],"score":1164,"play_id":"565be953-508f-4349-b184-bc209a4fe0df","local_time":"20190602161841","is_ascension_mode":true,"campfire_choices":[{"data":"True Grit","floor":6.0,"key":"SMITH"},{"floor":10.0,"key":"REST"},{"data":"Inflame","floor":15.0,"key":"SMITH"},{"data":"Limit Break","floor":23.0,"key":"SMITH"},{"data":"Sword Boomerang","floor":28.0,"key":"SMITH"},{"floor":32.0,"key":"REST"},{"data":"Limit Break","floor":49,"key":"SMITH"}],"neow_cost":"NONE","seed_source_timestamp":0,"circlet_count":0,"master_deck":["Strike_R","Strike_R","Defend_R","Defend_R","Defend_R","Bash","Limit Break+1","Sword Boomerang+1","True Grit+1","Pummel","Sword Boomerang","Twin Strike","Inflame+1","Reaper+1","Sword Boomerang+1","True Grit+1","Battle Trance+1","Limit Break+1","Twin Strike+1","Secret Technique","Entrench","Armaments+1","Parasite","Spot Weakness"],"special_seed":0,"relics":["Burning Blood","Golden Idol","Boot","Anchor","Molten Egg 2","Velvet Choker","Art of War","Shuriken","Meat on the Bone","Calipers","Kunai","Lizard Tail","Blood Vial","Pen Nib","Blue Candle","Gremlin Horn","Red Skull","Pantograph"],"potions_floor_usage":[42,44,47,50],"damage_taken":[{"damage":10.0,"enemies":"Small Slimes","floor":1.0,"turns":4.0},{"damage":7.0,"enemies":"Jaw Worm","floor":2.0,"turns":3.0},{"damage":0.0,"enemies":"Cultist","floor":4.0,"turns":4.0},{"damage":62.0,"enemies":"3 Sentries","floor":7.0,"turns":12.0},{"damage":7.0,"enemies":"Large Slime","floor":11.0,"turns":4.0},{"damage":10.0,"enemies":"Exordium Thugs","floor":12.0,"turns":4.0},{"damage":0.0,"enemies":"Slime Boss","floor":16.0,"turns":5.0},{"damage":0.0,"enemies":"Chosen","floor":18.0,"turns":3.0},{"damage":0.0,"enemies":"Spheric Guardian","floor":19.0,"turns":2.0},{"damage":43.0,"enemies":"Shelled Parasite and Fungi","floor":22.0,"turns":5.0},{"damage":26.0,"enemies":"Gremlin Leader","floor":27.0,"turns":5.0},{"damage":49.0,"enemies":"Book of Stabbing","floor":31.0,"turns":5.0},{"damage":64.0,"enemies":"Automaton","floor":33.0,"turns":7.0},{"damage":5.0,"enemies":"Orb Walker","floor":35.0,"turns":3.0},{"damage":41.0,"enemies":"Reptomancer","floor":40.0,"turns":3.0},{"damage":40,"enemies":"3 Darklings","floor":41,"turns":4},{"damage":31,"enemies":"Nemesis","floor":42,"turns":4},{"damage":49,"enemies":"4 Shapes","floor":44,"turns":9},{"damage":8,"enemies":"Writhing Mass","floor":46,"turns":5},{"damage":34,"enemies":"Reptomancer","floor":47,"turns":5},{"damage":29,"enemies":"Maw","floor":48,"turns":5},{"damage":64,"enemies":"Donu and Deca","floor":50,"turns":6}],"seed_played":"2607796801494357743","potions_obtained":[{"floor":1.0,"key":"BloodPotion"},{"floor":2.0,"key":"Poison Potion"},{"floor":12.0,"key":"Energy Potion"},{"floor":19.0,"key":"SneckoOil"},{"floor":33.0,"key":"SneckoOil"},{"floor":35.0,"key":"SkillPotion"},{"floor":40.0,"key":"PowerPotion"},{"floor":46,"key":"PowerPotion"}],"is_trial":false,"path_per_floor":["M","M","?","M","?","R","E","$","T","R","M","M","?","T","R","B",null,"M","M","?","?","M","R","?","$","T","E","R","$","?","E","R","B",null,"M","?","$","T","?","E","M","E","T","M","T","M","E","M","R","B",null],"character_chosen":"IRONCLAD","items_purchased":["Shuriken","Twin Strike+1","Secret Technique"],"campfire_rested":2,"item_purchase_floors":[25,37,37],"current_hp_per_floor":[68,67,67,73,73,73,25,25,25,49,48,44,70,70,70,76,79,80,80,80,80,59,59,59,59,59,75,75,75,75,56,80,51,73,74,74,74,74,74,53,33,22,22,55,55,68,80,80,80,34],"gold":246,"neow_bonus":"ONE_RANDOM_RARE_CARD","is_prod":false,"is_daily":false,"chose_seed":false,"campfire_upgraded":5,"win_rate":0,"timestamp":1559506721,"path_taken":["M","M","?","M","?","R","E","?","T","R","?","M","?","?","R","BOSS","M","M","?","?","?","R","?","$","T","E","R","?","?","E","R","BOSS","M","?","$","?","?","E","M","E","T","?","?","M","E","M","R","BOSS"],"build_version":"2019-01-23","purchased_purges":2,"victory":true,"max_hp_per_floor":[80,80,80,80,80,80,80,80,80,80,80,80,80,80,80,80,80,80,80,80,80,80,80,80,80,80,80,80,80,80,80,80,80,80,80,80,80,80,80,80,80,80,80,80,80,80,80,80,80,80],"card_choices":[{"not_picked":["Shockwave","Flame Barrier"],"picked":"Sword Boomerang","floor":1.0},{"not_picked":["Wild Strike","Blood for Blood"],"picked":"True Grit","floor":2.0},{"not_picked":["Blood for Blood","Body Slam"],"picked":"Pummel","floor":4.0},{"not_picked":["Ghostly Armor","Blood for Blood"],"picked":"Sword Boomerang","floor":7.0},{"not_picked":["Corruption","Fire Breathing"],"picked":"Twin Strike","floor":11.0},{"not_picked":["Impervious","Sword Boomerang"],"picked":"Inflame","floor":12.0},{"not_picked":["Fiend Fire+1","Dark Embrace"],"picked":"Reaper+1","floor":16.0},{"not_picked":["Clothesline+1","Iron Wave+1"],"picked":"Sword Boomerang+1","floor":18.0},{"not_picked":["Havoc","Headbutt+1","Whirlwind+1"],"picked":"SKIP","floor":19.0},{"not_picked":["Fire Breathing","Anger+1","Cleave+1"],"picked":"SKIP","floor":22.0},{"not_picked":["Fire Breathing","Pommel Strike+1"],"picked":"True Grit+1","floor":27.0},{"not_picked":["Hemokinesis+1","Rupture"],"picked":"Battle Trance+1","floor":31.0},{"not_picked":["Immolate+1","Fiend Fire+1"],"picked":"Limit Break","floor":33.0},{"not_picked":["Cleave+1","Clash+1","Havoc"],"picked":"SKIP","floor":35.0},{"not_picked":["Clash+1","Barricade","Carnage+1"],"picked":"SKIP","floor":40.0},{"not_picked":["Twin Strike+1","Headbutt+1","Entrench"],"picked":"SKIP","floor":41},{"not_picked":["Combust","Flex"],"picked":"Armaments+1","floor":42},{"not_picked":["Anger+1","Heavy Blade+1","Pommel Strike+1"],"picked":"SKIP","floor":44},{"not_picked":["Sentinel+1","Iron Wave+1","Anger+1"],"picked":"SKIP","floor":46},{"not_picked":["Iron Wave+1","Dropkick+1"],"picked":"Spot Weakness","floor":47},{"not_picked":["Dual Wield+1","Warcry","Havoc"],"picked":"SKIP","floor":48}],"player_experience":359529,"relics_obtained":[{"floor":7.0,"key":"Boot"},{"floor":9.0,"key":"Anchor"},{"floor":14.0,"key":"Molten Egg 2"},{"floor":26.0,"key":"Meat on the Bone"},{"floor":27.0,"key":"Calipers"},{"floor":31.0,"key":"Kunai"},{"floor":38.0,"key":"Blood Vial"},{"floor":40.0,"key":"Pen Nib"},{"floor":42,"key":"Blue Candle"},{"floor":43,"key":"Gremlin Horn"},{"floor":45,"key":"Red Skull"},{"floor":47,"key":"Pantograph"}],"event_choices":[{"damage_healed":0.0,"max_hp_gain":0.0,"max_hp_loss":0.0,"gold_gain":0.0,"event_name":"Golden Idol","player_choice":"Take Wound","floor":3.0,"gold_loss":0.0,"damage_taken":0.0,"relics_obtained":["Golden Idol"],"cards_obtained":["Injury"]},{"cards_removed":["Injury"],"damage_healed":0.0,"max_hp_gain":0.0,"max_hp_loss":0.0,"gold_gain":0.0,"event_name":"The Cleric","player_choice":"Card Removal","floor":5.0,"gold_loss":50.0,"damage_taken":0.0},{"damage_healed":26.0,"max_hp_gain":0.0,"max_hp_loss":0.0,"gold_gain":0.0,"event_name":"Big Fish","player_choice":"Banana","floor":13.0,"gold_loss":0.0,"damage_taken":0.0},{"damage_healed":0.0,"max_hp_gain":0.0,"max_hp_loss":0.0,"gold_gain":0.0,"event_name":"The Mausoleum","player_choice":"Opened","floor":20.0,"gold_loss":0.0,"damage_taken":0.0,"relics_obtained":["Art of War"]},{"damage_healed":0.0,"max_hp_gain":0.0,"max_hp_loss":0.0,"gold_gain":0.0,"event_name":"The Joust","player_choice":"Bet on Murderer","floor":21.0,"gold_loss":50.0,"damage_taken":0.0},{"cards_removed":["Strike_R"],"damage_healed":0.0,"max_hp_gain":0.0,"max_hp_loss":0.0,"gold_gain":0.0,"event_name":"Back to Basics","player_choice":"Elegance","floor":24.0,"gold_loss":0.0,"damage_taken":0.0},{"damage_healed":0.0,"max_hp_gain":0.0,"max_hp_loss":0.0,"gold_gain":0.0,"event_name":"Cursed Tome","player_choice":"Ignored","floor":30.0,"gold_loss":0.0,"damage_taken":0.0},{"damage_healed":0.0,"max_hp_gain":0.0,"max_hp_loss":0.0,"gold_gain":100.0,"event_name":"Golden Shrine","player_choice":"Pray","floor":36.0,"gold_loss":0.0,"damage_taken":0.0},{"damage_healed":0.0,"max_hp_gain":0.0,"max_hp_loss":0.0,"gold_gain":0.0,"cards_transformed":["Defend_R"],"event_name":"Transmorgrifier","player_choice":"Transformed","floor":39.0,"gold_loss":0.0,"damage_taken":0.0,"cards_obtained":["Entrench"]}],"is_beta":false,"boss_relics":[{"not_picked":["Calling Bell","Empty Cage"],"picked":"Velvet Choker"},{"not_picked":["Runic Dome","Orrery"],"picked":"Lizard Tail"}],"items_purged_floors":[8,37],"is_endless":false,"potions_floor_spawned":[1,2,12,19,33,35,40,46],"ascension_level":8}