{"gold_per_floor":[13,28,48,48,59,59,59,59,134,134,164,164,164,221,221,293,293,310,310,235,235,235,235],"floor_reached":23,"playtime":512,"items_purged":["Strike_B"],"score":390,"play_id":"cc74d01c-f36c-4e9e-a5d8-f250f1d7564c","local_time":"20190321234953","is_ascension_mode":true,"campfire_choices":[{"data":"Coolheaded","floor":6,"key":"SMITH"},{"data":"Go for the Eyes","floor":8,"key":"SMITH"},{"data":"Capacitor","floor":10,"key":"SMITH"},{"data":"Zap","floor":13,"key":"SMITH"},{"floor":15,"key":"REST"}],"neow_cost":"NO_GOLD","seed_source_timestamp":691145235393100,"circlet_count":0,"master_deck":["AscendersBane","Strike_B","Strike_B","Defend_B","Defend_B","Defend_B","Zap+1","Dualcast","Gash","Capacitor+1","Compile Driver","Go for the Eyes+1","BootSequence","Coolheaded+1","Beam Cell+1","All For One+1","Biased Cognition","Glacier","Ghostly+1","Ghostly+1","Ghostly+1"],"relics":["Cracked Core","Molten Egg 2","Happy Flower","Tiny Chest","Runic Pyramid","Toxic Egg 2","WingedGreaves"],"potions_floor_usage":[14,16],"damage_taken":[{"damage":4,"enemies":"Jaw Worm","floor":1,"turns":4},{"damage":0,"enemies":"2 Louse","floor":2,"turns":2},{"damage":1,"enemies":"Cultist","floor":3,"turns":3},{"damage":6,"enemies":"Looter","floor":5,"turns":4},{"damage":42,"enemies":"3 Sentries","floor":11,"turns":8},{"damage":8,"enemies":"Gremlin Nob","floor":14,"turns":3},{"damage":7,"enemies":"The Guardian","floor":16,"turns":9},{"damage":18,"enemies":"2 Thieves","floor":18,"turns":4},{"damage":24,"enemies":"Slavers","floor":23,"turns":9}],"seed_played":"-7328041582253699240","potions_obtained":[{"floor":2,"key":"Strength Potion"},{"floor":3,"key":"FocusPotion"},{"floor":16,"key":"Energy Potion"}],"is_trial":false,"path_per_floor":["M","M","M","?","M","R","?","R","T","R","E","?","R","E","R","B",null,"M","T","$","?","T","E"],"character_chosen":"DEFECT","items_purchased":[],"campfire_rested":1,"item_purchase_floors":[],"current_hp_per_floor":[60,60,59,64,58,58,58,58,58,58,16,16,16,8,30,23,63,45,45,45,38,38,14],"gold":235,"neow_bonus":"TRANSFORM_TWO_CARDS","is_prod":false,"is_daily":false,"chose_seed":false,"campfire_upgraded":4,"win_rate":0,"timestamp":1553179793,"path_taken":["M","M","M","?","M","R","?","R","T","R","E","?","R","E","R","BOSS","M","?","$","?","?","E"],"build_version":"2019-01-23","purchased_purges":1,"victory":false,"max_hp_per_floor":[71,71,71,76,76,76,76,76,76,76,76,76,76,76,76,76,76,76,76,76,38,38,38],"card_choices":[{"not_picked":["Rebound","Go for the Eyes"],"picked":"Compile Driver","floor":1},{"not_picked":["Hologram","Leap"],"picked":"Go for the Eyes","floor":2},{"not_picked":["Turbo","Hologram"],"picked":"BootSequence","floor":3},{"not_picked":["Rainbow","Streamline"],"picked":"Coolheaded","floor":5},{"not_picked":["Thunder Strike+1","Steam Power"],"picked":"Beam Cell+1","floor":11},{"not_picked":["Turbo","Conserve Battery"],"picked":"All For One+1","floor":14},{"not_picked":["Multi-Cast","Machine Learning"],"picked":"Biased Cognition","floor":16},{"not_picked":["Sweeping Beam+1","Defragment"],"picked":"Glacier","floor":18}],"player_experience":4578446,"relics_obtained":[{"floor":9,"key":"Molten Egg 2"},{"floor":11,"key":"Happy Flower"},{"floor":14,"key":"Tiny Chest"},{"floor":19,"key":"Toxic Egg 2"},{"floor":22,"key":"WingedGreaves"}],"event_choices":[{"damage_healed":0,"gold_gain":0,"player_choice":"Donut","damage_taken":0,"max_hp_gain":5,"max_hp_loss":0,"event_name":"Big Fish","floor":4,"gold_loss":0},{"damage_healed":0,"gold_gain":0,"player_choice":"Ignored","damage_taken":0,"max_hp_gain":0,"max_hp_loss":0,"event_name":"Golden Idol","floor":7,"gold_loss":0},{"damage_healed":0,"gold_gain":0,"player_choice":"Got Potions","damage_taken":0,"max_hp_gain":0,"max_hp_loss":0,"event_name":"Lab","floor":12,"gold_loss":0},{"damage_healed":0,"gold_gain":0,"player_choice":"Became a Ghost","damage_taken":0,"max_hp_gain":0,"max_hp_loss":38,"event_name":"Ghosts","floor":21,"gold_loss":0,"cards_obtained":["Ghostly","Ghostly","Ghostly"]}],"is_beta":false,"boss_relics":[{"not_picked":["Philosopher\u0027s Stone","Cursed Key"],"picked":"Runic Pyramid"}],"items_purged_floors":[20],"is_endless":false,"potions_floor_spawned":[2,3,16],"killed_by":"Slavers","ascension_level":20}