{"gold_per_floor":[110,110,135,135,135,135,171,40,40,40,40,40,64,23,23,117,117,140,140,164,164,178,178,178],"floor_reached":24,"playtime":493,"items_purged":["Strike_B"],"score":434,"play_id":"7cb9192b-cb9a-4578-9ed1-f70bcbaaef7c","local_time":"20190309012648","is_ascension_mode":true,"campfire_choices":[{"floor":6,"key":"REST"},{"data":"Zap","floor":11,"key":"SMITH"},{"data":"Dualcast","floor":15,"key":"SMITH"},{"floor":23,"key":"REST"}],"neow_cost":"NONE","seed_source_timestamp":114644521956800,"circlet_count":0,"master_deck":["AscendersBane","Strike_B","Strike_B+1","Defend_B","Defend_B","Defend_B","Defend_B+1","Zap+1","Dualcast+1","Doom and Gloom","Rip and Tear","Gash","FTL","FTL","Biased Cognition","Genetic Algorithm","Coolheaded"],"relics":["Cracked Core","NeowsBlessing","Golden Idol","Unceasing Top","Pear","Emotion Chip","White Beast Statue","Omamori"],"potions_floor_usage":[16,18,20,20,22,24],"damage_taken":[{"damage":0,"enemies":"Small Slimes","floor":1,"turns":1},{"damage":0,"enemies":"2 Louse","floor":3,"turns":1},{"damage":0,"enemies":"Gremlin Nob","floor":7,"turns":1},{"damage":4,"enemies":"Jaw Worm","floor":13,"turns":2},{"damage":14,"enemies":"Hexaghost","floor":16,"turns":6},{"damage":16,"enemies":"Shell Parasite","floor":18,"turns":4},{"damage":13,"enemies":"2 Thieves","floor":20,"turns":3},{"damage":6,"enemies":"Cultist and Chosen","floor":22,"turns":5},{"damage":22,"enemies":"Colosseum Slavers","floor":24,"turns":4},{"damage":64,"enemies":"Colosseum Nobs","floor":24,"turns":3}],"seed_played":"7765449637392093116","potions_obtained":[{"floor":1,"key":"Block Potion"},{"floor":12,"key":"Regen Potion"},{"floor":16,"key":"Weak Potion"},{"floor":18,"key":"Poison Potion"},{"floor":20,"key":"Ancient Potion"},{"floor":22,"key":"Swift Potion"}],"is_trial":false,"path_per_floor":["M","?","M","?","?","R","E","$","T","?","R","?","M","$","R","B",null,"M","?","M","?","M","R","?"],"character_chosen":"DEFECT","items_purchased":["Gash","FTL"],"campfire_rested":2,"item_purchase_floors":[8,14],"current_hp_per_floor":[64,40,40,19,12,33,33,33,43,38,38,38,34,34,34,34,69,53,53,40,40,34,58,0],"gold":178,"neow_bonus":"THREE_ENEMY_KILL","is_prod":false,"is_daily":false,"chose_seed":false,"campfire_upgraded":2,"win_rate":0,"timestamp":1552062408,"path_taken":["M","?","M","?","?","R","E","?","T","?","R","?","?","?","R","BOSS","M","?","M","?","?","R","?"],"build_version":"2019-01-23","purchased_purges":1,"victory":false,"max_hp_per_floor":[71,71,71,71,71,71,71,71,81,81,81,81,81,81,81,81,81,81,81,81,81,81,81,81],"card_choices":[{"not_picked":["Rebound","Go for the Eyes"],"picked":"Doom and Gloom","floor":1},{"not_picked":["Redo","Streamline"],"picked":"Rip and Tear","floor":3},{"not_picked":["Creative AI","Heatsinks","Sunder"],"picked":"SKIP","floor":7},{"not_picked":["Static Discharge","Redo"],"picked":"FTL","floor":13},{"not_picked":["Seek","Machine Learning"],"picked":"Biased Cognition","floor":16},{"not_picked":["Doom and Gloom","Sweeping Beam"],"picked":"Genetic Algorithm","floor":18},{"not_picked":["Beam Cell","Hologram"],"picked":"Glacier","floor":20},{"not_picked":["Leap","Barrage"],"picked":"Coolheaded","floor":22}],"player_experience":4498279,"relics_obtained":[{"floor":7,"key":"Unceasing Top"},{"floor":9,"key":"Pear"}],"event_choices":[{"damage_healed":0,"gold_gain":0,"player_choice":"Take Damage","damage_taken":24,"relics_obtained":["Golden Idol"],"max_hp_gain":0,"max_hp_loss":0,"event_name":"Golden Idol","floor":2,"gold_loss":0},{"damage_healed":0,"gold_gain":0,"player_choice":"Entered Light","damage_taken":21,"max_hp_gain":0,"max_hp_loss":0,"event_name":"Shining Light","floor":4,"gold_loss":0,"cards_upgraded":["Defend_B","Strike_B"]},{"cards_removed":["Strike_B"],"damage_healed":0,"gold_gain":0,"player_choice":"Card Removal","damage_taken":7,"max_hp_gain":0,"max_hp_loss":0,"event_name":"Golden Wing","floor":5,"gold_loss":0},{"damage_healed":0,"gold_gain":0,"player_choice":"Success","damage_taken":5,"relics_obtained":["Emotion Chip"],"max_hp_gain":0,"max_hp_loss":0,"event_name":"Scrap Ooze","floor":10,"gold_loss":0},{"damage_healed":0,"gold_gain":0,"player_choice":"Got Potions","damage_taken":0,"max_hp_gain":0,"max_hp_loss":0,"event_name":"Lab","floor":12,"gold_loss":0},{"damage_healed":0,"gold_gain":0,"player_choice":"Ignored","damage_taken":0,"max_hp_gain":0,"max_hp_loss":0,"event_name":"Ghosts","floor":19,"gold_loss":0},{"cards_removed":["Glacier"],"damage_healed":0,"gold_gain":0,"player_choice":"Gave Card","damage_taken":0,"relics_obtained":["Omamori"],"max_hp_gain":0,"max_hp_loss":0,"event_name":"WeMeetAgain","floor":21,"gold_loss":0},{"damage_healed":0,"gold_gain":0,"player_choice":"Fight","damage_taken":0,"max_hp_gain":0,"max_hp_loss":0,"event_name":"Colosseum","floor":24,"gold_loss":0},{"damage_healed":0,"gold_gain":0,"player_choice":"Fought Nobs","damage_taken":0,"max_hp_gain":0,"max_hp_loss":0,"event_name":"Colosseum","floor":24,"gold_loss":0}],"is_beta":false,"boss_relics":[{"not_picked":["Ectoplasm","Lizard Tail"],"picked":"White Beast Statue"}],"items_purged_floors":[8],"is_endless":false,"potions_floor_spawned":[1,13,16,18,20,22,24],"killed_by":"Colosseum Nobs","ascension_level":20}