{"gold_per_floor":[112,124,142,159,182,216,216,229,252,277,277,29,58,77,77,151,151,163,182,202,220,236,236,256,281,281,296,316,316,241,256,256,330,330,345,345,123,140,154,154,181,198,198,232,107,122,122,122,122,122,122,122,122,0,32,32],"floor_reached":57,"playtime":2514,"items_purged":["Strike_B","Defend_B","Strike_B"],"score":2845,"play_id":"763631f4-04e8-4f88-9d53-200e4e2ebf49","local_time":"20190516011350","is_ascension_mode":true,"campfire_choices":[{"data":"Static Discharge","floor":7.0,"key":"SMITH"},{"floor":11.0,"key":"REST"},{"data":"Self Repair","floor":15.0,"key":"SMITH"},{"data":"Conserve Battery","floor":23.0,"key":"SMITH"},{"data":"Buffer","floor":29.0,"key":"SMITH"},{"data":"Capacitor","floor":32.0,"key":"SMITH"},{"floor":40.0,"key":"RECALL"},{"data":"Heatsinks","floor":49.0,"key":"SMITH"},{"data":"Recycle","floor":53,"key":"SMITH"}],"neow_cost":"TEN_PERCENT_HP_LOSS","seed_source_timestamp":887601415334200,"circlet_count":0,"master_deck":["AscendersBane","Defend_B","Defend_B","Zap","Dualcast","Self Repair+1","Static Discharge+1","Ball Lightning","Ball Lightning","Undo","Coolheaded","Reinforced Body","Ball Lightning","Genetic Algorithm","Echo Form","Conserve Battery+1","Leap+1","Loop+1","Go for the Eyes+1","Buffer+1","Electrodynamics","Heatsinks+1","Reprogram+1","Capacitor+1","Echo Form","Recycle+1","Capacitor","Chaos+1","Coolheaded","Echo Form","Chill","White Noise","Bandage Up","Thinking Ahead","Reinforced Body"],"special_seed":0,"relics":["Cracked Core","Oddly Smooth Stone","Orichalcum","DataDisk","Potion Belt","Blood Vial","Mango","Runic Dome","Anchor","Matryoshka","Coffee Dripper","Bag of Preparation","Boot","Cables","Lantern"],"potions_floor_usage":[51,56,56,56],"damage_taken":[{"damage":1.0,"enemies":"Cultist","floor":1.0,"turns":3.0},{"damage":9.0,"enemies":"Jaw Worm","floor":2.0,"turns":3.0},{"damage":8.0,"enemies":"2 Louse","floor":3.0,"turns":3.0},{"damage":4.0,"enemies":"Exordium Thugs","floor":4.0,"turns":4.0},{"damage":29.0,"enemies":"Gremlin Nob","floor":6.0,"turns":4.0},{"damage":18.0,"enemies":"Gremlin Gang","floor":8.0,"turns":3.0},{"damage":20.0,"enemies":"3 Sentries","floor":10.0,"turns":4.0},{"damage":21.0,"enemies":"Gremlin Nob","floor":13.0,"turns":4.0},{"damage":0.0,"enemies":"Large Slime","floor":14.0,"turns":4.0},{"damage":14.0,"enemies":"Hexaghost","floor":16.0,"turns":5.0},{"damage":8.0,"enemies":"3 Byrds","floor":18.0,"turns":3.0},{"damage":4.0,"enemies":"Spheric Guardian","floor":19.0,"turns":4.0},{"damage":13.0,"enemies":"Centurion and Healer","floor":20.0,"turns":9.0},{"damage":29.0,"enemies":"Snecko","floor":21.0,"turns":6.0},{"damage":7.0,"enemies":"Shelled Parasite and Fungi","floor":22.0,"turns":7.0},{"damage":18.0,"enemies":"Snake Plant","floor":24.0,"turns":2.0},{"damage":18.0,"enemies":"Book of Stabbing","floor":25.0,"turns":7.0},{"damage":0.0,"enemies":"Cultist and Chosen","floor":27.0,"turns":4.0},{"damage":7.0,"enemies":"Shelled Parasite and Fungi","floor":28.0,"turns":5.0},{"damage":3.0,"enemies":"Snecko","floor":31.0,"turns":5.0},{"damage":5.0,"enemies":"Champ","floor":33.0,"turns":11.0},{"damage":2.0,"enemies":"3 Darklings","floor":35.0,"turns":5.0},{"damage":7.0,"enemies":"3 Shapes","floor":38.0,"turns":6.0},{"damage":34.0,"enemies":"Jaw Worm Horde","floor":39.0,"turns":5.0},{"damage":21.0,"enemies":"Reptomancer","floor":41.0,"turns":7.0},{"damage":3.0,"enemies":"Writhing Mass","floor":42.0,"turns":7.0},{"damage":0.0,"enemies":"Giant Head","floor":44.0,"turns":9.0},{"damage":14.0,"enemies":"4 Shapes","floor":46.0,"turns":6.0},{"damage":0.0,"enemies":"Donu and Deca","floor":50.0,"turns":8.0},{"damage":44,"enemies":"Awakened One","floor":51,"turns":11},{"damage":35,"enemies":"Shield and Spear","floor":55,"turns":9},{"damage":29,"enemies":"The Heart","floor":56,"turns":10}],"seed_played":"1061254354322857788","potions_obtained":[{"floor":2.0,"key":"GamblersBrew"},{"floor":3.0,"key":"Fire Potion"},{"floor":8.0,"key":"SteroidPotion"},{"floor":13.0,"key":"FocusPotion"},{"floor":16.0,"key":"LiquidBronze"},{"floor":19.0,"key":"Fire Potion"},{"floor":20.0,"key":"Block Potion"},{"floor":21.0,"key":"SkillPotion"},{"floor":25.0,"key":"FocusPotion"},{"floor":31.0,"key":"SkillPotion"},{"floor":38.0,"key":"FocusPotion"},{"floor":44.0,"key":"LiquidBronze"},{"floor":46.0,"key":"Swift Potion"}],"is_trial":false,"path_per_floor":["M","M","M","M","T","E","R","M","T","E","R","$","E","M","R","B",null,"M","M","M","M","M","R","M","E","T","M","M","R","?","M","R","B",null,"M","?","$","M","M","R","E","M","T","E","$","M","$","?","R","B","B",null,"R","$","E","B",null],"character_chosen":"DEFECT","items_purchased":["Blood Vial","Recycle","Capacitor","Reinforced Body","LiquidBronze"],"campfire_rested":1,"item_purchase_floors":[12,37,37,54,54],"current_hp_per_floor":[63,61,60,63,63,41,41,30,30,17,36,36,38,47,47,45,70,74,78,78,69,74,74,58,52,52,54,49,49,49,58,58,65,75,78,78,78,78,54,54,45,64,64,78,78,64,64,54,54,78,62,74,74,74,65,62],"gold":32,"neow_bonus":"REMOVE_TWO","is_prod":false,"is_daily":false,"chose_seed":false,"campfire_upgraded":7,"win_rate":0,"timestamp":1557936830,"path_taken":["M","M","M","M","?","E","R","M","T","E","R","$","E","M","R","BOSS","M","?","M","M","M","R","M","E","T","?","M","R","?","M","R","BOSS","M","?","$","M","M","R","E","M","T","E","?","?","$","?","R","BOSS","BOSS","R","$","E","BOSS"],"build_version":"2019-01-23","purchased_purges":3,"victory":true,"max_hp_per_floor":[64,64,64,64,64,64,64,64,64,64,64,64,78,78,78,78,78,78,78,78,78,78,78,78,78,78,78,78,78,78,78,78,78,78,78,78,78,78,78,78,78,78,78,78,78,78,78,78,78,78,78,78,78,78,78,78],"card_choices":[{"not_picked":["Streamline","Stack"],"picked":"Self Repair","floor":1.0},{"not_picked":["Stack","Barrage"],"picked":"Static Discharge","floor":2.0},{"not_picked":["Reboot","Leap"],"picked":"Ball Lightning","floor":3.0},{"not_picked":["Streamline","Sweeping Beam"],"picked":"Ball Lightning","floor":4.0},{"not_picked":["Turbo","Steam"],"picked":"Undo","floor":6.0},{"not_picked":["Steam Power","Loop"],"picked":"Coolheaded","floor":8.0},{"not_picked":["Skim","Scrape"],"picked":"Reinforced Body","floor":10.0},{"not_picked":["Turbo","Beam Cell"],"picked":"Ball Lightning","floor":13.0},{"not_picked":["Undo","Hyperbeam"],"picked":"Genetic Algorithm","floor":14.0},{"not_picked":["Meteor Strike","Buffer"],"picked":"Echo Form","floor":16.0},{"not_picked":["Cold Snap","Compile Driver"],"picked":"Conserve Battery","floor":18.0},{"not_picked":["Ball Lightning+1","Steam Power"],"picked":"Leap+1","floor":19.0},{"not_picked":["Go for the Eyes","Darkness","Reprogram"],"picked":"SKIP","floor":20.0},{"not_picked":["Defragment","Reinforced Body"],"picked":"Loop+1","floor":21.0},{"not_picked":["Cold Snap","Streamline"],"picked":"Go for the Eyes+1","floor":22.0},{"not_picked":["Blizzard","Turbo"],"picked":"Buffer","floor":24.0},{"not_picked":["Reinforced Body","Hologram"],"picked":"Electrodynamics","floor":25.0},{"not_picked":["Ball Lightning","Steam"],"picked":"Heatsinks","floor":27.0},{"not_picked":["Compile Driver","Barrage"],"picked":"Reprogram+1","floor":28.0},{"not_picked":["Barrage","Compile Driver"],"picked":"Capacitor","floor":31.0},{"not_picked":["Biased Cognition","All For One"],"picked":"Echo Form","floor":33.0},{"not_picked":["Steam","Conserve Battery","Beam Cell"],"picked":"SKIP","floor":35.0},{"not_picked":["Go for the Eyes","Gash+1"],"picked":"Chaos+1","floor":38.0},{"not_picked":["Conserve Battery","Steam"],"picked":"Coolheaded","floor":39.0},{"not_picked":["Gash","Streamline+1","Coolheaded"],"picked":"SKIP","floor":41.0},{"not_picked":["Barrage","Fusion"],"picked":"Echo Form","floor":42.0},{"not_picked":["Stack","Rebound"],"picked":"Chill","floor":44.0},{"not_picked":["Beam Cell","Redo"],"picked":"White Noise","floor":46.0},{"not_picked":["Swift Strike","Blind"],"picked":"Bandage Up","floor":48.0},{"not_picked":["Trip","The Bomb"],"picked":"Thinking Ahead","floor":48.0},{"not_picked":["Barrage","Reprogram","Blizzard+1"],"picked":"SKIP","floor":55}],"player_experience":5039994,"relics_obtained":[{"floor":5.0,"key":"Oddly Smooth Stone"},{"floor":6.0,"key":"Orichalcum"},{"floor":9.0,"key":"DataDisk"},{"floor":10.0,"key":"Potion Belt"},{"floor":13.0,"key":"Mango"},{"floor":25.0,"key":"Anchor"},{"floor":26.0,"key":"Matryoshka"},{"floor":41.0,"key":"Bag of Preparation"},{"floor":43.0,"key":"Boot"},{"floor":44.0,"key":"Cables"},{"floor":55,"key":"Lantern"}],"event_choices":[{"cards_removed":["Strike_B"],"damage_healed":0.0,"max_hp_gain":0.0,"max_hp_loss":0.0,"gold_gain":0.0,"event_name":"Beggar","player_choice":"Gave Gold","floor":30.0,"gold_loss":75.0,"damage_taken":0.0},{"damage_healed":0.0,"max_hp_gain":0.0,"max_hp_loss":0.0,"gold_gain":0.0,"event_name":"Match and Keep!","player_choice":"0 cards matched","floor":36.0,"gold_loss":0.0,"damage_taken":0.0,"cards_obtained":[]},{"damage_healed":0.0,"max_hp_gain":0.0,"max_hp_loss":0.0,"gold_gain":0.0,"event_name":"SensoryStone","player_choice":"Memory 3","floor":48.0,"gold_loss":0.0,"damage_taken":10.0}],"is_beta":false,"boss_relics":[{"not_picked":["Fusion Hammer","Calling Bell"],"picked":"Runic Dome"},{"not_picked":["Eternal Feather","Empty Cage"],"picked":"Coffee Dripper"}],"items_purged_floors":[12,37,45],"is_endless":false,"potions_floor_spawned":[2,3,8,13,16,19,20,21,25,31,38,44,46],"ascension_level":20}