{"gold_per_floor":[111,130,205,219,219,219,239,239,239,239,252,15,15,45,45,117,117,137,148,148,159,10,10,10,10,33,49,49,74,74,102,102,178,178,190,190,201,216,270,270,282,282,329,329,359,26,42,61,61,61],"floor_reached":51,"playtime":3988,"items_purged":["Strike_G","Defend_G"],"score":1233,"play_id":"c54d9621-f695-41e7-9e4e-060e26729dc3","local_time":"20181126033342","is_ascension_mode":true,"campfire_choices":[{"data":"Neutralize","floor":6.0,"key":"SMITH"},{"data":"Terror","floor":8.0,"key":"SMITH"},{"data":"Deflect","floor":10.0,"key":"SMITH"},{"data":"Wraith Form v2","floor":15.0,"key":"SMITH"},{"floor":23.0,"key":"REST"},{"data":"Panacea","floor":28.0,"key":"SMITH"},{"data":"Calculated Gamble","floor":32,"key":"SMITH"},{"data":"Secret Technique","floor":40,"key":"SMITH"},{"data":"Footwork","floor":42,"key":"SMITH"},{"data":"Secret Weapon","floor":44,"key":"SMITH"},{"floor":49,"key":"REST"}],"neow_cost":"NONE","seed_source_timestamp":984977709499973,"circlet_count":0,"master_deck":["AscendersBane","Defend_G","Defend_G","Defend_G","Defend_G","Survivor","Neutralize+1","Predator","Deflect+1","Terror+1","Noxious Fumes","Wraith Form v2+1","Panacea+1","Bullet Time","PiercingWail","Blade Dance","Blade Dance+1","Footwork+1","Predator","Bite","Bite","Bite","Bite","Bite","Calculated Gamble+1","A Thousand Cuts","Deep Breath","Secret Technique+1","Secret Weapon+1","PiercingWail+1","Leg Sweep","Well Laid Plans","Backflip","Dodge and Roll+1"],"special_seed":0,"relics":["Ring of the Snake","Ornamental Fan","Ginger","Sozu","MutagenicStrength","Art of War","Dream Catcher","Orichalcum","Philosopher\u0027s Stone","PreservedInsect","Juzu Bracelet","Sundial","Centennial Puzzle"],"potions_floor_usage":[],"damage_taken":[{"damage":0.0,"enemies":"Jaw Worm","floor":1.0,"turns":5.0},{"damage":0.0,"enemies":"2 Louse","floor":2.0,"turns":3.0},{"damage":1.0,"enemies":"Small Slimes","floor":4.0,"turns":4.0},{"damage":5.0,"enemies":"Looter","floor":7.0,"turns":5.0},{"damage":0.0,"enemies":"Exordium Wildlife","floor":11.0,"turns":3.0},{"damage":11.0,"enemies":"Gremlin Nob","floor":14.0,"turns":5.0},{"damage":23.0,"enemies":"Slime Boss","floor":16.0,"turns":12.0},{"damage":22.0,"enemies":"Spheric Guardian","floor":18.0,"turns":7.0},{"damage":6.0,"enemies":"Chosen","floor":19.0,"turns":6.0},{"damage":8.0,"enemies":"Sentry and Sphere","floor":21.0,"turns":8.0},{"damage":4.0,"enemies":"Snecko","floor":27.0,"turns":6.0},{"damage":19,"enemies":"Gremlin Leader","floor":29,"turns":9},{"damage":0,"enemies":"Book of Stabbing","floor":31,"turns":4},{"damage":77,"enemies":"Champ","floor":33,"turns":16},{"damage":3,"enemies":"3 Shapes","floor":35,"turns":5},{"damage":16,"enemies":"3 Darklings","floor":37,"turns":9},{"damage":23,"enemies":"Jaw Worm Horde","floor":38,"turns":5},{"damage":1,"enemies":"Transient","floor":41,"turns":5},{"damage":30,"enemies":"Nemesis","floor":45,"turns":7},{"damage":22,"enemies":"Spire Growth","floor":47,"turns":5},{"damage":0,"enemies":"4 Shapes","floor":48,"turns":7},{"damage":56,"enemies":"Time Eater","floor":50,"turns":17}],"seed_played":"-1080866465008175337","potions_obtained":[{"floor":4.0,"key":"SteroidPotion"},{"floor":11.0,"key":"FearPotion"}],"is_trial":false,"path_per_floor":["M","M","?","M","?","R","M","R","T","R","M","$","?","E","R","B",null,"M","M","?","M","$","R","?","$","T","M","R","E","?","E","R","B",null,"M","?","M","M","T","R","M","R","T","R","E","$","M","M","R","B",null],"character_chosen":"THE_SILENT","items_purchased":["Wraith Form v2","Panacea","Footwork","Well Laid Plans","Centennial Puzzle"],"campfire_rested":2,"item_purchase_floors":[12,12,22,46,46],"current_hp_per_floor":[65,65,54,53,58,58,53,53,53,53,53,53,53,42,42,19,63,41,35,35,27,27,50,65,65,65,61,61,42,42,52,52,3,41,44,34,42,29,29,29,46,46,46,46,28,28,16,18,33,9],"gold":61,"neow_bonus":"TEN_PERCENT_HP_BONUS","is_prod":false,"is_daily":false,"chose_seed":false,"campfire_upgraded":9,"win_rate":0,"timestamp":1543170822,"path_taken":["M","M","?","M","?","R","M","R","T","R","M","$","?","E","R","BOSS","M","M","?","M","$","R","?","?","T","M","R","E","?","E","R","BOSS","M","?","M","M","?","R","M","R","T","R","E","$","M","M","R","BOSS"],"build_version":"2018-11-15","purchased_purges":2,"victory":true,"max_hp_per_floor":[72,72,72,72,77,77,77,77,77,77,77,77,77,77,77,77,77,77,77,77,77,77,77,77,77,77,77,77,77,53,53,53,53,53,53,53,53,53,53,53,53,53,53,53,53,53,53,53,53,53],"card_choices":[{"not_picked":["Underhanded Strike","Blade Dance"],"picked":"Predator","floor":1.0},{"not_picked":["Acrobatics","Riddle With Holes","Blade Dance"],"picked":"SKIP","floor":2.0},{"not_picked":["Bane","Outmaneuver"],"picked":"Deflect","floor":4.0},{"not_picked":["Accuracy","Dagger Throw"],"picked":"Terror","floor":7.0},{"not_picked":["Finisher","Prepared"],"picked":"Noxious Fumes","floor":11.0},{"not_picked":["Sucker Punch","Bouncing Flask","Eviscerate"],"picked":"SKIP","floor":14.0},{"not_picked":["Envenom","Storm of Steel"],"picked":"Bullet Time","floor":16.0},{"not_picked":["Poisoned Stab","Bane"],"picked":"PiercingWail","floor":18.0},{"not_picked":["Setup","Concentrate+1"],"picked":"Blade Dance","floor":19.0},{"not_picked":["Underhanded Strike","Prepared+1"],"picked":"Blade Dance+1","floor":21.0},{"not_picked":["Flying Knee","Outmaneuver"],"picked":"Predator","floor":27.0},{"not_picked":["Flying Knee","Poisoned Stab","Reflex"],"picked":"SKIP","floor":29},{"not_picked":["Dagger Spray","All Out Attack"],"picked":"Calculated Gamble","floor":31},{"not_picked":["Doppelganger","Glass Knife"],"picked":"A Thousand Cuts","floor":33},{"not_picked":["Outmaneuver+1","Concentrate","Bane+1"],"picked":"SKIP","floor":35},{"not_picked":["Trip","Bandage Up"],"picked":"Deep Breath","floor":36},{"not_picked":["Dramatic Entrance","Bandage Up"],"picked":"Secret Technique","floor":36},{"not_picked":["Dramatic Entrance","Chrysalis"],"picked":"Secret Weapon","floor":36},{"not_picked":["Skewer","Deflect+1"],"picked":"PiercingWail+1","floor":37},{"not_picked":["Outmaneuver","Deflect","Bane+1"],"picked":"SKIP","floor":38},{"not_picked":["Skewer","Quick Slash","Poisoned Stab"],"picked":"SKIP","floor":41},{"not_picked":["Wraith Form v2","Flying Knee"],"picked":"Leg Sweep","floor":45},{"not_picked":["Dagger Throw","Setup","Poisoned Stab"],"picked":"SKIP","floor":47},{"not_picked":["Terror+1","Sucker Punch"],"picked":"Backflip","floor":48},{"not_picked":["Deflect","Slice"],"picked":"Dodge and Roll+1","floor":49}],"player_experience":2439223,"relics_obtained":[{"floor":9.0,"key":"Ornamental Fan"},{"floor":14.0,"key":"Ginger"},{"floor":26.0,"key":"Art of War"},{"floor":29,"key":"Dream Catcher"},{"floor":31,"key":"Orichalcum"},{"floor":39,"key":"PreservedInsect"},{"floor":43,"key":"Juzu Bracelet"},{"floor":45,"key":"Sundial"}],"event_choices":[{"damage_healed":0.0,"max_hp_gain":0.0,"max_hp_loss":0.0,"gold_gain":75.0,"event_name":"World of Goop","player_choice":"Gather Gold","floor":3.0,"gold_loss":0.0,"damage_taken":11.0},{"damage_healed":0.0,"max_hp_gain":5.0,"max_hp_loss":0.0,"gold_gain":0.0,"event_name":"Big Fish","player_choice":"Donut","floor":5.0,"gold_loss":0.0,"damage_taken":0.0},{"damage_healed":0.0,"max_hp_gain":0.0,"max_hp_loss":0.0,"gold_gain":0.0,"event_name":"Liars Game","player_choice":"Ignored","floor":13.0,"gold_loss":0.0,"damage_taken":0.0},{"damage_healed":0.0,"max_hp_gain":0.0,"max_hp_loss":0.0,"gold_gain":0.0,"event_name":"Drug Dealer","player_choice":"Inject Mutagens","floor":20.0,"gold_loss":0.0,"damage_taken":0.0,"relics_obtained":["MutagenicStrength"]},{"damage_healed":15.0,"max_hp_gain":0.0,"max_hp_loss":0.0,"gold_gain":0.0,"event_name":"The Library","player_choice":"Heal","floor":24.0,"gold_loss":0.0,"damage_taken":0.0},{"damage_healed":0,"gold_gain":0,"player_choice":"Became a vampire","damage_taken":0,"max_hp_gain":0,"max_hp_loss":24,"event_name":"Vampires","floor":30,"gold_loss":0,"cards_obtained":["Bite","Bite","Bite","Bite","Bite"]},{"damage_healed":0,"gold_gain":0,"player_choice":"Memory 3","damage_taken":10,"max_hp_gain":0,"max_hp_loss":0,"event_name":"SensoryStone","floor":36,"gold_loss":0}],"is_beta":true,"boss_relics":[{"not_picked":["Lizard Tail","Astrolabe"],"picked":"Sozu"},{"not_picked":["Orrery","HoveringKite"],"picked":"Philosopher\u0027s Stone"}],"items_purged_floors":[22,46],"is_endless":false,"potions_floor_spawned":[4,11,14,21,27,29,33,35,38,41,47],"ascension_level":15}