{"gold_per_floor":[113,129,129,129,147,147,163,189,216,226,244,244,261,291,291,368,368,383,383,383,402,422,422,451,364,387,387,387,405,439,439,439,516,516,530,548,548,948,948,948,976,976,1000,1000,1012,1042,1062,384,384,384,384],"floor_reached":51,"playtime":2923,"items_purged":["Ball Lightning"],"score":1510,"play_id":"8dd056bc-d1a3-47bb-9763-4054fba4c63f","local_time":"20190520013715","is_ascension_mode":true,"campfire_choices":[{"data":"Zap","floor":6.0,"key":"SMITH"},{"data":"Redo","floor":12.0,"key":"SMITH"},{"data":"Hello World","floor":15.0,"key":"SMITH"},{"floor":23.0,"key":"REST"},{"floor":27.0,"key":"REST"},{"data":"Defragment","floor":32.0,"key":"SMITH"},{"data":"Hello World","floor":40.0,"key":"SMITH"},{"floor":42.0,"key":"RECALL"},{"floor":44.0,"key":"REST"},{"data":"Apotheosis","floor":49.0,"key":"SMITH"}],"neow_cost":"NONE","seed_source_timestamp":103662417687700,"circlet_count":0,"master_deck":["AscendersBane","Defend_B","Defend_B","Defend_B","Defend_B","Zap+1","Dualcast","FTL+1","Redo+1","Gash","Compile Driver","Conserve Battery","Chill","Glacier","Cold Snap","Hello World+1","Creative AI","Ball Lightning","Bite+1","Bite","Bite","Bite","Bite","Hello World+1","Hello World+1","Defragment+1","Hologram","Echo Form","Fusion+1","Loop+1","Turbo","Apotheosis+1","Creative AI"],"special_seed":0,"relics":["Cracked Core","Centennial Puzzle","DataDisk","Nuclear Battery","Ice Cream","Blue Candle","Meat on the Bone","Runic Dome","Old Coin","Potion Belt","Regal Pillow","Whetstone","Lee\u0027s Waffle"],"potions_floor_usage":[51,51],"damage_taken":[{"damage":8.0,"enemies":"2 Louse","floor":1.0,"turns":3.0},{"damage":9.0,"enemies":"Small Slimes","floor":2.0,"turns":3.0},{"damage":1.0,"enemies":"Cultist","floor":5.0,"turns":3.0},{"damage":3.0,"enemies":"Exordium Wildlife","floor":7.0,"turns":2.0},{"damage":14.0,"enemies":"Gremlin Nob","floor":8.0,"turns":3.0},{"damage":3.0,"enemies":"3 Louse","floor":10.0,"turns":3.0},{"damage":0.0,"enemies":"2 Fungi Beasts","floor":11.0,"turns":4.0},{"damage":0.0,"enemies":"Looter","floor":13.0,"turns":3.0},{"damage":0.0,"enemies":"3 Sentries","floor":14.0,"turns":7.0},{"damage":13.0,"enemies":"Hexaghost","floor":16.0,"turns":8.0},{"damage":11.0,"enemies":"Shell Parasite","floor":18.0,"turns":4.0},{"damage":15.0,"enemies":"2 Thieves","floor":21.0,"turns":3.0},{"damage":8.0,"enemies":"Snecko","floor":22.0,"turns":8.0},{"damage":29.0,"enemies":"Book of Stabbing","floor":24.0,"turns":4.0},{"damage":0.0,"enemies":"Centurion and Healer","floor":29.0,"turns":6.0},{"damage":10.0,"enemies":"Gremlin Leader","floor":30.0,"turns":6.0},{"damage":14.0,"enemies":"Champ","floor":33.0,"turns":22.0},{"damage":29.0,"enemies":"3 Darklings","floor":35.0,"turns":6.0},{"damage":1.0,"enemies":"3 Shapes","floor":36.0,"turns":4.0},{"damage":0.0,"enemies":"Mind Bloom Boss Battle","floor":38.0,"turns":9.0},{"damage":26.0,"enemies":"Giant Head","floor":41.0,"turns":13.0},{"damage":28.0,"enemies":"Jaw Worm Horde","floor":45.0,"turns":6.0},{"damage":12.0,"enemies":"Nemesis","floor":46.0,"turns":9.0},{"damage":19.0,"enemies":"Transient","floor":47.0,"turns":6.0},{"damage":37.0,"enemies":"Donu and Deca","floor":50.0,"turns":11.0},{"damage":67,"enemies":"Awakened One","floor":51,"turns":3}],"seed_played":"7931676184955877291","potions_obtained":[{"floor":2.0,"key":"SmokeBomb"},{"floor":4.0,"key":"GamblersBrew"},{"floor":4.0,"key":"SpeedPotion"},{"floor":8.0,"key":"Strength Potion"},{"floor":11.0,"key":"Fire Potion"},{"floor":18.0,"key":"Explosive Potion"},{"floor":24.0,"key":"Regen Potion"},{"floor":33.0,"key":"PowerPotion"},{"floor":41.0,"key":"Ancient Potion"},{"floor":45.0,"key":"Poison Potion"},{"floor":47.0,"key":"Poison Potion"}],"is_trial":false,"path_per_floor":["M","M","?","?","M","R","M","E","T","M","M","R","M","E","R","B",null,"M","?","?","M","M","R","E","$","T","R","?","M","E","T","R","B",null,"M","M","?","?","?","R","E","R","T","R","M","E","M","$","R","B","B"],"character_chosen":"DEFECT","items_purchased":["Hello World","Apotheosis","Creative AI","Lee\u0027s Waffle"],"campfire_rested":3,"item_purchase_floors":[25,48,48,48],"current_hp_per_floor":[56,47,70,70,69,69,66,52,52,51,53,53,55,57,57,46,65,56,36,36,29,35,57,36,36,36,58,73,76,76,76,76,76,76,61,66,56,72,72,72,52,52,52,72,50,72,70,79,79,58,0],"gold":384,"neow_bonus":"TRANSFORM_CARD","is_prod":false,"is_daily":false,"chose_seed":false,"campfire_upgraded":6,"win_rate":0,"timestamp":1558283835,"path_taken":["M","M","?","?","M","R","M","E","T","?","M","R","M","E","R","BOSS","M","?","?","M","M","R","E","$","T","R","?","M","E","?","R","BOSS","M","M","?","?","?","R","E","R","T","R","M","E","M","?","R","BOSS","BOSS"],"build_version":"2019-01-23","purchased_purges":1,"victory":false,"max_hp_per_floor":[71,71,71,71,71,71,71,71,71,71,71,71,71,71,71,71,71,71,76,76,76,76,76,76,76,76,76,76,76,76,76,76,76,76,76,76,76,76,72,72,72,72,72,72,72,72,72,79,79,79,79],"card_choices":[{"not_picked":["Steam","Leap"],"picked":"Redo","floor":1.0},{"not_picked":["Force Field","Leap"],"picked":"Gash","floor":2.0},{"not_picked":["Reprogram","Conserve Battery"],"picked":"Compile Driver","floor":5.0},{"not_picked":["Self Repair","Heatsinks"],"picked":"Conserve Battery","floor":7.0},{"not_picked":["Buffer","Stack"],"picked":"Chill","floor":8.0},{"not_picked":["Redo","Turbo"],"picked":"Glacier","floor":10.0},{"not_picked":["Steam","White Noise"],"picked":"Cold Snap","floor":11.0},{"not_picked":["Loop","Tempest"],"picked":"Ball Lightning","floor":13.0},{"not_picked":["Steam","Conserve Battery"],"picked":"Hello World","floor":14.0},{"not_picked":["Reboot","Amplify"],"picked":"Creative AI","floor":16.0},{"not_picked":["Steam","Beam Cell"],"picked":"Ball Lightning","floor":18.0},{"not_picked":["Go for the Eyes","Beam Cell","Reprogram"],"picked":"SKIP","floor":21.0},{"not_picked":["Doom and Gloom","Stack"],"picked":"Hello World+1","floor":22.0},{"not_picked":["Redo","Go for the Eyes","Steam"],"picked":"SKIP","floor":24.0},{"not_picked":["Ball Lightning","Auto Shields"],"picked":"Defragment","floor":29.0},{"not_picked":["Barrage","Tempest"],"picked":"Hologram","floor":30.0},{"not_picked":["Fission","Amplify"],"picked":"Echo Form","floor":33.0},{"not_picked":["Steam","Turbo+1"],"picked":"Fusion+1","floor":35.0},{"not_picked":["Compile Driver","Melter","Sunder"],"picked":"SKIP","floor":36.0},{"not_picked":["Compile Driver","Sunder","Rebound"],"picked":"SKIP","floor":41.0},{"not_picked":["Barrage","Sunder","Rip and Tear+1"],"picked":"SKIP","floor":45.0},{"not_picked":["Steam+1","Creative AI"],"picked":"Loop+1","floor":46.0},{"not_picked":["Reinforced Body+1","Compile Driver+1"],"picked":"Turbo","floor":47.0}],"player_experience":5080889,"relics_obtained":[{"floor":8.0,"key":"Blood Vial"},{"floor":9.0,"key":"Centennial Puzzle"},{"floor":14.0,"key":"DataDisk"},{"floor":24.0,"key":"Ice Cream"},{"floor":30.0,"key":"Blue Candle"},{"floor":31.0,"key":"Meat on the Bone"},{"floor":38.0,"key":"Old Coin"},{"floor":41.0,"key":"Potion Belt"},{"floor":43.0,"key":"Regal Pillow"},{"floor":46.0,"key":"Whetstone"}],"event_choices":[{"damage_healed":23.0,"max_hp_gain":0.0,"max_hp_loss":0.0,"gold_gain":0.0,"event_name":"Big Fish","player_choice":"Banana","floor":3.0,"gold_loss":0.0,"damage_taken":0.0},{"damage_healed":0.0,"max_hp_gain":0.0,"max_hp_loss":0.0,"gold_gain":0.0,"event_name":"Lab","player_choice":"Got Potions","floor":4.0,"gold_loss":0.0,"damage_taken":0.0},{"damage_healed":0.0,"max_hp_gain":5.0,"max_hp_loss":0.0,"gold_gain":0.0,"event_name":"Forgotten Altar","player_choice":"Shed Blood","floor":19.0,"gold_loss":0.0,"damage_taken":25.0},{"damage_healed":0.0,"max_hp_gain":0.0,"max_hp_loss":0.0,"gold_gain":0.0,"event_name":"Vampires","player_choice":"Became a vampire (Vial)","floor":20.0,"relics_lost":["Blood Vial"],"gold_loss":0.0,"damage_taken":0.0,"cards_obtained":["Bite","Bite","Bite","Bite","Bite"]},{"damage_healed":15.0,"max_hp_gain":0.0,"max_hp_loss":0.0,"gold_gain":0.0,"event_name":"The Library","player_choice":"Heal","floor":28.0,"gold_loss":0.0,"damage_taken":0.0},{"damage_healed":0.0,"max_hp_gain":0.0,"max_hp_loss":0.0,"gold_gain":0.0,"event_name":"SensoryStone","player_choice":"Memory 3","floor":37.0,"gold_loss":0.0,"damage_taken":10.0},{"damage_healed":0.0,"max_hp_gain":0.0,"max_hp_loss":0.0,"gold_gain":0.0,"event_name":"MindBloom","player_choice":"Fight","floor":38.0,"gold_loss":0.0,"damage_taken":0.0},{"damage_healed":0.0,"max_hp_gain":0.0,"max_hp_loss":4.0,"gold_gain":0.0,"event_name":"Winding Halls","player_choice":"Max HP","floor":39.0,"gold_loss":0.0,"damage_taken":0.0}],"is_beta":false,"boss_relics":[{"not_picked":["Inserter","Tiny House"],"picked":"Nuclear Battery"},{"not_picked":["Velvet Choker","Runic Pyramid"],"picked":"Runic Dome"}],"items_purged_floors":[48],"is_endless":false,"potions_floor_spawned":[2,8,11,13,14,18,24,33,35,41,45,47],"killed_by":"Awakened One","ascension_level":20}