{"gold_per_floor":[114,129,129,142,158,158,183,183,232,120,137,137,153,167,167,167],"floor_reached":16,"playtime":360,"items_purged":["Strike_B"],"score":208,"play_id":"b59e6616-cd94-48c2-8023-1663ecf5c294","local_time":"20190407000352","is_ascension_mode":true,"campfire_choices":[{"data":"Dualcast","floor":6,"key":"SMITH"},{"data":"Multi-Cast","floor":8,"key":"SMITH"},{"data":"Redo","floor":12,"key":"SMITH"},{"data":"Chaos","floor":15,"key":"SMITH"}],"neow_cost":"NONE","seed_source_timestamp":365989145461300,"circlet_count":0,"master_deck":["AscendersBane","Strike_B","Strike_B","Defend_B","Defend_B","Defend_B","Defend_B","Zap","Dualcast+1","Tempest","Sunder","Doom and Gloom","Auto Shields","Multi-Cast+1","FTL","Redo+1","Chaos+1","Undo"],"relics":["Cracked Core","Mummified Hand","Regal Pillow"],"potions_floor_usage":[14,16],"damage_taken":[{"damage":1,"enemies":"Cultist","floor":1,"turns":4},{"damage":7,"enemies":"Jaw Worm","floor":2,"turns":4},{"damage":0,"enemies":"2 Louse","floor":4,"turns":1},{"damage":17,"enemies":"Exordium Wildlife","floor":5,"turns":4},{"damage":20,"enemies":"3 Sentries","floor":7,"turns":6},{"damage":2,"enemies":"Large Slime","floor":11,"turns":4},{"damage":7,"enemies":"2 Fungi Beasts","floor":13,"turns":2},{"damage":12,"enemies":"Exordium Thugs","floor":14,"turns":3},{"damage":7,"enemies":"Hexaghost","floor":16,"turns":8}],"seed_played":"5728287015119146927","potions_obtained":[{"floor":1,"key":"Swift Potion"},{"floor":7,"key":"EssenceOfSteel"}],"is_trial":false,"path_per_floor":["M","M","?","M","M","R","E","R","T","$","M","R","M","M","R","B"],"character_chosen":"DEFECT","items_purchased":["FTL"],"campfire_rested":0,"item_purchase_floors":[10],"current_hp_per_floor":[70,63,63,63,46,46,26,26,26,26,24,24,17,5,5,0],"gold":167,"neow_bonus":"TEN_PERCENT_HP_BONUS","is_prod":false,"is_daily":false,"chose_seed":false,"campfire_upgraded":4,"win_rate":0,"timestamp":1554563032,"path_taken":["M","M","?","M","M","R","E","R","T","$","M","R","M","M","R","BOSS"],"build_version":"2019-01-23","purchased_purges":1,"victory":false,"max_hp_per_floor":[78,78,78,78,78,78,78,78,78,78,78,78,78,78,78,78],"card_choices":[{"not_picked":["Redo","Steam"],"picked":"Tempest","floor":1},{"not_picked":["Stack","Turbo"],"picked":"Sunder","floor":2},{"not_picked":["Go for the Eyes","Heatsinks"],"picked":"Doom and Gloom","floor":4},{"not_picked":["Stack","Lockon"],"picked":"Auto Shields","floor":5},{"not_picked":["Leap","Conserve Battery"],"picked":"Multi-Cast","floor":7},{"not_picked":["Sunder","Reprogram"],"picked":"Redo","floor":11},{"not_picked":["Streamline","Sweeping Beam"],"picked":"Chaos","floor":13},{"not_picked":["Lockon","Doom and Gloom"],"picked":"Undo","floor":14}],"player_experience":4714786,"relics_obtained":[{"floor":7,"key":"Mummified Hand"},{"floor":9,"key":"Regal Pillow"}],"event_choices":[{"cards_removed":["Strike_B"],"damage_healed":0,"gold_gain":0,"player_choice":"Offered Basic","damage_taken":0,"max_hp_gain":0,"max_hp_loss":0,"event_name":"Bonfire Elementals","floor":3,"gold_loss":0}],"is_beta":false,"boss_relics":[],"items_purged_floors":[10],"is_endless":false,"potions_floor_spawned":[1,7,11],"killed_by":"Hexaghost","ascension_level":20}