{"gold_per_floor":[12,12,24,39,50,50,85,85,110,122,122,142,67,97,97,169,169,186,186,35,51,11,11,36,50,50,77,97,97,97,127,127,203,203,216,216,17,17,37,63,63,63,88,88,119,119,130,146,146,146],"floor_reached":50,"playtime":2635,"items_purged":["Strike_R"],"score":1165,"play_id":"a913a97c-6cc1-451f-9ef7-bb9d3dd1be70","local_time":"20181218133319","is_ascension_mode":true,"campfire_choices":[{"data":"Bash","floor":6.0,"key":"SMITH"},{"floor":8.0,"key":"RECALL"},{"data":"Shrug It Off","floor":11.0,"key":"SMITH"},{"floor":15.0,"key":"REST"},{"data":"Barricade","floor":23.0,"key":"SMITH"},{"data":"Limit Break","floor":30.0,"key":"SMITH"},{"data":"Spot Weakness","floor":32.0,"key":"SMITH"},{"data":"Madness","floor":41.0,"key":"SMITH"},{"floor":44,"key":"REST"},{"data":"Madness","floor":46,"key":"SMITH"},{"floor":49,"key":"REST"}],"neow_cost":"NO_GOLD","seed_source_timestamp":178083206996198,"circlet_count":0,"master_deck":["AscendersBane","Defend_R","Bash+1","Limit Break+1","Shrug It Off+1","Twin Strike","True Grit+1","Cleave","Reaper","Shrug It Off","Spot Weakness+1","Limit Break+1","Barricade+1","Shockwave","Shrug It Off","Ghostly Armor","Sword Boomerang","Heavy Blade","Pummel","Shrug It Off+1","Bite","Bite","Bite","Bite","Bite","Heavy Blade+1","Warcry+1","Sword Boomerang+1","Spot Weakness","Madness+1","Madness+1","Madness","Disarm+1","Flex","Shrug It Off+1"],"special_seed":0,"relics":["Burning Blood","Pen Nib","War Paint","Anchor","Regal Pillow","Philosopher\u0027s Stone","Bag of Preparation","Bottled Flame","Self Forming Clay","Red Mask","Astrolabe","Strange Spoon","Frozen Egg 2","Omamori","Bottled Lightning"],"potions_floor_usage":[45,50,50,50],"damage_taken":[{"damage":9.0,"enemies":"2 Louse","floor":1.0,"turns":3.0},{"damage":2.0,"enemies":"Small Slimes","floor":3.0,"turns":6.0},{"damage":6.0,"enemies":"Cultist","floor":4.0,"turns":3.0},{"damage":5.0,"enemies":"Lots of Slimes","floor":5.0,"turns":6.0},{"damage":42.0,"enemies":"3 Sentries","floor":7.0,"turns":10.0},{"damage":3.0,"enemies":"Looter","floor":10.0,"turns":3.0},{"damage":6.0,"enemies":"3 Louse","floor":12.0,"turns":4.0},{"damage":26.0,"enemies":"Gremlin Nob","floor":14.0,"turns":5.0},{"damage":25.0,"enemies":"Hexaghost","floor":16.0,"turns":7.0},{"damage":2.0,"enemies":"Shell Parasite","floor":18.0,"turns":3.0},{"damage":34.0,"enemies":"Spheric Guardian","floor":21.0,"turns":5.0},{"damage":14.0,"enemies":"Book of Stabbing","floor":24.0,"turns":4.0},{"damage":13.0,"enemies":"Chosen and Byrds","floor":25.0,"turns":6.0},{"damage":18.0,"enemies":"Slavers","floor":27.0,"turns":3.0},{"damage":18.0,"enemies":"3 Cultists","floor":28.0,"turns":5.0},{"damage":36.0,"enemies":"Masked Bandits","floor":31.0,"turns":5.0},{"damage":0.0,"enemies":"Champ","floor":33.0,"turns":10.0},{"damage":0.0,"enemies":"Orb Walker","floor":35.0,"turns":2.0},{"damage":11.0,"enemies":"3 Shapes","floor":39.0,"turns":12.0},{"damage":68.0,"enemies":"Giant Head","floor":40.0,"turns":7.0},{"damage":37,"enemies":"Nemesis","floor":45,"turns":7},{"damage":28,"enemies":"Writhing Mass","floor":47,"turns":6},{"damage":31,"enemies":"Spire Growth","floor":48,"turns":5},{"damage":79,"enemies":"Time Eater","floor":50,"turns":10}],"seed_played":"7994902652680025718","potions_obtained":[{"floor":3.0,"key":"Weak Potion"},{"floor":4.0,"key":"AttackPotion"},{"floor":10.0,"key":"Block Potion"},{"floor":14.0,"key":"GamblersBrew"},{"floor":19.0,"key":"GamblersBrew"},{"floor":19.0,"key":"GamblersBrew"},{"floor":24.0,"key":"PowerPotion"},{"floor":27.0,"key":"Block Potion"},{"floor":31.0,"key":"Strength Potion"},{"floor":33.0,"key":"Fire Potion"},{"floor":47,"key":"EntropicBrew"}],"is_trial":false,"path_per_floor":["M","?","M","M","M","R","E","R","T","M","R","M","$","E","R","B",null,"M","?","$","M","$","R","E","M","T","E","M","?","R","?","R","B",null,"M","?","$","?","M","E","R","T","T","R","E","R","M","M","R","B"],"character_chosen":"IRONCLAD","items_purchased":["Blood Vial","Ghostly Armor","Strange Spoon"],"campfire_rested":3,"item_purchase_floors":[20,22,37],"current_hp_per_floor":[65,60,64,64,65,65,29,29,29,38,38,41,41,21,58,39,66,70,70,70,44,44,44,62,57,57,75,69,69,69,49,49,75,75,75,61,61,61,75,31,31,31,31,68,47,47,48,33,70,0],"gold":146,"neow_bonus":"THREE_RARE_CARDS","is_prod":false,"is_daily":false,"chose_seed":false,"campfire_upgraded":7,"win_rate":0,"timestamp":1545107599,"path_taken":["M","?","M","M","M","R","E","R","T","M","R","M","$","E","R","BOSS","M","?","$","M","?","R","E","?","T","E","M","?","R","?","R","BOSS","M","?","$","?","?","E","R","?","T","R","E","R","?","M","R","BOSS"],"build_version":"2018-12-13","purchased_purges":1,"victory":false,"max_hp_per_floor":[75,75,75,75,75,75,75,75,75,75,75,75,75,75,75,75,75,75,75,75,75,75,75,75,75,75,75,75,75,75,75,75,75,75,75,75,75,75,75,75,75,75,75,75,75,75,75,75,75,75],"card_choices":[{"not_picked":["Double Tap","Reaper"],"picked":"Limit Break","floor":0.0},{"not_picked":["Fire Breathing","Cleave"],"picked":"Shrug It Off","floor":1.0},{"not_picked":["Headbutt","Combust"],"picked":"Twin Strike","floor":3.0},{"not_picked":["Heavy Blade","Infernal Blade"],"picked":"True Grit","floor":4.0},{"not_picked":["Entrench","Heavy Blade"],"picked":"Cleave","floor":5.0},{"not_picked":["Dual Wield","Rampage"],"picked":"Reaper","floor":7.0},{"not_picked":["Thunderclap","Armaments"],"picked":"Shrug It Off","floor":10.0},{"not_picked":["Combust","Cleave"],"picked":"Spot Weakness","floor":12.0},{"not_picked":["Sword Boomerang","Searing Blow"],"picked":"Limit Break","floor":14.0},{"not_picked":["Limit Break","Immolate"],"picked":"Barricade","floor":16.0},{"not_picked":["Clash","Anger"],"picked":"Shockwave","floor":18.0},{"not_picked":["Perfected Strike","Sever Soul+1"],"picked":"Shrug It Off","floor":21.0},{"not_picked":["Bludgeon","Dual Wield"],"picked":"Sword Boomerang","floor":24.0},{"not_picked":["Searing Blow","Warcry"],"picked":"Heavy Blade","floor":25.0},{"not_picked":["Combust","Clothesline+1"],"picked":"Pummel","floor":27.0},{"not_picked":["Iron Wave","Sword Boomerang+1"],"picked":"Shrug It Off+1","floor":28.0},{"not_picked":["Perfected Strike","Anger"],"picked":"Spot Weakness","floor":35.0},{"not_picked":["Wild Strike","Armaments"],"picked":"Disarm+1","floor":39.0},{"not_picked":["Whirlwind+1","Dual Wield"],"picked":"Flex","floor":40.0},{"not_picked":["Armaments","Cleave","Anger"],"picked":"SKIP","floor":45},{"not_picked":["Twin Strike+1","Flex","Shrug It Off"],"picked":"SKIP","floor":47},{"not_picked":["Shockwave","Iron Wave"],"picked":"Shrug It Off+1","floor":48}],"player_experience":2568400,"relics_obtained":[{"floor":7.0,"key":"War Paint"},{"floor":9.0,"key":"Anchor"},{"floor":14.0,"key":"Regal Pillow"},{"floor":24.0,"key":"Bag of Preparation"},{"floor":26.0,"key":"Bottled Flame"},{"floor":27.0,"key":"Self Forming Clay"},{"floor":31.0,"key":"Red Mask"},{"floor":40.0,"key":"Frozen Egg 2"},{"floor":43,"key":"Omamori"},{"floor":45,"key":"Bottled Lightning"}],"event_choices":[{"damage_healed":0.0,"max_hp_gain":0.0,"max_hp_loss":0.0,"gold_gain":0.0,"event_name":"Scrap Ooze","player_choice":"Success","floor":2.0,"gold_loss":0.0,"damage_taken":5.0,"relics_obtained":["Pen Nib"]},{"damage_healed":0.0,"max_hp_gain":0.0,"max_hp_loss":0.0,"gold_gain":0.0,"event_name":"Lab","player_choice":"Got Potions","floor":19.0,"gold_loss":0.0,"damage_taken":0.0},{"damage_healed":0.0,"max_hp_gain":0.0,"max_hp_loss":0.0,"gold_gain":0.0,"event_name":"Vampires","player_choice":"Became a vampire (Vial)","floor":29.0,"relics_lost":["Blood Vial"],"gold_loss":0.0,"damage_taken":0.0,"cards_obtained":["Bite","Bite","Bite","Bite","Bite"]},{"damage_healed":0.0,"max_hp_gain":0.0,"max_hp_loss":0.0,"gold_gain":0.0,"event_name":"Masked Bandits","player_choice":"Fought Bandits","floor":31.0,"gold_loss":0.0,"damage_taken":0.0},{"damage_healed":0.0,"max_hp_gain":0.0,"max_hp_loss":0.0,"gold_gain":0.0,"event_name":"Winding Halls","player_choice":"Embrace Madness","floor":36.0,"gold_loss":0.0,"damage_taken":14.0,"cards_obtained":["Madness","Madness"]},{"damage_healed":0.0,"max_hp_gain":0.0,"max_hp_loss":0.0,"gold_gain":0.0,"event_name":"Duplicator","player_choice":"Copied","floor":38.0,"gold_loss":0.0,"damage_taken":0.0,"cards_obtained":["Madness"]}],"is_beta":true,"boss_relics":[{"not_picked":["Runic Cube","Eternal Feather"],"picked":"Philosopher\u0027s Stone"},{"not_picked":["Runic Dome","Tiny House"],"picked":"Astrolabe"}],"items_purged_floors":[13],"is_endless":false,"potions_floor_spawned":[3,4,10,14,24,27,31,33,40,47],"killed_by":"Time Eater","ascension_level":15}