{"gold_per_floor":[119,135,147,147,147,147,186,186,186,186,186,200,213,227,227,320,320,334,2,2,2],"floor_reached":21,"playtime":869,"items_purged":[],"score":317,"play_id":"5424ad46-cb31-4f02-8377-c17ec6039e4b","local_time":"20181207160030","is_ascension_mode":true,"campfire_choices":[{"data":"Demon Form","floor":6.0,"key":"SMITH"},{"data":"Bash","floor":8.0,"key":"SMITH"},{"data":"Dual Wield","floor":11.0,"key":"SMITH"},{"data":"Clothesline","floor":15.0,"key":"SMITH"}],"neow_cost":"NONE","seed_source_timestamp":316109746742024,"circlet_count":0,"master_deck":["AscendersBane","Strike_R","Strike_R","Strike_R","Defend_R","Defend_R","Defend_R","Defend_R","Bash+1","Demon Form+1","Clothesline+1","Whirlwind","Dropkick","Dual Wield+1","Whirlwind","Evolve","Double Tap","Seeing Red","True Grit","Chrysalis"],"special_seed":0,"relics":["Burning Blood","Torii","Golden Idol","Unceasing Top","Incense Burner","Empty Cage","Bag of Marbles"],"potions_floor_usage":[21],"damage_taken":[{"damage":8.0,"enemies":"2 Louse","floor":1.0,"turns":4.0},{"damage":4.0,"enemies":"Jaw Worm","floor":2.0,"turns":4.0},{"damage":0.0,"enemies":"Cultist","floor":3.0,"turns":3.0},{"damage":16.0,"enemies":"Gremlin Nob","floor":7.0,"turns":3.0},{"damage":0.0,"enemies":"Lots of Slimes","floor":10.0,"turns":1.0},{"damage":8.0,"enemies":"Large Slime","floor":12.0,"turns":7.0},{"damage":16.0,"enemies":"2 Fungi Beasts","floor":13.0,"turns":4.0},{"damage":17.0,"enemies":"Gremlin Gang","floor":14.0,"turns":3.0},{"damage":21.0,"enemies":"Hexaghost","floor":16.0,"turns":11.0},{"damage":34.0,"enemies":"Spheric Guardian","floor":18.0,"turns":5.0},{"damage":36,"enemies":"Shell Parasite","floor":21,"turns":4}],"seed_played":"6410123453019917554","potions_obtained":[{"floor":1.0,"key":"SmokeBomb"},{"floor":7.0,"key":"SteroidPotion"},{"floor":14.0,"key":"Explosive Potion"}],"is_trial":false,"path_per_floor":["M","M","M","?","?","R","E","R","T","M","R","M","M","M","R","B",null,"M","$","?","M"],"character_chosen":"IRONCLAD","items_purchased":["True Grit","Chrysalis","Bag of Marbles"],"campfire_rested":0,"item_purchase_floors":[19,19,19],"current_hp_per_floor":[66,68,74,69,68,68,58,58,58,64,64,62,52,41,41,26,58,30,30,30,0],"gold":2,"neow_bonus":"ONE_RANDOM_RARE_CARD","is_prod":false,"is_daily":false,"chose_seed":false,"campfire_upgraded":4,"win_rate":0,"timestamp":1544166030,"path_taken":["M","M","M","?","?","R","E","R","T","M","R","M","M","M","R","BOSS","M","$","?","M"],"build_version":"2018-12-06","purchased_purges":0,"victory":false,"max_hp_per_floor":[75,75,75,75,68,68,68,68,68,68,68,68,68,68,68,68,68,68,68,68,68],"card_choices":[{"not_picked":["Reckless Charge","Havoc"],"picked":"Clothesline","floor":1.0},{"not_picked":["Headbutt","Combust"],"picked":"Whirlwind","floor":2.0},{"not_picked":["Fire Breathing","Pommel Strike"],"picked":"Dropkick","floor":3.0},{"not_picked":["Evolve","Headbutt"],"picked":"Dual Wield","floor":7.0},{"not_picked":["True Grit","Intimidate"],"picked":"Whirlwind","floor":12.0},{"not_picked":["Dual Wield","Whirlwind","Perfected Strike"],"picked":"SKIP","floor":13.0},{"not_picked":["Burning Pact","Cleave"],"picked":"Evolve","floor":14.0},{"not_picked":["Impervious","Fiend Fire"],"picked":"Double Tap","floor":16.0},{"not_picked":["Pommel Strike","Thunderclap"],"picked":"Seeing Red","floor":18.0}],"player_experience":2530450,"relics_obtained":[{"floor":7.0,"key":"Unceasing Top"},{"floor":9.0,"key":"Incense Burner"}],"event_choices":[{"damage_healed":0.0,"max_hp_gain":0.0,"max_hp_loss":0.0,"gold_gain":0.0,"event_name":"Scrap Ooze","player_choice":"Success","floor":4.0,"gold_loss":0.0,"damage_taken":5.0,"relics_obtained":["Torii"]},{"damage_healed":0.0,"max_hp_gain":0.0,"max_hp_loss":7.0,"gold_gain":0.0,"event_name":"Golden Idol","player_choice":"Lose Max HP","floor":5.0,"gold_loss":0.0,"damage_taken":0.0,"relics_obtained":["Golden Idol"]},{"damage_healed":0.0,"max_hp_gain":0.0,"max_hp_loss":0.0,"gold_gain":0.0,"event_name":"The Mausoleum","player_choice":"Ignored","floor":20.0,"gold_loss":0.0,"damage_taken":0.0}],"is_beta":true,"boss_relics":[{"not_picked":["Fusion Hammer","Coffee Dripper"],"picked":"Empty Cage"}],"items_purged_floors":[],"is_endless":false,"potions_floor_spawned":[1,7,10,14],"killed_by":"Shell Parasite","ascension_level":15}