{"gold_per_floor":[115,134,147,161,173,204,204,204,204,204,247,265,265,13,13,111,111,135,48,64,84,100,100,143,143,143,143,174,99,130,130,130,130],"floor_reached":33,"playtime":1564,"items_purged":[],"score":546,"play_id":"75a3bfd1-bebc-4141-a50b-c145962c3d7d","local_time":"20190329152141","is_ascension_mode":true,"campfire_choices":[{"data":"Double Tap","floor":7,"key":"SMITH"},{"floor":10,"key":"REST"},{"floor":13,"key":"REST"},{"data":"Whirlwind","floor":15,"key":"SMITH"},{"floor":23,"key":"REST"},{"data":"Whirlwind","floor":25,"key":"SMITH"},{"data":"Flex","floor":27,"key":"SMITH"},{"data":"Double Tap","floor":32,"key":"SMITH"}],"neow_cost":"NONE","seed_source_timestamp":2557282541714786,"circlet_count":0,"master_deck":["AscendersBane","Strike_R","Strike_R","Strike_R+1","Strike_R","Defend_R","Defend_R","Defend_R","Defend_R","Bash","Clothesline+1","Whirlwind+1","Double Tap+1","Thunderclap","Metallicize","Whirlwind+1","Carnage","Rampage","Shrug It Off","Double Tap+1","Flame Barrier","Brutality","Flex+1","Spot Weakness","Shrug It Off","Disarm","Dropkick+1","Battle Trance","Ghostly","Ghostly","Ghostly"],"relics":["Burning Blood","Mango","Golden Idol","Gremlin Horn","Whetstone","Bag of Marbles","Lizard Tail","Prayer Wheel","Bottled Lightning","Paper Frog","Red Mask"],"potions_floor_usage":[4,11,16,20,24,24,30],"damage_taken":[{"damage":14,"enemies":"Jaw Worm","floor":1,"turns":5},{"damage":4,"enemies":"Small Slimes","floor":2,"turns":4},{"damage":7,"enemies":"Cultist","floor":3,"turns":4},{"damage":0,"enemies":"3 Louse","floor":4,"turns":1},{"damage":19,"enemies":"Blue Slaver","floor":5,"turns":4},{"damage":37,"enemies":"3 Sentries","floor":6,"turns":9},{"damage":65,"enemies":"Lagavulin","floor":11,"turns":7},{"damage":1,"enemies":"2 Fungi Beasts","floor":12,"turns":3},{"damage":34,"enemies":"Hexaghost","floor":16,"turns":9},{"damage":41,"enemies":"Spheric Guardian","floor":18,"turns":6},{"damage":11,"enemies":"2 Thieves","floor":20,"turns":3},{"damage":24,"enemies":"Snake Plant","floor":21,"turns":4},{"damage":5,"enemies":"Snecko","floor":22,"turns":5},{"damage":56,"enemies":"Slavers","floor":24,"turns":5},{"damage":21,"enemies":"Gremlin Leader","floor":28,"turns":7},{"damage":0,"enemies":"Masked Bandits","floor":30,"turns":1},{"damage":34,"enemies":"Collector","floor":33,"turns":6}],"seed_played":"-452283894424196105","potions_obtained":[{"floor":3,"key":"GamblersBrew"},{"floor":5,"key":"GamblersBrew"},{"floor":11,"key":"Poison Potion"},{"floor":20,"key":"PowerPotion"},{"floor":21,"key":"FearPotion"},{"floor":28,"key":"GamblersBrew"}],"is_trial":false,"path_per_floor":["M","M","M","M","M","E","R","?","T","R","E","M","R","$","R","B",null,"M","$","M","M","M","R","E","R","T","R","E","?","?","?","R","B"],"character_chosen":"IRONCLAD","items_purchased":["Bag of Marbles","Shrug It Off","SteroidPotion","Brutality"],"campfire_rested":3,"item_purchase_floors":[14,14,14,19],"current_hp_per_floor":[67,69,68,74,61,44,44,44,44,70,11,16,42,42,42,14,69,34,34,29,11,12,38,34,34,34,34,19,19,25,25,25,0],"gold":130,"neow_bonus":"TEN_PERCENT_HP_BONUS","is_prod":false,"is_daily":false,"chose_seed":false,"campfire_upgraded":5,"win_rate":0,"timestamp":1553840501,"path_taken":["M","M","M","M","M","E","R","?","T","R","E","M","R","$","R","BOSS","M","$","M","M","M","R","E","R","T","R","E","?","?","?","R","BOSS"],"build_version":"2019-03-15","purchased_purges":0,"victory":false,"max_hp_per_floor":[82,82,82,82,82,96,96,87,87,87,87,87,87,87,87,87,87,87,87,87,87,87,87,87,87,87,87,87,87,87,43,43,43],"card_choices":[{"not_picked":["Bloodletting","Pommel Strike"],"picked":"Clothesline","floor":1},{"not_picked":["Body Slam","Sword Boomerang"],"picked":"Whirlwind","floor":2},{"not_picked":["Wild Strike","Cleave"],"picked":"Double Tap","floor":3},{"not_picked":["Burning Pact","Second Wind"],"picked":"Thunderclap","floor":4},{"not_picked":["Twin Strike","Clothesline"],"picked":"Metallicize","floor":5},{"not_picked":["Anger","Warcry"],"picked":"Whirlwind","floor":6},{"not_picked":["Twin Strike","Burning Pact"],"picked":"Carnage","floor":11},{"not_picked":["Combust","Sever Soul"],"picked":"Rampage","floor":12},{"not_picked":["Bludgeon","Dark Embrace"],"picked":"Double Tap","floor":16},{"not_picked":["Body Slam","Iron Wave"],"picked":"Flame Barrier","floor":18},{"not_picked":["Rampage","Shrug It Off"],"picked":"Flex","floor":20},{"not_picked":["Thunderclap","Infernal Blade"],"picked":"Spot Weakness","floor":21},{"not_picked":["Dark Embrace","Heavy Blade"],"picked":"Shrug It Off","floor":22},{"not_picked":["Carnage","Perfected Strike"],"picked":"Disarm","floor":24},{"not_picked":["Metallicize+1","Whirlwind"],"picked":"Dropkick+1","floor":28},{"not_picked":["Reckless Charge+1","Cleave"],"picked":"Battle Trance","floor":30}],"player_experience":2754756,"relics_obtained":[{"floor":6,"key":"Mango"},{"floor":9,"key":"Gremlin Horn"},{"floor":11,"key":"Whetstone"},{"floor":24,"key":"Prayer Wheel"},{"floor":26,"key":"Bottled Lightning"},{"floor":28,"key":"Paper Frog"},{"floor":30,"key":"Red Mask"}],"event_choices":[{"damage_healed":0,"gold_gain":0,"player_choice":"Lose Max HP","damage_taken":0,"relics_obtained":["Golden Idol"],"max_hp_gain":0,"max_hp_loss":9,"event_name":"Golden Idol","floor":8,"gold_loss":0},{"cards_removed":["Strike_R"],"damage_healed":0,"gold_gain":0,"player_choice":"Gave Gold","damage_taken":0,"max_hp_gain":0,"max_hp_loss":0,"event_name":"Beggar","floor":29,"gold_loss":75},{"damage_healed":0,"gold_gain":0,"player_choice":"Fought Bandits","damage_taken":0,"max_hp_gain":0,"max_hp_loss":0,"event_name":"Masked Bandits","floor":30,"gold_loss":0},{"damage_healed":0,"gold_gain":0,"player_choice":"Became a Ghost","damage_taken":0,"max_hp_gain":0,"max_hp_loss":44,"event_name":"Ghosts","floor":31,"gold_loss":0,"cards_obtained":["Ghostly","Ghostly","Ghostly"]}],"is_beta":true,"boss_relics":[{"not_picked":["Tiny House","Black Star"],"picked":"Lizard Tail"}],"items_purged_floors":[],"is_endless":false,"potions_floor_spawned":[3,5,11,20,21,28],"killed_by":"Collector","ascension_level":17}