{"gold_per_floor":[113,124,139,139,159,159,193,39,39,57,57,70,70,83,83,186,186,197,197,213,213,58,90,90,109,156,174,74,84,97,112,112,216,216,234,249,249,265,60,60,80,80,80,100,117,117,137,56,56,56],"floor_reached":51,"playtime":3166,"items_purged":["Strike_B","Pain","Zap"],"score":1041,"play_id":"290baacf-ed39-4f79-939c-1feeb13caf74","local_time":"20190504140426","is_ascension_mode":true,"campfire_choices":[{"data":"Blizzard","floor":6,"key":"SMITH"},{"data":"Barrage","floor":11,"key":"SMITH"},{"data":"Defragment","floor":15,"key":"SMITH"},{"floor":24,"key":"REST"},{"floor":32,"key":"REST"},{"floor":40,"key":"REST"},{"data":"Capacitor","floor":42,"key":"SMITH"},{"data":"Blizzard","floor":46,"key":"SMITH"},{"floor":49,"key":"REST"}],"neow_cost":"NONE","seed_source_timestamp":667929120246352,"circlet_count":0,"master_deck":["AscendersBane","Defend_B","Defend_B","Defend_B","Dualcast","Echo Form","Glacier","Blizzard+1","Coolheaded","Sweeping Beam+1","Glacier","Hologram","Barrage+1","Defragment+1","Fission","Barrage+1","Aggregate","Capacitor+1","Coolheaded","Conserve Battery","BootSequence","Blizzard+1","Defragment","Core Surge","Chill+1","Self Repair","Blizzard","Parasite","Loop"],"relics":["Cracked Core","Blue Candle","Question Card","Cursed Key","Bag of Preparation","Whetstone","Oddly Smooth Stone","Velvet Choker"],"potions_floor_usage":[5,7,23,31],"damage_taken":[{"damage":1,"enemies":"Cultist","floor":1,"turns":4},{"damage":0,"enemies":"Jaw Worm","floor":2,"turns":6},{"damage":6,"enemies":"2 Louse","floor":3,"turns":2},{"damage":9,"enemies":"Exordium Wildlife","floor":5,"turns":8},{"damage":10,"enemies":"Lagavulin","floor":7,"turns":8},{"damage":8,"enemies":"Gremlin Gang","floor":10,"turns":6},{"damage":3,"enemies":"Red Slaver","floor":12,"turns":3},{"damage":2,"enemies":"Looter","floor":14,"turns":5},{"damage":13,"enemies":"Hexaghost","floor":16,"turns":14},{"damage":13,"enemies":"3 Byrds","floor":18,"turns":9},{"damage":16,"enemies":"Spheric Guardian","floor":20,"turns":6},{"damage":28,"enemies":"Slavers","floor":23,"turns":4},{"damage":9,"enemies":"Shelled Parasite and Fungi","floor":25,"turns":6},{"damage":3,"enemies":"Chosen and Byrds","floor":27,"turns":7},{"damage":8,"enemies":"Centurion and Healer","floor":29,"turns":6},{"damage":10,"enemies":"3 Cultists","floor":30,"turns":5},{"damage":2,"enemies":"Snake Plant","floor":31,"turns":5},{"damage":0,"enemies":"Champ","floor":33,"turns":12},{"damage":26,"enemies":"3 Darklings","floor":35,"turns":5},{"damage":5,"enemies":"Orb Walker","floor":36,"turns":5},{"damage":23,"enemies":"Jaw Worm Horde","floor":38,"turns":4},{"damage":14,"enemies":"Transient","floor":41,"turns":5},{"damage":8,"enemies":"Writhing Mass","floor":44,"turns":8},{"damage":3,"enemies":"Jaw Worm Horde","floor":45,"turns":4},{"damage":12,"enemies":"Spire Growth","floor":47,"turns":7},{"damage":38,"enemies":"Awakened One","floor":50,"turns":14}],"seed_played":"8716197955947077710","potions_obtained":[{"floor":3,"key":"Fire Potion"},{"floor":5,"key":"Fruit Juice"},{"floor":7,"key":"FearPotion"},{"floor":20,"key":"LiquidBronze"},{"floor":23,"key":"Poison Potion"},{"floor":29,"key":"Regen Potion"},{"floor":31,"key":"FearPotion"},{"floor":33,"key":"Ancient Potion"}],"is_trial":false,"path_per_floor":["M","M","M","?","M","R","E","$","T","M","R","M","$","M","R","B",null,"M","?","M","?","$","E","R","M","T","M","$","M","M","M","R","B",null,"M","M","?","M","$","R","M","R","T","M","M","R","M","$","R","B",null],"character_chosen":"DEFECT","items_purchased":["Glacier","Hologram","Bag of Preparation","Self Repair","Loop"],"campfire_rested":4,"item_purchase_floors":[8,8,22,39,48],"current_hp_per_floor":[67,67,61,61,57,57,47,47,47,39,39,36,36,34,34,21,65,52,52,36,36,36,8,32,23,23,20,20,12,2,14,38,38,70,44,39,39,16,16,40,33,33,33,39,43,43,45,45,69,45],"gold":56,"neow_bonus":"TRANSFORM_CARD","is_prod":false,"is_daily":false,"chose_seed":false,"campfire_upgraded":5,"win_rate":0,"timestamp":1556971466,"path_taken":["M","M","?","?","M","R","E","$","T","?","R","?","$","M","R","BOSS","M","?","M","?","$","E","R","M","T","M","$","M","M","M","R","BOSS","M","M","?","?","$","R","M","R","T","M","?","R","M","$","R","BOSS"],"build_version":"2019-01-23","purchased_purges":3,"victory":true,"max_hp_per_floor":[75,75,75,75,80,80,80,80,80,80,80,80,80,80,80,80,80,80,80,80,80,80,80,80,80,80,80,80,80,80,80,80,80,80,80,80,80,80,80,80,80,80,80,80,80,80,80,80,80,80],"card_choices":[{"not_picked":["Steam","Hello World"],"picked":"Glacier","floor":1},{"not_picked":["Beam Cell","Turbo"],"picked":"Blizzard","floor":2},{"not_picked":["Gash","Redo"],"picked":"Coolheaded","floor":3},{"not_picked":["Rebound","Beam Cell"],"picked":"Sweeping Beam","floor":5},{"not_picked":["Darkness","Rebound","Steam"],"picked":"SKIP","floor":7},{"not_picked":["Sweeping Beam","Steam","Rip and Tear"],"picked":"Barrage","floor":10},{"not_picked":["Blizzard","Redo","Gash"],"picked":"Defragment","floor":12},{"not_picked":["Echo Form","Leap","Aggregate","Cold Snap"],"picked":"SKIP","floor":14},{"not_picked":["Reboot","Meteor Strike","Thunder Strike"],"picked":"Fission","floor":16},{"not_picked":["Rip and Tear+1","Compile Driver+1","Stack+1"],"picked":"Barrage","floor":18},{"not_picked":["Sweeping Beam","Compile Driver","Streamline+1"],"picked":"Coolheaded","floor":20},{"not_picked":["Rebound","Rip and Tear+1","Lockon"],"picked":"Conserve Battery","floor":23},{"not_picked":["Conserve Battery+1","Barrage+1","Rebound"],"picked":"BootSequence","floor":25},{"not_picked":["Conserve Battery","Leap","Amplify","Scrape"],"picked":"SKIP","floor":27},{"not_picked":["Sweeping Beam","Darkness","Gash","Beam Cell"],"picked":"SKIP","floor":29},{"not_picked":["Auto Shields","Hello World","Barrage"],"picked":"Blizzard","floor":30},{"not_picked":["Streamline","Steam+1","Go for the Eyes"],"picked":"Defragment","floor":31},{"not_picked":["All For One","Multi-Cast","Rainbow"],"picked":"Core Surge","floor":33},{"not_picked":["Conserve Battery+1","Ball Lightning","Cold Snap"],"picked":"Chill+1","floor":35},{"not_picked":["Rebound+1","Streamline","Steam Power+1","Beam Cell"],"picked":"SKIP","floor":36},{"not_picked":["Darkness+1","Heatsinks","Scrape+1","Static Discharge"],"picked":"SKIP","floor":38},{"not_picked":["Turbo+1","Rebound","Reboot"],"picked":"Blizzard","floor":41},{"not_picked":["Gash","White Noise+1","Conserve Battery+1","Go for the Eyes"],"picked":"SKIP","floor":44},{"not_picked":["Conserve Battery+1","Redo+1","Darkness","Cold Snap"],"picked":"SKIP","floor":45},{"not_picked":["Cold Snap+1","Lockon","Leap","Beam Cell"],"picked":"SKIP","floor":47}],"player_experience":532503,"relics_obtained":[{"floor":7,"key":"Blue Candle"},{"floor":9,"key":"Question Card"},{"floor":23,"key":"Whetstone"},{"floor":26,"key":"Oddly Smooth Stone"}],"event_choices":[{"cards_removed":["Strike_B"],"damage_healed":0,"gold_gain":0,"player_choice":"Card Removal","damage_taken":0,"max_hp_gain":0,"max_hp_loss":0,"event_name":"Wheel of Change","floor":4,"gold_loss":0},{"damage_healed":0,"gold_gain":0,"cards_transformed":["Strike_B","Defend_B"],"player_choice":"Became Test Subject","damage_taken":0,"max_hp_gain":0,"max_hp_loss":0,"event_name":"Drug Dealer","floor":19,"gold_loss":0,"cards_obtained":["Aggregate","Capacitor"]},{"damage_healed":0,"gold_gain":0,"player_choice":"Ignored","damage_taken":0,"max_hp_gain":0,"max_hp_loss":0,"event_name":"Ghosts","floor":21,"gold_loss":0},{"damage_healed":0,"gold_gain":0,"player_choice":"Bought 0 Potions","damage_taken":0,"max_hp_gain":0,"max_hp_loss":0,"event_name":"The Woman in Blue","floor":37,"gold_loss":0}],"is_beta":false,"boss_relics":[{"not_picked":["Orrery","Astrolabe"],"picked":"Cursed Key"},{"not_picked":["Runic Pyramid","Eternal Feather"],"picked":"Velvet Choker"}],"items_purged_floors":[8,28,39],"is_endless":false,"potions_floor_spawned":[3,5,7,20,23,29,30,31,33,41,45],"ascension_level":10}