{"gold_per_floor":[118,43,218,293,47,73,73,87,87,112,112,132,63,80,80,80],"floor_reached":16,"playtime":702,"items_purged":["Strike_G","Doubt"],"score":166,"play_id":"06cdd061-c584-498a-8e0f-d516f2daf047","local_time":"20181231134709","is_ascension_mode":true,"campfire_choices":[{"data":"Neutralize","floor":7,"key":"SMITH"},{"data":"Crippling Poison","floor":11,"key":"SMITH"},{"data":"Leg Sweep","floor":15,"key":"SMITH"}],"neow_cost":"NONE","seed_source_timestamp":750137981170818,"circlet_count":0,"master_deck":["Defend_G","Defend_G","Defend_G","Defend_G","Defend_G","Strike_G","Strike_G","Strike_G","Strike_G","Survivor","Neutralize+1","Acrobatics","Well Laid Plans","Crippling Poison+1","Deadly Poison","Leg Sweep+1","Unload"],"relics":["Ring of the Snake","NeowsBlessing","Bag of Preparation","Gambling Chip","Meat on the Bone","Pear"],"potions_floor_usage":[10,16],"damage_taken":[{"damage":0,"enemies":"Cultist","floor":1,"turns":1},{"damage":0,"enemies":"Lagavulin","floor":6,"turns":1},{"damage":0,"enemies":"Small Slimes","floor":8,"turns":1},{"damage":16,"enemies":"Gremlin Nob","floor":10,"turns":5},{"damage":9,"enemies":"Jaw Worm","floor":12,"turns":3},{"damage":2,"enemies":"Red Slaver","floor":14,"turns":4},{"damage":43,"enemies":"Slime Boss","floor":16,"turns":10}],"seed_played":"-7375519108949386118","potions_obtained":[{"floor":1,"key":"Poison Potion"},{"floor":10,"key":"Block Potion"}],"is_trial":false,"path_per_floor":["M","$","?","?","$","E","R","M","T","E","R","M","$","M","R","B"],"character_chosen":"THE_SILENT","items_purchased":["Bag of Preparation","Leg Sweep"],"campfire_rested":0,"item_purchase_floors":[5,13],"current_hp_per_floor":[70,70,70,59,59,59,59,59,59,53,53,44,44,42,42,0],"gold":80,"neow_bonus":"THREE_ENEMY_KILL","is_prod":false,"is_daily":false,"chose_seed":false,"campfire_upgraded":3,"win_rate":0,"timestamp":1546231629,"path_taken":["M","$","?","?","?","E","R","?","T","E","R","M","$","M","R","BOSS"],"build_version":"2018-12-20","purchased_purges":2,"victory":false,"max_hp_per_floor":[70,70,70,70,70,70,70,70,70,80,80,80,80,80,80,80],"card_choices":[{"not_picked":["Backstab","Dagger Spray"],"picked":"Acrobatics","floor":1},{"not_picked":["Eviscerate","Dodge and Roll"],"picked":"Well Laid Plans","floor":6},{"not_picked":["Sucker Punch","Accuracy"],"picked":"Crippling Poison","floor":8},{"not_picked":["Blade Dance","Outmaneuver","Flechettes"],"picked":"SKIP","floor":10},{"not_picked":["Prepared","Blade Dance"],"picked":"Deadly Poison","floor":12},{"not_picked":["Slice","Distraction"],"picked":"Unload","floor":14}],"player_experience":294802,"relics_obtained":[{"floor":6,"key":"Gambling Chip"},{"floor":9,"key":"Meat on the Bone"},{"floor":10,"key":"Pear"}],"event_choices":[{"damage_healed":0,"gold_gain":175,"player_choice":"AGREE","damage_taken":0,"max_hp_gain":0,"max_hp_loss":0,"event_name":"Liars Game","floor":3,"gold_loss":0,"cards_obtained":["Doubt"]},{"damage_healed":0,"gold_gain":75,"player_choice":"Gather Gold","damage_taken":11,"max_hp_gain":0,"max_hp_loss":0,"event_name":"World of Goop","floor":4,"gold_loss":0}],"is_beta":false,"boss_relics":[],"items_purged_floors":[2,5],"is_endless":false,"potions_floor_spawned":[1,10],"killed_by":"Slime Boss","ascension_level":5}