{"gold_per_floor":[111,111,111,35,47,79,79,105,131,131,150,3,3,3,3,79,79,97,97,12,22,22,22,22,34,59,89,89,116,131,148,148,219,219,234,250,250,97,114,114,142,142,196,196,246,246,3,19,19,19,19,19,19,47,47],"floor_reached":56,"playtime":3628,"items_purged":["Strike_G","Defend_G+1"],"score":2408,"play_id":"9e3c870c-69ea-491f-a823-e4afef93d4e4","local_time":"20190116213653","is_ascension_mode":true,"campfire_choices":[{"data":"Noxious Fumes","floor":7,"key":"SMITH"},{"data":"Strike_G","floor":10,"key":"PURGE"},{"data":"Footwork","floor":13,"key":"SMITH"},{"data":"Strike_G","floor":15,"key":"PURGE"},{"data":"Flechettes","floor":23,"key":"SMITH"},{"data":"Wraith Form v2","floor":28,"key":"SMITH"},{"data":"Ghostly","floor":32,"key":"SMITH"},{"data":"Ghostly","floor":40,"key":"SMITH"},{"floor":44,"key":"RECALL"},{"data":"Defend_G+1","floor":46,"key":"PURGE"},{"data":"Defend_G+1","floor":49,"key":"PURGE"},{"floor":52,"key":"REST"}],"neow_cost":"NONE","seed_source_timestamp":1221078321138510,"circlet_count":0,"master_deck":["AscendersBane","Survivor+1","Neutralize+1","Leg Sweep+1","Heel Hook+1","Noxious Fumes+1","Cloak And Dagger+1","Flechettes+1","Footwork+1","Wraith Form v2+1","Noxious Fumes+1","Ghostly+1","Ghostly+1","Ghostly+1","Caltrops+1","Outmaneuver+1","Adrenaline+1","Footwork+1","Noxious Fumes+1","Footwork+1","After Image+1","Footwork+1","Blur+1"],"relics":["Ring of the Snake","NeowsBlessing","Peace Pipe","FossilizedHelix","Snake Skull","Runic Pyramid","Ancient Tea Set","PreservedInsect","Nunchaku","Bag of Preparation","Astrolabe","Oddly Smooth Stone","Mark of the Bloom","Anchor","Pocketwatch","Lantern","Happy Flower"],"potions_floor_usage":[29,55,55],"damage_taken":[{"damage":0,"enemies":"2 Louse","floor":1,"turns":1},{"damage":0,"enemies":"Jaw Worm","floor":5,"turns":1},{"damage":0,"enemies":"Gremlin Nob","floor":6,"turns":1},{"damage":2,"enemies":"3 Sentries","floor":8,"turns":8},{"damage":0,"enemies":"Cultist","floor":11,"turns":3},{"damage":0,"enemies":"Hexaghost","floor":16,"turns":9},{"damage":2,"enemies":"2 Thieves","floor":18,"turns":4},{"damage":3,"enemies":"Spheric Guardian","floor":21,"turns":6},{"damage":0,"enemies":"Snake Plant","floor":25,"turns":5},{"damage":0,"enemies":"Book of Stabbing","floor":27,"turns":7},{"damage":0,"enemies":"Gremlin Leader","floor":29,"turns":5},{"damage":0,"enemies":"Centurion and Healer","floor":30,"turns":5},{"damage":0,"enemies":"Sentry and Sphere","floor":31,"turns":6},{"damage":0,"enemies":"Collector","floor":33,"turns":8},{"damage":0,"enemies":"Orb Walker","floor":35,"turns":5},{"damage":0,"enemies":"3 Shapes","floor":36,"turns":5},{"damage":0,"enemies":"Sphere and 2 Shapes","floor":39,"turns":6},{"damage":0,"enemies":"Reptomancer","floor":41,"turns":6},{"damage":0,"enemies":"2 Orb Walkers","floor":45,"turns":7},{"damage":0,"enemies":"Jaw Worm Horde","floor":48,"turns":4},{"damage":0,"enemies":"Donu and Deca","floor":50,"turns":9},{"damage":0,"enemies":"Shield and Spear","floor":54,"turns":8},{"damage":2,"enemies":"The Heart","floor":55,"turns":12}],"seed_played":"7964030557693342584","potions_obtained":[{"floor":1,"key":"EssenceOfSteel"},{"floor":5,"key":"FearPotion"},{"floor":8,"key":"Block Potion"},{"floor":21,"key":"SpeedPotion"},{"floor":31,"key":"Energy Potion"},{"floor":35,"key":"Energy Potion"}],"is_trial":false,"path_per_floor":["M","?","T","$","M","E","R","E","T","R","M","$","R","?","R","B",null,"M","?","?","M","?","R","$","M","T","E","R","E","M","M","R","B",null,"M","M","?","$","M","R","E","?","T","R","?","R","$","M","R","B",null,"R","$","E","B",null],"character_chosen":"THE_SILENT","items_purchased":["Heel Hook","Footwork","After Image","Lantern"],"campfire_rested":1,"item_purchase_floors":[4,12,38,47],"current_hp_per_floor":[59,52,52,52,52,52,52,50,50,50,50,50,50,50,50,50,62,60,60,60,57,33,33,33,33,33,33,33,33,33,33,33,33,33,33,33,33,33,33,33,33,33,33,33,33,33,33,33,33,33,33,33,33,33,31],"gold":47,"neow_bonus":"THREE_ENEMY_KILL","is_prod":false,"is_daily":false,"chose_seed":false,"campfire_upgraded":6,"win_rate":0,"timestamp":1547642213,"path_taken":["M","?","?","$","M","E","R","E","T","R","M","$","R","?","R","BOSS","M","?","?","M","?","R","$","?","T","E","R","E","M","M","R","BOSS","M","M","?","$","M","R","E","?","T","R","?","R","?","M","R","BOSS","R","$","E","BOSS"],"build_version":"2019-01-14v2","purchased_purges":2,"victory":true,"max_hp_per_floor":[66,66,66,66,66,66,66,66,66,66,66,66,66,66,66,66,66,66,66,66,66,33,33,33,33,33,33,33,33,33,33,33,33,33,33,33,33,33,33,33,33,33,33,33,33,33,33,33,33,33,33,33,33,33,33],"card_choices":[{"not_picked":["Dash","Backflip"],"picked":"Leg Sweep","floor":1},{"not_picked":["Dodge and Roll","Catalyst"],"picked":"Noxious Fumes","floor":5},{"not_picked":["Sucker Punch","Bane"],"picked":"Deadly Poison","floor":6},{"not_picked":["Terror","Deflect"],"picked":"Cloak And Dagger","floor":8},{"not_picked":["Dash","Outmaneuver"],"picked":"Flechettes","floor":11},{"not_picked":["Glass Knife","Unload"],"picked":"Wraith Form v2","floor":16},{"not_picked":["Flying Knee","Leg Sweep"],"picked":"Noxious Fumes+1","floor":18},{"not_picked":["Terror","Eviscerate","Slice"],"picked":"SKIP","floor":21},{"not_picked":["Bane","Choke","Backstab"],"picked":"SKIP","floor":25},{"not_picked":["Dash","Skewer","Acrobatics"],"picked":"SKIP","floor":27},{"not_picked":["Reflex","Cloak And Dagger","Expertise"],"picked":"SKIP","floor":29},{"not_picked":["Bane+1","Finisher+1"],"picked":"Caltrops+1","floor":30},{"not_picked":["Acrobatics","Bouncing Flask"],"picked":"Outmaneuver+1","floor":31},{"not_picked":["Glass Knife","Venomology"],"picked":"Adrenaline","floor":33},{"not_picked":["Quick Slash","Dagger Spray+1","Slice"],"picked":"SKIP","floor":35},{"not_picked":["Quick Slash","Dagger Spray+1","Slice"],"picked":"SKIP","floor":35},{"not_picked":["Dagger Spray","Prepared+1"],"picked":"Footwork","floor":36},{"not_picked":["Dagger Spray","Cloak And Dagger+1"],"picked":"Footwork","floor":39},{"not_picked":["Die Die Die","Grand Finale","Footwork"],"picked":"SKIP","floor":41},{"not_picked":["Tactician+1","Sucker Punch"],"picked":"Blur+1","floor":45},{"not_picked":["Dagger Spray","Caltrops+1","Quick Slash"],"picked":"SKIP","floor":48},{"not_picked":["Bane","Flying Knee+1","Slice+1"],"picked":"SKIP","floor":54}],"player_experience":2629964,"relics_obtained":[{"floor":3,"key":"Peace Pipe"},{"floor":6,"key":"FossilizedHelix"},{"floor":8,"key":"Snake Skull"},{"floor":26,"key":"PreservedInsect"},{"floor":27,"key":"Nunchaku"},{"floor":29,"key":"Bag of Preparation"},{"floor":41,"key":"Oddly Smooth Stone"},{"floor":43,"key":"Anchor"},{"floor":45,"key":"Pocketwatch"},{"floor":54,"key":"Happy Flower"}],"event_choices":[{"cards_removed":["Strike_G"],"damage_healed":0,"gold_gain":0,"player_choice":"Card Removal","damage_taken":7,"max_hp_gain":0,"max_hp_loss":0,"event_name":"Golden Wing","floor":2,"gold_loss":0},{"cards_removed":["Strike_G"],"damage_healed":0,"gold_gain":0,"player_choice":"Offered Basic","damage_taken":0,"max_hp_gain":0,"max_hp_loss":0,"event_name":"Bonfire Elementals","floor":14,"gold_loss":0},{"damage_healed":0,"gold_gain":0,"player_choice":"Simplicity","damage_taken":0,"max_hp_gain":0,"max_hp_loss":0,"event_name":"Back to Basics","floor":19,"gold_loss":0,"cards_upgraded":["Defend_G","Defend_G","Defend_G","Defend_G","Defend_G"]},{"damage_healed":0,"gold_gain":0,"player_choice":"Obtained Relic","damage_taken":0,"relics_obtained":["Ancient Tea Set"],"max_hp_gain":0,"max_hp_loss":0,"event_name":"Addict","floor":20,"gold_loss":85},{"damage_healed":0,"gold_gain":0,"player_choice":"Became a Ghost","damage_taken":0,"max_hp_gain":0,"max_hp_loss":33,"event_name":"Ghosts","floor":22,"gold_loss":0,"cards_obtained":["Ghostly","Ghostly","Ghostly"]},{"cards_removed":["All Out Attack"],"damage_healed":0,"gold_gain":0,"player_choice":"Removed Attack","damage_taken":0,"max_hp_gain":0,"max_hp_loss":0,"event_name":"Falling","floor":37,"gold_loss":0},{"damage_healed":0,"gold_gain":0,"player_choice":"Upgrade","damage_taken":0,"relics_obtained":["Mark of the Bloom"],"max_hp_gain":0,"max_hp_loss":0,"event_name":"MindBloom","floor":42,"gold_loss":0,"cards_upgraded":["Survivor","Neutralize","Leg Sweep","Heel Hook","Cloak And Dagger","Ghostly","Adrenaline","Footwork","After Image","Footwork"]},{"damage_healed":0,"gold_gain":0,"player_choice":"Fight","damage_taken":0,"max_hp_gain":0,"max_hp_loss":0,"event_name":"Mysterious Sphere","floor":45,"gold_loss":0}],"is_beta":true,"boss_relics":[{"not_picked":["Velvet Choker","WristBlade"],"picked":"Runic Pyramid"},{"not_picked":["Black Star","White Beast Statue"],"picked":"Astrolabe"}],"items_purged_floors":[12,47],"is_endless":false,"potions_floor_spawned":[1,5,8,11,21,25,31,35,48],"ascension_level":15}