{"gold_per_floor":[109,121,140,154,173,173,190,205,205,205,215,230,69,95,95,167,167,179,17,17,17,32,32,51,51,51,63,105,117,129,154,166,256,268,300,312,214,241,264,276,318,376,465,477,168,168,168],"floor_reached":47,"playtime":1574,"items_purged":["Strike_B","Parasite"],"score":954,"play_id":"30a6801b-3f74-4e5e-9099-4a87f8a6ac52","local_time":"20190530163007","is_ascension_mode":true,"campfire_choices":[{"data":"Conserve Battery","floor":6,"key":"SMITH"},{"data":"Dualcast","floor":10,"key":"SMITH"},{"data":"Defragment","floor":15,"key":"SMITH"},{"floor":23,"key":"REST"},{"floor":25,"key":"REST"},{"floor":27,"key":"REST"},{"floor":32,"key":"REST"},{"floor":40,"key":"REST"},{"floor":46,"key":"REST"}],"neow_cost":"NONE","seed_source_timestamp":326090851800000,"circlet_count":0,"master_deck":["AscendersBane","Strike_B+1","Strike_B+1","Defend_B+1","Defend_B+1","Defend_B+1","Defend_B+1","Zap+1","Dualcast+1","Rebound","Undo+1","Cold Snap","Sunder","Conserve Battery+1","All For One","White Noise","Defragment+1","Electrodynamics","Force Field","Loop","Necronomicurse","Heatsinks","Reprogram","Doom and Gloom","Stack+1","Fission","Stack+1","Hello World+1","Hologram","White Noise"],"relics":["Cracked Core","Gremlin Horn","Calipers","Black Star","Necronomicon","MawBank","Bag of Marbles","Bottled Lightning","Nuclear Battery","Cables","Centennial Puzzle","Symbiotic Virus","Regal Pillow"],"potions_floor_usage":[8,14,14,18,33,33,47],"damage_taken":[{"damage":4,"enemies":"Small Slimes","floor":1,"turns":3},{"damage":2,"enemies":"2 Louse","floor":2,"turns":3},{"damage":0,"enemies":"Jaw Worm","floor":3,"turns":4},{"damage":7,"enemies":"Exordium Wildlife","floor":4,"turns":5},{"damage":2,"enemies":"3 Louse","floor":5,"turns":2},{"damage":0,"enemies":"Blue Slaver","floor":7,"turns":4},{"damage":0,"enemies":"Lots of Slimes","floor":8,"turns":1},{"damage":27,"enemies":"Exordium Thugs","floor":11,"turns":4},{"damage":4,"enemies":"Looter","floor":12,"turns":3},{"damage":32,"enemies":"Gremlin Nob","floor":14,"turns":4},{"damage":3,"enemies":"The Guardian","floor":16,"turns":10},{"damage":16,"enemies":"3 Byrds","floor":18,"turns":4},{"damage":17,"enemies":"Shell Parasite","floor":22,"turns":5},{"damage":7,"enemies":"Snecko","floor":24,"turns":3},{"damage":35,"enemies":"Gremlin Leader","floor":28,"turns":5},{"damage":0,"enemies":"Snake Plant","floor":31,"turns":2},{"damage":25,"enemies":"Collector","floor":33,"turns":8},{"damage":36,"enemies":"3 Darklings","floor":35,"turns":4},{"damage":0,"enemies":"3 Shapes","floor":38,"turns":4},{"damage":20,"enemies":"Writhing Mass","floor":39,"turns":8},{"damage":38,"enemies":"Nemesis","floor":41,"turns":11},{"damage":52,"enemies":"Transient","floor":47,"turns":6}],"seed_played":"-2714696651306893148","potions_obtained":[{"floor":1,"key":"Explosive Potion"},{"floor":5,"key":"Dexterity Potion"},{"floor":12,"key":"SneckoOil"},{"floor":16,"key":"Block Potion"},{"floor":24,"key":"Poison Potion"},{"floor":31,"key":"Regen Potion"},{"floor":39,"key":"Explosive Potion"}],"is_trial":false,"path_per_floor":["M","M","M","M","M","R","M","M","T","R","M","M","$","E","R","B",null,"M","$","?","?","M","R","M","R","T","R","E","?","$","M","R","B",null,"M","?","?","M","M","R","E","T","T","?","$","R","M"],"character_chosen":"DEFECT","items_purchased":["Regen Potion","Regen Potion","Loop","Regal Pillow","Dexterity Potion"],"campfire_rested":6,"item_purchase_floors":[13,13,19,45,45],"current_hp_per_floor":[60,58,58,51,49,49,49,49,49,49,22,18,18,13,13,10,56,40,40,19,19,2,23,16,37,37,58,23,23,23,23,44,34,62,26,58,58,58,38,55,17,17,17,17,17,48,0],"gold":168,"neow_bonus":"UPGRADE_CARD","is_prod":false,"is_daily":false,"chose_seed":false,"campfire_upgraded":3,"win_rate":0,"timestamp":1559201407,"path_taken":["M","M","M","M","M","R","M","M","T","R","M","M","$","E","R","BOSS","M","$","?","?","M","R","M","R","T","R","E","?","?","?","R","BOSS","M","?","?","?","M","R","E","?","T","?","$","R","M"],"build_version":"2019-01-23","purchased_purges":2,"victory":false,"max_hp_per_floor":[71,71,71,71,71,71,71,71,71,71,71,71,71,71,71,71,71,71,71,71,71,71,71,71,71,71,71,71,71,71,71,71,71,71,71,58,58,58,58,58,58,58,58,58,55,55,55],"card_choices":[{"not_picked":["Static Discharge","Beam Cell"],"picked":"Rebound","floor":1},{"not_picked":["Aggregate","Coolheaded"],"picked":"Undo","floor":2},{"not_picked":["Double Energy","Undo"],"picked":"Cold Snap","floor":3},{"not_picked":["Fusion","Go for the Eyes"],"picked":"Sunder","floor":4},{"not_picked":["Tempest","Leap"],"picked":"Conserve Battery","floor":5},{"not_picked":["Chill","Tempest"],"picked":"Streamline","floor":7},{"not_picked":["Chill","Conserve Battery"],"picked":"All For One","floor":8},{"not_picked":["Leap","Chaos"],"picked":"White Noise","floor":11},{"not_picked":["Sunder","Sweeping Beam"],"picked":"Defragment","floor":12},{"not_picked":["Compile Driver","Turbo","Sweeping Beam"],"picked":"SKIP","floor":14},{"not_picked":["Compile Driver","Turbo","Sweeping Beam"],"picked":"SKIP","floor":14},{"not_picked":["Amplify","Buffer"],"picked":"Electrodynamics","floor":16},{"not_picked":["Fusion","Coolheaded"],"picked":"Force Field","floor":18},{"not_picked":["Skim","Rebound"],"picked":"Heatsinks","floor":22},{"not_picked":["Hello World","Redo","Reprogram"],"picked":"SKIP","floor":24},{"not_picked":["Hello World","Redo"],"picked":"Reprogram","floor":24},{"not_picked":["Chill","Capacitor"],"picked":"Doom and Gloom","floor":28},{"not_picked":["Hologram","Turbo"],"picked":"Stack+1","floor":31},{"not_picked":["Reboot","Seek"],"picked":"Fission","floor":33},{"not_picked":["Go for the Eyes","Recycle+1"],"picked":"Stack+1","floor":35},{"not_picked":["Steam Power+1","Melter"],"picked":"Hello World+1","floor":38},{"not_picked":["Sweeping Beam","Rebound"],"picked":"Hologram","floor":39},{"not_picked":["Turbo","Sweeping Beam"],"picked":"White Noise","floor":41}],"player_experience":5215571,"relics_obtained":[{"floor":9,"key":"Gremlin Horn"},{"floor":14,"key":"Calipers"},{"floor":20,"key":"Necronomicon"},{"floor":26,"key":"MawBank"},{"floor":28,"key":"Bag of Marbles"},{"floor":28,"key":"Bottled Lightning"},{"floor":41,"key":"Cables"},{"floor":41,"key":"Centennial Puzzle"},{"floor":43,"key":"Symbiotic Virus"}],"event_choices":[{"damage_healed":0,"gold_gain":0,"player_choice":"Obtained Book","damage_taken":21,"max_hp_gain":0,"max_hp_loss":0,"event_name":"Cursed Tome","floor":20,"gold_loss":0},{"damage_healed":0,"gold_gain":0,"player_choice":"Simplicity","damage_taken":0,"max_hp_gain":0,"max_hp_loss":0,"event_name":"Back to Basics","floor":21,"gold_loss":0,"cards_upgraded":["Strike_B","Strike_B","Strike_B","Defend_B","Defend_B","Defend_B","Defend_B"]},{"damage_healed":0,"gold_gain":0,"player_choice":"Ignored","damage_taken":0,"max_hp_gain":0,"max_hp_loss":0,"event_name":"The Mausoleum","floor":29,"gold_loss":0},{"damage_healed":58,"gold_gain":0,"player_choice":"Heal","damage_taken":0,"max_hp_gain":0,"max_hp_loss":13,"event_name":"The Moai Head","floor":36,"gold_loss":0},{"cards_removed":["Strike_B"],"damage_healed":0,"gold_gain":0,"player_choice":"Upgrade and Remove","damage_taken":0,"max_hp_gain":0,"max_hp_loss":0,"event_name":"Designer","floor":37,"gold_loss":110,"cards_upgraded":["Undo"]},{"cards_removed":["Streamline"],"damage_healed":0,"gold_gain":0,"player_choice":"Removed Attack","damage_taken":0,"max_hp_gain":0,"max_hp_loss":0,"event_name":"Falling","floor":44,"gold_loss":0}],"is_beta":false,"boss_relics":[{"not_picked":["Tiny House","Orrery"],"picked":"Black Star"},{"not_picked":["Velvet Choker","Coffee Dripper"],"picked":"Nuclear Battery"}],"items_purged_floors":[19,45],"is_endless":false,"potions_floor_spawned":[1,5,12,16,24,31,39],"killed_by":"Transient","ascension_level":20}