{"gold_per_floor":[13,25,25,39,58,58,70,95,95,95,112,112,112,142,142,142],"floor_reached":16,"playtime":830,"items_purged":[],"score":189,"play_id":"12ced44c-a699-485d-bbbd-447728d4208f","local_time":"20190513010408","is_ascension_mode":true,"campfire_choices":[{"data":"Entrench","floor":6,"key":"SMITH"},{"data":"Bash","floor":10,"key":"SMITH"},{"data":"Body Slam","floor":13,"key":"SMITH"},{"data":"Body Slam","floor":15,"key":"SMITH"}],"neow_cost":"NO_GOLD","seed_source_timestamp":1411802084617813,"circlet_count":0,"master_deck":["AscendersBane","Strike_R","Strike_R","Strike_R","Strike_R","Defend_R","Defend_R","Defend_R","Defend_R","Bash+1","Shrug It Off","Entrench+1","Twin Strike","Power Through","Rage","Feel No Pain","Body Slam+1","Body Slam+1"],"relics":["Burning Blood","Odd Mushroom","Matryoshka","Meat on the Bone"],"potions_floor_usage":[8,14,16],"damage_taken":[{"damage":5,"enemies":"Small Slimes","floor":1,"turns":5},{"damage":18,"enemies":"Jaw Worm","floor":2,"turns":6},{"damage":0,"enemies":"2 Louse","floor":4,"turns":3},{"damage":2,"enemies":"2 Fungi Beasts","floor":5,"turns":4},{"damage":16,"enemies":"Exordium Wildlife","floor":7,"turns":5},{"damage":1,"enemies":"The Mushroom Lair","floor":8,"turns":5},{"damage":0,"enemies":"Blue Slaver","floor":11,"turns":6},{"damage":16,"enemies":"3 Sentries","floor":14,"turns":14},{"damage":68,"enemies":"Slime Boss","floor":16,"turns":11}],"seed_played":"-201586149017475600","potions_obtained":[{"floor":4,"key":"Explosive Potion"},{"floor":11,"key":"LiquidBronze"},{"floor":14,"key":"Poison Potion"}],"is_trial":false,"path_per_floor":["M","M","?","M","M","R","M","?","T","R","M","?","R","E","R","B"],"character_chosen":"IRONCLAD","items_purchased":[],"campfire_rested":0,"item_purchase_floors":[],"current_hp_per_floor":[83,71,64,70,74,74,64,69,69,69,75,75,75,65,65,0],"gold":142,"neow_bonus":"TWENTY_PERCENT_HP_BONUS","is_prod":false,"is_daily":false,"chose_seed":false,"campfire_upgraded":4,"win_rate":0,"timestamp":1557677048,"path_taken":["M","M","?","M","M","R","M","?","T","R","M","?","R","E","R","BOSS"],"build_version":"2019-05-07","purchased_purges":0,"victory":false,"max_hp_per_floor":[89,89,89,89,89,89,89,89,89,89,89,89,89,89,89,89],"card_choices":[{"not_picked":["Headbutt","Sword Boomerang"],"picked":"Shrug It Off","floor":1},{"not_picked":["Anger","Rupture"],"picked":"Entrench","floor":2},{"not_picked":["Sword Boomerang","Dual Wield"],"picked":"Twin Strike","floor":4},{"not_picked":["Sever Soul","Wild Strike"],"picked":"Power Through","floor":5},{"not_picked":["Fire Breathing","Thunderclap"],"picked":"Rage","floor":7},{"not_picked":["Sentinel","Spot Weakness"],"picked":"Feel No Pain","floor":8},{"not_picked":["Anger","Sever Soul"],"picked":"Body Slam","floor":11},{"not_picked":["Rage","Pommel Strike"],"picked":"Body Slam","floor":14}],"player_experience":3209570,"relics_obtained":[{"floor":8,"key":"Odd Mushroom"},{"floor":9,"key":"Matryoshka"},{"floor":14,"key":"Meat on the Bone"}],"event_choices":[{"cards_removed":["Strike_R"],"damage_healed":0,"gold_gain":0,"player_choice":"Card Removal","damage_taken":7,"max_hp_gain":0,"max_hp_loss":0,"event_name":"Golden Wing","floor":3,"gold_loss":0},{"damage_healed":0,"gold_gain":0,"player_choice":"Fought Mushrooms","damage_taken":0,"max_hp_gain":0,"max_hp_loss":0,"event_name":"Mushrooms","floor":8,"gold_loss":0},{"damage_healed":0,"gold_gain":0,"player_choice":"Ignored","damage_taken":0,"max_hp_gain":0,"max_hp_loss":0,"event_name":"Liars Game","floor":12,"gold_loss":0}],"is_beta":true,"boss_relics":[],"items_purged_floors":[],"is_endless":false,"potions_floor_spawned":[4,11,14],"killed_by":"Slime Boss","ascension_level":17}