{"gold_per_floor":[113,130,18,18,38,64,64,95,95,95,109,120,138,103,103,207,207,227,227,227,242,255,255,255],"floor_reached":24,"playtime":1188,"items_purged":["Strike_R"],"score":302,"play_id":"6f23069e-a3cc-43f3-ab47-656b4aca03b6","local_time":"20190602223250","is_ascension_mode":true,"campfire_choices":[{"floor":7,"key":"REST"},{"floor":10,"key":"REST"},{"data":"Spot Weakness","floor":15,"key":"SMITH"},{"floor":23,"key":"REST"}],"neow_cost":"PERCENT_DAMAGE","seed_source_timestamp":183089298750841,"circlet_count":0,"master_deck":["Strike_R","Strike_R","Defend_R","Defend_R","Defend_R","Bash","Reckless Charge","Wild Strike","Spot Weakness+1","Reckless Charge","Disarm","Shrug It Off","Offering","Demon Form","Feel No Pain","Inflame"],"relics":["Burning Blood","Mercury Hourglass","Kunai","Shuriken","Cursed Key"],"potions_floor_usage":[16,16,24],"damage_taken":[{"damage":1,"enemies":"Cultist","floor":1,"turns":3},{"damage":2,"enemies":"Jaw Worm","floor":2,"turns":3},{"damage":1,"enemies":"2 Louse","floor":5,"turns":2},{"damage":45,"enemies":"3 Sentries","floor":6,"turns":9},{"damage":28,"enemies":"Lagavulin","floor":8,"turns":5},{"damage":21,"enemies":"Exordium Thugs","floor":11,"turns":3},{"damage":5,"enemies":"Blue Slaver","floor":12,"turns":2},{"damage":0,"enemies":"2 Fungi Beasts","floor":13,"turns":2},{"damage":24,"enemies":"The Guardian","floor":16,"turns":8},{"damage":12,"enemies":"Chosen","floor":18,"turns":3},{"damage":11,"enemies":"3 Byrds","floor":21,"turns":4},{"damage":22,"enemies":"Centurion and Healer","floor":22,"turns":7},{"damage":81,"enemies":"Slavers","floor":24,"turns":4}],"seed_played":"5183427293205928024","potions_obtained":[{"floor":1,"key":"GamblersBrew"},{"floor":8,"key":"GamblersBrew"},{"floor":12,"key":"Weak Potion"},{"floor":22,"key":"SkillPotion"}],"is_trial":false,"path_per_floor":["M","M","$","?","M","E","R","E","T","R","M","M","M","?","R","B",null,"M","?","?","M","M","R","E"],"character_chosen":"IRONCLAD","items_purchased":["Spot Weakness"],"campfire_rested":3,"item_purchase_floors":[3],"current_hp_per_floor":[56,60,60,60,65,26,50,28,28,52,37,38,44,64,64,46,72,66,66,66,61,45,69,0],"gold":255,"neow_bonus":"REMOVE_TWO","is_prod":false,"is_daily":false,"chose_seed":false,"campfire_upgraded":1,"win_rate":0,"timestamp":1559529170,"path_taken":["M","M","$","?","M","E","R","E","T","R","M","M","M","?","R","BOSS","M","?","?","?","M","R","E"],"build_version":"2019-01-23","purchased_purges":1,"victory":false,"max_hp_per_floor":[80,80,80,80,80,80,80,80,80,80,80,80,80,80,80,80,80,80,80,80,80,80,80,80],"card_choices":[{"not_picked":["Seeing Red","Headbutt"],"picked":"Reckless Charge","floor":1},{"not_picked":["Flex","True Grit"],"picked":"Wild Strike","floor":2},{"not_picked":["Perfected Strike","Clash"],"picked":"Reckless Charge","floor":5},{"not_picked":["Seeing Red","Rampage"],"picked":"Disarm","floor":6},{"not_picked":["Entrench","Sword Boomerang"],"picked":"Shrug It Off","floor":8},{"not_picked":["Flex","Seeing Red","Rupture"],"picked":"SKIP","floor":11},{"not_picked":["Sword Boomerang","Second Wind","Uppercut"],"picked":"SKIP","floor":12},{"not_picked":["Shrug It Off","Carnage"],"picked":"Offering","floor":13},{"not_picked":["Immolate","Barricade"],"picked":"Demon Form","floor":16},{"not_picked":["Headbutt+1","Power Through"],"picked":"Feel No Pain","floor":18},{"not_picked":["True Grit","Perfected Strike","Fire Breathing"],"picked":"SKIP","floor":21},{"not_picked":["Warcry+1","Heavy Blade+1"],"picked":"Inflame","floor":22}],"player_experience":371388,"relics_obtained":[{"floor":6,"key":"Mercury Hourglass"},{"floor":8,"key":"Kunai"},{"floor":9,"key":"Shuriken"}],"event_choices":[{"cards_removed":["Strike_R"],"damage_healed":0,"gold_gain":0,"player_choice":"Forget","damage_taken":0,"max_hp_gain":0,"max_hp_loss":0,"event_name":"Living Wall","floor":4,"gold_loss":0},{"damage_healed":20,"gold_gain":0,"player_choice":"Healed","damage_taken":0,"max_hp_gain":0,"max_hp_loss":0,"event_name":"The Cleric","floor":14,"gold_loss":35},{"damage_healed":0,"gold_gain":0,"player_choice":"Ignored","damage_taken":0,"max_hp_gain":0,"max_hp_loss":0,"event_name":"Cursed Tome","floor":19,"gold_loss":0},{"damage_healed":0,"gold_gain":0,"player_choice":"Ignored","damage_taken":0,"max_hp_gain":0,"max_hp_loss":0,"event_name":"Vampires","floor":20,"gold_loss":0}],"is_beta":false,"boss_relics":[{"not_picked":["Coffee Dripper","Runic Cube"],"picked":"Cursed Key"}],"items_purged_floors":[3],"is_endless":false,"potions_floor_spawned":[1,8,12,22],"killed_by":"Slavers","ascension_level":9}