{"gold_per_floor":[109,139,152,168,65,65,79,79,102,122,122,122,122,155,155,155],"floor_reached":16,"playtime":698,"items_purged":["Regret"],"score":200,"play_id":"a77d543c-8c83-4a7e-95a8-4c38b20852a0","local_time":"20190411170501","is_ascension_mode":true,"campfire_choices":[{"data":"True Grit","floor":6.0,"key":"SMITH"},{"floor":8.0,"key":"REST"},{"floor":12,"key":"REST"},{"data":"Pommel Strike","floor":13,"key":"SMITH"},{"data":"Shrug It Off","floor":15,"key":"SMITH"}],"neow_cost":"PERCENT_DAMAGE","seed_source_timestamp":3687438794197450,"circlet_count":0,"master_deck":["AscendersBane","Strike_R","Strike_R","Strike_R","Strike_R","Strike_R","Defend_R","Defend_R+1","Defend_R","Defend_R+1","Bash","True Grit+1","Pommel Strike+1","Pommel Strike","Shrug It Off+1","Shockwave","Parasite","Perfected Strike"],"special_seed":0,"relics":["Burning Blood","WingedGreaves","Tiny Chest","Lantern","War Paint"],"potions_floor_usage":[14],"damage_taken":[{"damage":1.0,"enemies":"2 Louse","floor":1.0,"turns":3.0},{"damage":16.0,"enemies":"Small Slimes","floor":3.0,"turns":6.0},{"damage":17.0,"enemies":"Jaw Worm","floor":4.0,"turns":4.0},{"damage":21.0,"enemies":"Gremlin Gang","floor":7.0,"turns":9.0},{"damage":30.0,"enemies":"Exordium Wildlife","floor":10.0,"turns":8.0},{"damage":29,"enemies":"Gremlin Nob","floor":14,"turns":4},{"damage":36,"enemies":"The Guardian","floor":16,"turns":11}],"seed_played":"-7725536407558963410","potions_obtained":[{"floor":1.0,"key":"Block Potion"},{"floor":7.0,"key":"Strength Potion"}],"is_trial":false,"path_per_floor":["M","?","M","M","$","R","M","R","T","M","?","R","R","E","R","B"],"character_chosen":"IRONCLAD","items_purchased":["Shrug It Off"],"campfire_rested":2,"item_purchase_floors":[5],"current_hp_per_floor":[55,55,45,34,34,34,19,41,41,17,35,57,57,34,34,0],"gold":155,"neow_bonus":"ONE_RARE_RELIC","is_prod":false,"is_daily":false,"chose_seed":false,"campfire_upgraded":3,"win_rate":0,"timestamp":1554969901,"path_taken":["M","?","M","M","$","R","M","R","T","M","?","R","R","E","R","BOSS"],"build_version":"2019-04-04","purchased_purges":1,"victory":false,"max_hp_per_floor":[75,75,75,75,75,75,75,75,75,75,75,75,75,75,75,75],"card_choices":[{"not_picked":["Sentinel","Heavy Blade"],"picked":"True Grit","floor":1.0},{"not_picked":["Armaments","Searing Blow"],"picked":"Pommel Strike","floor":3.0},{"not_picked":["Thunderclap","Warcry"],"picked":"Pommel Strike","floor":4.0},{"not_picked":["Wild Strike","Iron Wave"],"picked":"Shockwave","floor":7.0},{"not_picked":["Pommel Strike","Fire Breathing","Heavy Blade"],"picked":"SKIP","floor":10.0},{"not_picked":["Heavy Blade","Sword Boomerang"],"picked":"Perfected Strike","floor":14}],"player_experience":2890226,"relics_obtained":[{"floor":9.0,"key":"Lantern"},{"floor":14,"key":"War Paint"}],"event_choices":[{"damage_healed":0.0,"max_hp_gain":0.0,"max_hp_loss":0.0,"gold_gain":0.0,"event_name":"Big Fish","player_choice":"Box","floor":2.0,"gold_loss":0.0,"damage_taken":0.0,"relics_obtained":["Tiny Chest"],"cards_obtained":["Regret"]},{"damage_healed":18,"gold_gain":0,"player_choice":"Healed and dodged fight","damage_taken":0,"max_hp_gain":0,"max_hp_loss":0,"event_name":"Mushrooms","floor":11,"gold_loss":0,"cards_obtained":["Parasite"]}],"is_beta":true,"boss_relics":[],"items_purged_floors":[5],"is_endless":false,"potions_floor_spawned":[1,7],"killed_by":"The Guardian","ascension_level":20}