{"gold_per_floor":[12,30,44,62,112,112,125,125,149,182,182,209,223,248,248,322,322,336,336,336,350,370,370,386,386,386,27,27,55,55,68,68,146,146,166,166,178,78,92,92],"floor_reached":40,"playtime":3952,"items_purged":["Strike_G","Pain"],"score":888,"play_id":"d621850a-ec56-4cd5-b6ca-da48a6ad970a","local_time":"20190516002114","is_ascension_mode":true,"campfire_choices":[{"data":"Cloak And Dagger","floor":6.0,"key":"SMITH"},{"data":"Neutralize","floor":8.0,"key":"SMITH"},{"data":"Terror","floor":11.0,"key":"SMITH"},{"data":"Caltrops","floor":15.0,"key":"SMITH"},{"data":"Well Laid Plans","floor":23.0,"key":"SMITH"},{"floor":25.0,"key":"REST"},{"data":"Backstab","floor":30.0,"key":"SMITH"},{"floor":32.0,"key":"REST"}],"neow_cost":"NO_GOLD","seed_source_timestamp":1665216992135931,"circlet_count":0,"master_deck":["AscendersBane","Defend_G","Defend_G","Defend_G","Defend_G","Defend_G","Strike_G","Survivor","Neutralize+1","Blur","Accuracy","Terror+1","Well Laid Plans+1","Cloak And Dagger+1","Predator","Caltrops+1","Flying Knee","Leg Sweep","Backflip","Backstab+1","Corpse Explosion","PiercingWail","Deflect","Leg Sweep","Backstab","Blur","Caltrops","PiercingWail","A Thousand Cuts","Caltrops","Enlightenment","Purity","Backflip+1","Infinite Blades"],"special_seed":0,"relics":["Ring of the Serpent","Strawberry","PreservedInsect","Oddly Smooth Stone","Meat on the Bone","Lantern","WarpedTongs","Matryoshka","White Beast Statue"],"potions_floor_usage":[],"damage_taken":[{"damage":0.0,"enemies":"Jaw Worm","floor":1.0,"turns":8.0},{"damage":8.0,"enemies":"Cultist","floor":2.0,"turns":5.0},{"damage":1.0,"enemies":"2 Louse","floor":3.0,"turns":6.0},{"damage":10.0,"enemies":"Gremlin Gang","floor":4.0,"turns":8.0},{"damage":0.0,"enemies":"Blue Slaver","floor":7.0,"turns":3.0},{"damage":6.0,"enemies":"3 Sentries","floor":10.0,"turns":11.0},{"damage":10.0,"enemies":"Lagavulin","floor":12.0,"turns":5.0},{"damage":6.0,"enemies":"Lots of Slimes","floor":13.0,"turns":5.0},{"damage":3.0,"enemies":"Gremlin Nob","floor":14.0,"turns":4.0},{"damage":0.0,"enemies":"Hexaghost","floor":16.0,"turns":9.0},{"damage":6.0,"enemies":"Shell Parasite","floor":18.0,"turns":6.0},{"damage":0.0,"enemies":"Chosen","floor":20.0,"turns":3.0},{"damage":16.0,"enemies":"Centurion and Healer","floor":21.0,"turns":17.0},{"damage":4.0,"enemies":"Shelled Parasite and Fungi","floor":22.0,"turns":8.0},{"damage":13.0,"enemies":"Snecko","floor":24.0,"turns":7.0},{"damage":13.0,"enemies":"Gremlin Leader","floor":29.0,"turns":8.0},{"damage":9.0,"enemies":"Cultist and Chosen","floor":31.0,"turns":10.0},{"damage":47.0,"enemies":"Champ","floor":33.0,"turns":20.0},{"damage":13.0,"enemies":"3 Darklings","floor":35.0,"turns":5.0},{"damage":5.0,"enemies":"Orb Walker","floor":37.0,"turns":5.0},{"damage":0,"enemies":"3 Darklings","floor":39,"turns":3},{"damage":54,"enemies":"Nemesis","floor":40,"turns":3}],"seed_played":"4569250292857820542","potions_obtained":[{"floor":4.0,"key":"Strength Potion"},{"floor":7.0,"key":"Dexterity Potion"},{"floor":12.0,"key":"SpeedPotion"},{"floor":14.0,"key":"Regen Potion"},{"floor":18.0,"key":"SmokeBomb"},{"floor":21.0,"key":"SkillPotion"},{"floor":31.0,"key":"Energy Potion"},{"floor":35.0,"key":"Ancient Potion"},{"floor":37.0,"key":"Ancient Potion"}],"is_trial":false,"path_per_floor":["M","M","M","M","?","R","M","R","T","E","R","E","M","E","R","B",null,"M","?","M","M","M","R","M","R","T","$","?","E","R","M","R","B",null,"M","?","M","$","M","E"],"character_chosen":"THE_SILENT","items_purchased":["Blur","Lantern","Caltrops"],"campfire_rested":2,"item_purchase_floors":[27,27,27],"current_hp_per_floor":[59,51,50,40,40,40,40,40,40,41,41,31,25,22,22,37,64,58,58,58,42,38,38,25,46,46,46,46,45,45,48,69,34,63,50,40,47,47,47,0],"gold":92,"neow_bonus":"TRANSFORM_TWO_CARDS","is_prod":false,"is_daily":false,"chose_seed":false,"campfire_upgraded":6,"win_rate":0,"timestamp":1557933674,"path_taken":["M","M","M","M","?","R","?","R","T","E","R","E","M","E","R","BOSS","M","?","M","?","M","R","M","R","T","$","?","E","R","?","R","BOSS","M","?","M","$","M","E"],"build_version":"2019-05-07","purchased_purges":2,"victory":false,"max_hp_per_floor":[66,66,66,66,66,66,66,66,66,73,73,73,73,73,73,73,73,73,73,73,73,73,73,73,73,73,73,73,73,73,73,73,73,73,73,73,73,73,73,73],"card_choices":[{"not_picked":["PiercingWail","Prepared"],"picked":"Terror","floor":1.0},{"not_picked":["Flying Knee","Expertise"],"picked":"Well Laid Plans","floor":2.0},{"not_picked":["Deadly Poison","Bane"],"picked":"Cloak And Dagger","floor":3.0},{"not_picked":["Accuracy","Flechettes"],"picked":"Predator","floor":4.0},{"not_picked":["Concentrate","Calculated Gamble"],"picked":"Caltrops","floor":7.0},{"not_picked":["Sucker Punch","Bane"],"picked":"Flying Knee","floor":10.0},{"not_picked":["Crippling Poison","Dagger Throw"],"picked":"Leg Sweep","floor":12.0},{"not_picked":["Distraction","Tactician"],"picked":"Backflip","floor":13.0},{"not_picked":["Dagger Spray","Escape Plan"],"picked":"Backstab","floor":14.0},{"not_picked":["Malaise","Die Die Die"],"picked":"Corpse Explosion","floor":16.0},{"not_picked":["Flying Knee","Outmaneuver"],"picked":"PiercingWail","floor":18.0},{"not_picked":["Sucker Punch","Deadly Poison"],"picked":"Deflect","floor":21.0},{"not_picked":["Sucker Punch","Tactician"],"picked":"Leg Sweep","floor":22.0},{"not_picked":["Backflip+1","Dodge and Roll"],"picked":"Backstab","floor":24.0},{"not_picked":["Bouncing Flask","Acrobatics+1","Endless Agony"],"picked":"SKIP","floor":29.0},{"not_picked":["Flying Knee","Catalyst"],"picked":"PiercingWail","floor":31.0},{"not_picked":["Phantasmal Killer","Glass Knife"],"picked":"A Thousand Cuts","floor":33.0},{"not_picked":["Slice","Dodge and Roll"],"picked":"Caltrops","floor":35.0},{"not_picked":["Purity","PanicButton"],"picked":"Enlightenment","floor":36.0},{"not_picked":["Discovery","Transmutation"],"picked":"Purity","floor":36.0},{"not_picked":["Acrobatics","Setup"],"picked":"Backflip+1","floor":37.0},{"not_picked":["Acrobatics","Quick Slash"],"picked":"Infinite Blades","floor":39}],"player_experience":3252503,"relics_obtained":[{"floor":10.0,"key":"Strawberry"},{"floor":12.0,"key":"PreservedInsect"},{"floor":14.0,"key":"Oddly Smooth Stone"},{"floor":26.0,"key":"Meat on the Bone"},{"floor":29.0,"key":"Matryoshka"}],"event_choices":[{"damage_healed":0.0,"max_hp_gain":0.0,"max_hp_loss":0.0,"gold_gain":50.0,"event_name":"Golden Shrine","player_choice":"Pray","floor":5.0,"gold_loss":0.0,"damage_taken":0.0},{"cards_removed":["Strike_G"],"damage_healed":0.0,"max_hp_gain":0.0,"max_hp_loss":0.0,"gold_gain":0.0,"event_name":"Bonfire Elementals","player_choice":"Offered Basic","floor":19.0,"gold_loss":0.0,"damage_taken":0.0},{"damage_healed":0.0,"max_hp_gain":0.0,"max_hp_loss":0.0,"gold_gain":0.0,"event_name":"Accursed Blacksmith","player_choice":"Rummage","floor":28.0,"gold_loss":0.0,"damage_taken":0.0,"relics_obtained":["WarpedTongs"],"cards_obtained":["Pain"]},{"damage_healed":0.0,"max_hp_gain":0.0,"max_hp_loss":0.0,"gold_gain":0.0,"event_name":"SensoryStone","player_choice":"Memory 3","floor":36.0,"gold_loss":0.0,"damage_taken":10.0}],"is_beta":true,"boss_relics":[{"not_picked":["Snecko Eye","Lizard Tail"],"picked":"Ring of the Serpent"},{"not_picked":["Philosopher\u0027s Stone","Empty Cage"],"picked":"White Beast Statue"}],"items_purged_floors":[27,38],"is_endless":false,"potions_floor_spawned":[4,7,12,14,18,21,31,35,37,39],"killed_by":"Nemesis","ascension_level":17}