{"gold_per_floor":[113,133,150,166,126,126,19,19,66,76,76,86,101,113,113,113],"floor_reached":16,"playtime":435,"items_purged":[],"score":212,"play_id":"393089c6-5da2-47f5-8700-b0ad074fee57","local_time":"20190412014936","is_ascension_mode":true,"campfire_choices":[{"floor":8,"key":"REST"},{"data":"Lockon","floor":15,"key":"SMITH"}],"neow_cost":"NONE","seed_source_timestamp":7066972171100,"circlet_count":0,"master_deck":["AscendersBane","Strike_B","Strike_B","Strike_B","Strike_B","Defend_B","Defend_B","Defend_B","Defend_B","Zap","Dualcast","Fission","Barrage","Barrage","Biased Cognition","Coolheaded","Cold Snap","Ball Lightning","Lockon+1","Leap","Ball Lightning","Blizzard"],"special_seed":0,"relics":["Cracked Core"],"potions_floor_usage":[6,16,16],"damage_taken":[{"damage":0.0,"enemies":"2 Louse","floor":1.0,"turns":2.0},{"damage":7.0,"enemies":"Cultist","floor":2.0,"turns":4.0},{"damage":8.0,"enemies":"Jaw Worm","floor":3.0,"turns":6.0},{"damage":13.0,"enemies":"2 Fungi Beasts","floor":4.0,"turns":4.0},{"damage":0,"enemies":"3 Sentries","floor":6,"turns":1},{"damage":5,"enemies":"Looter","floor":10,"turns":3},{"damage":7,"enemies":"Blue Slaver","floor":12,"turns":3},{"damage":3,"enemies":"Exordium Thugs","floor":13,"turns":4},{"damage":14,"enemies":"3 Louse","floor":14,"turns":3},{"damage":33,"enemies":"Hexaghost","floor":16,"turns":9}],"seed_played":"4986019698031039687","potions_obtained":[{"floor":4.0,"key":"SteroidPotion"},{"floor":5.0,"key":"SmokeBomb"},{"floor":10,"key":"SkillPotion"}],"is_trial":false,"path_per_floor":["M","M","M","M","?","E","$","R","T","M","?","M","M","M","R","B"],"character_chosen":"DEFECT","items_purchased":["Cold Snap","Ball Lightning"],"campfire_rested":1,"item_purchase_floors":[7,7],"current_hp_per_floor":[64,57,49,36,36,36,36,57,57,52,52,45,42,28,28,0],"gold":113,"neow_bonus":"ONE_RANDOM_RARE_CARD","is_prod":false,"is_daily":false,"chose_seed":false,"campfire_upgraded":1,"win_rate":0,"timestamp":1555001376,"path_taken":["M","M","M","M","?","E","?","R","T","M","?","M","M","M","R","BOSS"],"build_version":"2019-01-23","purchased_purges":0,"victory":false,"max_hp_per_floor":[71,71,71,71,71,71,71,71,71,71,71,71,71,71,71,71],"card_choices":[{"not_picked":["Streamline","Double Energy"],"picked":"Barrage","floor":1.0},{"not_picked":["Streamline","Capacitor"],"picked":"Barrage","floor":2.0},{"not_picked":["Rebound","Sweeping Beam"],"picked":"Biased Cognition","floor":3.0},{"not_picked":["Auto Shields","FTL"],"picked":"Coolheaded","floor":4.0},{"not_picked":["Reprogram","Aggregate"],"picked":"Lockon","floor":10},{"not_picked":["Compile Driver","Gash"],"picked":"Leap","floor":12},{"not_picked":["Storm","Steam"],"picked":"Ball Lightning","floor":13},{"not_picked":["Leap","Self Repair"],"picked":"Blizzard","floor":14}],"player_experience":4760037,"relics_obtained":[],"event_choices":[{"damage_healed":0.0,"max_hp_gain":0.0,"max_hp_loss":0.0,"gold_gain":0.0,"event_name":"The Woman in Blue","player_choice":"Bought 3 Potions","floor":5.0,"gold_loss":0.0,"damage_taken":0.0},{"damage_healed":0,"gold_gain":0,"player_choice":"Ignored","damage_taken":0,"max_hp_gain":0,"max_hp_loss":0,"event_name":"Liars Game","floor":11,"gold_loss":0}],"is_beta":false,"boss_relics":[],"items_purged_floors":[],"is_endless":false,"potions_floor_spawned":[4,10,12,13,14],"killed_by":"Hexaghost","ascension_level":20}