{"gold_per_floor":[118,134,148,73,73,73,107,107,133,159,159,159,194,194,194,267,267,284,318,318],"floor_reached":20,"playtime":1048,"items_purged":["Strike_G"],"score":348,"play_id":"add692c7-ea19-4129-b48b-7a227d2606d4","local_time":"20190601165656","is_ascension_mode":true,"campfire_choices":[{"data":"Backflip","floor":6,"key":"SMITH"},{"data":"Bouncing Flask","floor":8,"key":"SMITH"},{"data":"Envenom","floor":11,"key":"SMITH"},{"floor":15,"key":"REST"}],"neow_cost":"NONE","seed_source_timestamp":508066486793388,"circlet_count":0,"master_deck":["AscendersBane","Defend_G","Defend_G","Defend_G","Defend_G","Defend_G","Strike_G","Strike_G","Strike_G","Survivor","Neutralize+1","Flying Knee","Backflip+1","Accuracy","Bouncing Flask+1","Envenom+1","Well Laid Plans","Parasite","Blade Dance","Bullet Time","Backflip"],"relics":["Ring of the Snake","Pen Nib","Blood Vial","Dodecahedron","StoneCalendar","Dream Catcher","Eternal Feather","Red Mask"],"potions_floor_usage":[10,13,19,19],"damage_taken":[{"damage":4,"enemies":"Small Slimes","floor":1,"turns":4},{"damage":0,"enemies":"2 Louse","floor":2,"turns":4},{"damage":0,"enemies":"Jaw Worm","floor":3,"turns":6},{"damage":28,"enemies":"3 Sentries","floor":7,"turns":17},{"damage":8,"enemies":"Lagavulin","floor":10,"turns":6},{"damage":19,"enemies":"3 Sentries","floor":13,"turns":7},{"damage":30,"enemies":"Hexaghost","floor":16,"turns":7},{"damage":33,"enemies":"Chosen","floor":18,"turns":6},{"damage":12,"enemies":"Masked Bandits","floor":19,"turns":3},{"damage":21,"enemies":"Spheric Guardian","floor":20,"turns":3}],"seed_played":"2531973701429708917","potions_obtained":[{"floor":1,"key":"Energy Potion"},{"floor":7,"key":"EssenceOfSteel"},{"floor":13,"key":"Explosive Potion"},{"floor":18,"key":"AttackPotion"}],"is_trial":false,"path_per_floor":["M","M","M","$","?","R","E","R","T","E","R","?","E","?","R","B",null,"M","?","M"],"character_chosen":"THE_SILENT","items_purchased":[],"campfire_rested":1,"item_purchase_floors":[],"current_hp_per_floor":[55,55,55,55,55,55,27,27,27,21,21,21,4,20,39,11,52,21,11,0],"gold":318,"neow_bonus":"UPGRADE_CARD","is_prod":false,"is_daily":false,"chose_seed":false,"campfire_upgraded":3,"win_rate":0,"timestamp":1559401016,"path_taken":["M","M","M","$","?","R","E","R","T","E","R","?","E","?","R","BOSS","M","?","M"],"build_version":"2019-01-23","purchased_purges":1,"victory":false,"max_hp_per_floor":[66,66,66,66,66,66,66,66,66,66,66,66,66,66,66,66,66,66,66,66],"card_choices":[{"not_picked":["Heel Hook","PiercingWail"],"picked":"Flying Knee","floor":1},{"not_picked":["Dagger Throw","Underhanded Strike","Outmaneuver"],"picked":"SKIP","floor":2},{"not_picked":["Prepared","Bane"],"picked":"Backflip","floor":3},{"not_picked":["Dagger Spray","Doppelganger"],"picked":"Bouncing Flask","floor":7},{"not_picked":["Dash","Accuracy"],"picked":"Envenom","floor":10},{"not_picked":["Acrobatics","Flying Knee"],"picked":"Well Laid Plans","floor":13},{"not_picked":["Dash","Flying Knee"],"picked":"Blade Dance","floor":15},{"not_picked":["Unload","Storm of Steel"],"picked":"Bullet Time","floor":16},{"not_picked":["Underhanded Strike+1","Slice","Choke"],"picked":"SKIP","floor":18},{"not_picked":["Dash","Concentrate"],"picked":"Backflip","floor":19}],"player_experience":648316,"relics_obtained":[{"floor":7,"key":"Pen Nib"},{"floor":9,"key":"Blood Vial"},{"floor":10,"key":"Dodecahedron"},{"floor":13,"key":"Dream Catcher"},{"floor":19,"key":"Red Mask"}],"event_choices":[{"damage_healed":0,"gold_gain":0,"cards_transformed":["Strike_G"],"player_choice":"Change","damage_taken":0,"max_hp_gain":0,"max_hp_loss":0,"event_name":"Living Wall","floor":5,"gold_loss":0,"cards_obtained":["Accuracy"]},{"damage_healed":0,"gold_gain":0,"player_choice":"Searched \u00271\u0027 times","damage_taken":0,"relics_obtained":["StoneCalendar"],"max_hp_gain":0,"max_hp_loss":0,"event_name":"Dead Adventurer","floor":12,"gold_loss":0},{"damage_healed":16,"gold_gain":0,"player_choice":"Healed and dodged fight","damage_taken":0,"max_hp_gain":0,"max_hp_loss":0,"event_name":"Mushrooms","floor":14,"gold_loss":0,"cards_obtained":["Parasite"]},{"damage_healed":0,"gold_gain":0,"player_choice":"Fought Bandits","damage_taken":0,"max_hp_gain":0,"max_hp_loss":0,"event_name":"Masked Bandits","floor":19,"gold_loss":0}],"is_beta":false,"boss_relics":[{"not_picked":["Tiny House","HoveringKite"],"picked":"Eternal Feather"}],"items_purged_floors":[4],"is_endless":false,"potions_floor_spawned":[1,7,13,18],"killed_by":"Spheric Guardian","ascension_level":17}