{"gold_per_floor":[13,26,43,57,67,67,67,67,92,92,117,54,67,78,78,182,182,199,212,112,27,46,46,0,0,0,0,0,11,11,11,11,108,108,127,139,14,60,460,460,104,104,104,31,31,31,46,46,46,46],"floor_reached":51,"playtime":3182,"items_purged":["Strike_G","Strike_G","Strike_G","Strike_G"],"score":643,"play_id":"89812e94-1802-4818-834d-66aab7e39588","local_time":"20181207180201","is_ascension_mode":false,"campfire_choices":[{"data":"Skewer","floor":6,"key":"SMITH"},{"data":"Neutralize","floor":8,"key":"SMITH"},{"floor":15,"key":"REST"},{"data":"Catalyst","floor":23,"key":"SMITH"},{"data":"Bouncing Flask","floor":25,"key":"SMITH"},{"data":"Backflip","floor":27,"key":"SMITH"},{"floor":30,"key":"REST"},{"data":"Bane","floor":32,"key":"SMITH"},{"data":"Outmaneuver","floor":40,"key":"SMITH"},{"floor":42,"key":"REST"},{"data":"Poisoned Stab","floor":46,"key":"SMITH"},{"floor":49,"key":"REST"}],"neow_cost":"NO_GOLD","seed_source_timestamp":444800739706599,"circlet_count":0,"master_deck":["Defend_G","Defend_G","Defend_G","Defend_G","Survivor+1","Neutralize+1","Underhanded Strike","Skewer+1","Dagger Throw","Poisoned Stab+1","Bouncing Flask+1","Backflip+1","Outmaneuver+1","Burst","Distraction+1","Catalyst+1","Bane+1","Distraction+1","Slice+1","Backstab","Madness","Madness"],"relics":["Ring of the Serpent","Bronze Scales","MawBank","Juzu Bracelet","Dodecahedron","Busted Crown","Tough Bandages","Old Coin","TwistedFunnel","Dream Catcher"],"potions_floor_usage":[11,33,38],"damage_taken":[{"damage":4,"enemies":"Cultist","floor":1,"turns":4},{"damage":1,"enemies":"2 Louse","floor":2,"turns":4},{"damage":0,"enemies":"Jaw Worm","floor":3,"turns":3},{"damage":5,"enemies":"3 Louse","floor":4,"turns":4},{"damage":7,"enemies":"Large Slime","floor":5,"turns":8},{"damage":21,"enemies":"Lagavulin","floor":11,"turns":4},{"damage":0,"enemies":"Blue Slaver","floor":13,"turns":2},{"damage":0,"enemies":"2 Fungi Beasts","floor":14,"turns":3},{"damage":21,"enemies":"The Guardian","floor":16,"turns":7},{"damage":0,"enemies":"3 Byrds","floor":18,"turns":4},{"damage":0,"enemies":"Shell Parasite","floor":19,"turns":5},{"damage":0,"enemies":"Snake Plant","floor":22,"turns":4},{"damage":6,"enemies":"Cultist and Chosen","floor":29,"turns":5},{"damage":52,"enemies":"Champ","floor":33,"turns":9},{"damage":0,"enemies":"Orb Walker","floor":35,"turns":3},{"damage":1,"enemies":"3 Shapes","floor":36,"turns":6},{"damage":32,"enemies":"2 Orb Walkers","floor":38,"turns":6},{"damage":0,"enemies":"Mind Bloom Boss Battle","floor":39,"turns":5},{"damage":0,"enemies":"Spire Growth","floor":47,"turns":2},{"damage":87,"enemies":"Donu and Deca","floor":50,"turns":8}],"seed_played":"-8798445501317554862","potions_obtained":[{"floor":3,"key":"FearPotion"},{"floor":11,"key":"SmokeBomb"},{"floor":13,"key":"Swift Potion"},{"floor":16,"key":"FairyPotion"},{"floor":33,"key":"GamblersBrew"},{"floor":38,"key":"SteroidPotion"}],"is_trial":false,"path_per_floor":["M","M","M","M","M","R","?","R","T","?","E","$","M","M","R","B",null,"M","M","$","?","M","R","?","R","T","R","?","M","R","$","R","B",null,"M","M","$","?","?","R","$","R","T","$","?","R","M","?","R","B",null],"character_chosen":"THE_SILENT","items_purchased":["TwistedFunnel","Backstab"],"campfire_rested":4,"item_purchase_floors":[41,44],"current_hp_per_floor":[66,65,65,60,53,53,53,53,53,53,32,32,32,32,53,32,70,70,70,70,70,70,70,70,70,70,70,70,64,70,70,70,18,70,70,69,69,37,37,37,37,58,58,58,58,58,58,49,70,7],"gold":46,"neow_bonus":"REMOVE_TWO","is_prod":false,"is_daily":false,"chose_seed":false,"campfire_upgraded":8,"win_rate":0,"timestamp":1544173321,"path_taken":["M","M","M","M","M","R","?","R","T","?","E","$","M","M","R","BOSS","M","M","$","?","M","R","?","R","T","R","?","M","R","$","R","BOSS","M","M","$","?","?","R","$","R","T","$","?","R","M","?","R","BOSS"],"build_version":"2018-12-06","purchased_purges":4,"victory":true,"max_hp_per_floor":[70,70,70,70,70,70,70,70,70,70,70,70,70,70,70,70,70,70,70,70,70,70,70,70,70,70,70,70,70,70,70,70,70,70,70,70,70,70,70,70,70,70,70,70,70,70,70,70,70,70],"card_choices":[{"not_picked":["Acrobatics","Calculated Gamble","Footwork"],"picked":"SKIP","floor":1},{"not_picked":["Backflip","Tactician"],"picked":"Underhanded Strike","floor":2},{"not_picked":["Envenom","Backflip"],"picked":"Skewer","floor":3},{"not_picked":["Distraction","Slice"],"picked":"Dagger Throw","floor":4},{"not_picked":["Blade Dance","Dagger Spray"],"picked":"Poisoned Stab","floor":5},{"not_picked":["Endless Agony","Deadly Poison"],"picked":"Bouncing Flask","floor":11},{"not_picked":["Dagger Throw","Crippling Poison"],"picked":"Backflip","floor":13},{"not_picked":["Calculated Gamble","Endless Agony"],"picked":"Outmaneuver","floor":14},{"not_picked":["Adrenaline","Doppelganger"],"picked":"Burst","floor":16},{"not_picked":["Expertise+1","Caltrops","Underhanded Strike"],"picked":"SKIP","floor":18},{"not_picked":["Sucker Punch+1","Dodge and Roll"],"picked":"Distraction+1","floor":19},{"not_picked":["Dodge and Roll","Riddle With Holes"],"picked":"Catalyst","floor":22},{"not_picked":["Bouncing Flask","Deflect","Quick Slash"],"picked":"SKIP","floor":29},{"not_picked":["Endless Agony"],"picked":"SKIP","floor":35},{"not_picked":[],"picked":"Distraction+1","floor":36},{"not_picked":[],"picked":"Slice+1","floor":38},{"not_picked":[],"picked":"Footwork+1","floor":39},{"not_picked":["Bane"],"picked":"SKIP","floor":47}],"player_experience":139191,"relics_obtained":[{"floor":9,"key":"Bronze Scales"},{"floor":11,"key":"MawBank"},{"floor":26,"key":"Dodecahedron"},{"floor":38,"key":"Tough Bandages"},{"floor":39,"key":"Old Coin"},{"floor":43,"key":"Dream Catcher"}],"event_choices":[{"damage_healed":0,"gold_gain":0,"player_choice":"Grow","damage_taken":0,"max_hp_gain":0,"max_hp_loss":0,"event_name":"Living Wall","floor":7,"gold_loss":0,"cards_upgraded":["Survivor"]},{"damage_healed":0,"gold_gain":0,"player_choice":"Ignored","damage_taken":0,"max_hp_gain":0,"max_hp_loss":0,"event_name":"Liars Game","floor":10,"gold_loss":0},{"damage_healed":0,"gold_gain":0,"player_choice":"Obtained Relic","damage_taken":0,"relics_obtained":["Juzu Bracelet"],"max_hp_gain":0,"max_hp_loss":0,"event_name":"Addict","floor":21,"gold_loss":85},{"damage_healed":0,"gold_gain":0,"player_choice":"Paid Fearfully","damage_taken":0,"max_hp_gain":0,"max_hp_loss":0,"event_name":"Masked Bandits","floor":24,"gold_loss":46},{"damage_healed":0,"gold_gain":0,"player_choice":"Read","damage_taken":0,"max_hp_gain":0,"max_hp_loss":0,"event_name":"The Library","floor":28,"gold_loss":0,"cards_obtained":["Bane"]},{"damage_healed":0,"gold_gain":0,"player_choice":"Fight","damage_taken":0,"max_hp_gain":0,"max_hp_loss":0,"event_name":"Mysterious Sphere","floor":38,"gold_loss":0},{"damage_healed":0,"gold_gain":0,"player_choice":"Fight","damage_taken":0,"max_hp_gain":0,"max_hp_loss":0,"event_name":"MindBloom","floor":39,"gold_loss":0},{"cards_removed":["Footwork"],"damage_healed":0,"gold_gain":0,"player_choice":"Removed Power","damage_taken":0,"max_hp_gain":0,"max_hp_loss":0,"event_name":"Falling","floor":45,"gold_loss":0},{"damage_healed":0,"gold_gain":0,"player_choice":"Embrace Madness","damage_taken":9,"max_hp_gain":0,"max_hp_loss":0,"event_name":"Winding Halls","floor":48,"gold_loss":0,"cards_obtained":["Madness","Madness"]}],"is_beta":false,"boss_relics":[{"not_picked":["Lizard Tail","Velvet Choker"],"picked":"Ring of the Serpent"},{"not_picked":["Runic Dome","White Beast Statue"],"picked":"Busted Crown"}],"items_purged_floors":[12,20,37,41],"is_endless":false,"potions_floor_spawned":[3,11,13,16,29,33,38,47],"ascension_level":0}