{"gold_per_floor":[115,190,190,208,7,7,27,27,27,27,27,73,102,16,16,93,93,107,119,9,22,40,40,57,69,69,35,35,35,35,62,62,136,136,150,150,150,169,183,183,514,514,541,541,561,661,691,19,19,19],"floor_reached":51,"playtime":5240,"items_purged":["Strike_G"],"score":1399,"play_id":"e307f928-9fe2-4c73-a61c-3d2a60eb1d39","local_time":"20181222172855","is_ascension_mode":true,"campfire_choices":[{"data":"Mayhem","floor":6.0,"key":"SMITH"},{"data":"Neutralize","floor":10.0,"key":"SMITH"},{"data":"Well Laid Plans","floor":15.0,"key":"SMITH"},{"data":"Forethought","floor":23.0,"key":"SMITH"},{"floor":29.0,"key":"REST"},{"floor":32.0,"key":"REST"},{"data":"Bullet Time","floor":40.0,"key":"SMITH"},{"data":"Acrobatics","floor":42.0,"key":"SMITH"},{"data":"Well Laid Plans","floor":44.0,"key":"SMITH"},{"data":"Calculated Gamble","floor":49,"key":"SMITH"}],"neow_cost":"NONE","seed_source_timestamp":194898069301264,"circlet_count":0,"master_deck":["AscendersBane","Defend_G","Defend_G","Defend_G","Defend_G","Defend_G","Survivor","Neutralize+1","Forethought+1","Dagger Spray","Backstab+1","Noxious Fumes+1","Mayhem+1","Flying Knee","Dash","Well Laid Plans+1","Backflip","After Image","Setup+1","PiercingWail+1","Outmaneuver+1","PiercingWail","Acrobatics+1","Predator","Expertise","Well Laid Plans+1","Backflip+1","Bullet Time+1","Expertise+1","Pain","Acrobatics+1","Escape Plan+1","Calculated Gamble+1","Metamorphosis","Flechettes"],"special_seed":0,"relics":["Ring of the Snake","NlothsMask","Lantern","Blue Candle","Astrolabe","Gremlin Horn","Bag of Marbles","Cursed Key","Old Coin","Anchor","Bird Faced Urn","Question Card","Tough Bandages"],"potions_floor_usage":[50,50],"damage_taken":[{"damage":0.0,"enemies":"Cultist","floor":1.0,"turns":5.0},{"damage":0.0,"enemies":"Small Slimes","floor":4.0,"turns":3.0},{"damage":1.0,"enemies":"Jaw Worm","floor":7.0,"turns":5.0},{"damage":17.0,"enemies":"Gremlin Nob","floor":13.0,"turns":5.0},{"damage":13.0,"enemies":"Hexaghost","floor":16.0,"turns":11.0},{"damage":5.0,"enemies":"Spheric Guardian","floor":18.0,"turns":8.0},{"damage":14.0,"enemies":"Chosen","floor":19.0,"turns":7.0},{"damage":5.0,"enemies":"Snake Plant","floor":21.0,"turns":7.0},{"damage":2.0,"enemies":"Shelled Parasite and Fungi","floor":22.0,"turns":10.0},{"damage":6.0,"enemies":"Centurion and Healer","floor":24.0,"turns":9.0},{"damage":12.0,"enemies":"Snecko","floor":25.0,"turns":8.0},{"damage":0.0,"enemies":"Book of Stabbing","floor":31.0,"turns":6.0},{"damage":7.0,"enemies":"Automaton","floor":33.0,"turns":14.0},{"damage":12.0,"enemies":"3 Shapes","floor":35.0,"turns":6.0},{"damage":2.0,"enemies":"Orb Walker","floor":38.0,"turns":5.0},{"damage":17.0,"enemies":"Writhing Mass","floor":39.0,"turns":10.0},{"damage":0.0,"enemies":"Nemesis","floor":41.0,"turns":13.0},{"damage":1.0,"enemies":"3 Darklings","floor":45.0,"turns":7.0},{"damage":1.0,"enemies":"Mind Bloom Boss Battle","floor":46.0,"turns":8.0},{"damage":2.0,"enemies":"Giant Head","floor":47.0,"turns":11.0},{"damage":28,"enemies":"Awakened One","floor":50,"turns":14}],"seed_played":"-9193805760434407673","potions_obtained":[{"floor":4.0,"key":"EssenceOfSteel"},{"floor":7.0,"key":"PowerPotion"},{"floor":19.0,"key":"SpeedPotion"},{"floor":22.0,"key":"Strength Potion"},{"floor":25.0,"key":"Poison Potion"},{"floor":33.0,"key":"PowerPotion"},{"floor":38.0,"key":"Regen Potion"},{"floor":39.0,"key":"Dexterity Potion"},{"floor":45.0,"key":"Weak Potion"},{"floor":46.0,"key":"LiquidBronze"}],"is_trial":false,"path_per_floor":["M","?","?","M","$","R","M","?","T","R","$","T","E","$","R","B",null,"M","M","?","M","M","R","M","M","T","$","$","R","?","E","R","B",null,"M","?","?","M","M","R","E","R","T","R","M","?","E","$","R","B",null],"character_chosen":"THE_SILENT","items_purchased":["Noxious Fumes","Mayhem","Well Laid Plans","Backflip","Well Laid Plans","Calculated Gamble","Metamorphosis","Tough Bandages","Flechettes"],"campfire_rested":2,"item_purchase_floors":[5,5,14,14,27,48,48,48,48],"current_hp_per_floor":[59,48,48,48,48,48,47,47,47,47,47,47,30,30,30,17,54,49,35,35,30,28,28,22,10,10,10,10,29,11,11,32,25,60,48,48,48,46,44,44,44,44,44,44,43,42,50,50,50,32],"gold":19,"neow_bonus":"RANDOM_COLORLESS","is_prod":false,"is_daily":false,"chose_seed":false,"campfire_upgraded":8,"win_rate":0,"timestamp":1545467335,"path_taken":["M","?","?","M","$","R","?","?","T","R","$","?","E","$","R","BOSS","M","M","?","?","M","R","M","M","T","?","$","R","?","E","R","BOSS","M","?","?","M","M","R","E","R","T","R","M","?","E","$","R","BOSS"],"build_version":"2018-12-20","purchased_purges":1,"victory":true,"max_hp_per_floor":[66,66,66,66,66,66,66,66,66,66,66,66,66,66,66,66,66,66,66,66,66,66,66,66,66,66,66,66,66,71,71,71,71,71,71,67,67,67,67,67,67,67,67,67,67,67,67,67,67,67],"card_choices":[{"not_picked":["Riddle With Holes","Prepared"],"picked":"Dagger Spray","floor":1.0},{"not_picked":["Cloak And Dagger","Poisoned Stab"],"picked":"Backstab","floor":4.0},{"not_picked":["Sucker Punch","Dodge and Roll"],"picked":"Flying Knee","floor":7.0},{"not_picked":["Setup","Outmaneuver"],"picked":"Dash","floor":13.0},{"not_picked":["Glass Knife","Envenom"],"picked":"After Image","floor":16.0},{"not_picked":["Poisoned Stab","Prepared"],"picked":"PiercingWail","floor":18.0},{"not_picked":["Underhanded Strike","Deflect","Finisher"],"picked":"SKIP","floor":19.0},{"not_picked":["Dodge and Roll","Setup"],"picked":"Acrobatics","floor":21.0},{"not_picked":["PiercingWail","Prepared+1"],"picked":"Predator","floor":22.0},{"not_picked":["Prepared","Slice","Concentrate"],"picked":"SKIP","floor":24.0},{"not_picked":["Deadly Poison","Poisoned Stab"],"picked":"Expertise","floor":25.0},{"not_picked":["Dodge and Roll","Skewer","Poisoned Stab+1"],"picked":"SKIP","floor":31.0},{"not_picked":["Well Laid Plans+1","Underhanded Strike"],"picked":"Backflip+1","floor":35.0},{"not_picked":["Bane+1","All Out Attack","Quick Slash"],"picked":"SKIP","floor":38.0},{"not_picked":["Dodge and Roll","Leg Sweep"],"picked":"Bullet Time","floor":39.0},{"not_picked":["Choke+1","Prepared+1"],"picked":"Expertise+1","floor":41.0},{"not_picked":["Dodge and Roll","Endless Agony+1","Eviscerate+1"],"picked":"SKIP","floor":45.0},{"not_picked":["Phantasmal Killer","Flying Knee"],"picked":"Acrobatics+1","floor":46.0},{"not_picked":["Backflip","Doppelganger"],"picked":"Escape Plan+1","floor":47.0}],"player_experience":2578126,"relics_obtained":[{"floor":12.0,"key":"Lantern"},{"floor":13.0,"key":"Blue Candle"},{"floor":26.0,"key":"Gremlin Horn"},{"floor":31.0,"key":"Bag of Marbles"},{"floor":41.0,"key":"Old Coin"},{"floor":43.0,"key":"Anchor"},{"floor":46.0,"key":"Bird Faced Urn"},{"floor":47.0,"key":"Question Card"}],"event_choices":[{"damage_healed":0.0,"max_hp_gain":0.0,"max_hp_loss":0.0,"gold_gain":75.0,"event_name":"World of Goop","player_choice":"Gather Gold","floor":2.0,"gold_loss":0.0,"damage_taken":11.0},{"damage_healed":0.0,"max_hp_gain":0.0,"max_hp_loss":0.0,"gold_gain":0.0,"event_name":"FaceTrader","player_choice":"Trade","floor":3.0,"gold_loss":0.0,"damage_taken":0.0,"relics_obtained":["NlothsMask"]},{"damage_healed":0.0,"max_hp_gain":0.0,"max_hp_loss":0.0,"gold_gain":0.0,"event_name":"Living Wall","player_choice":"Grow","floor":8.0,"gold_loss":0.0,"damage_taken":0.0,"cards_upgraded":["Noxious Fumes"]},{"cards_removed":["Strike_G"],"damage_healed":0.0,"max_hp_gain":0.0,"max_hp_loss":0.0,"gold_gain":0.0,"event_name":"Designer","player_choice":"Upgrade and Remove","floor":20.0,"gold_loss":110.0,"damage_taken":0.0,"cards_upgraded":["Backstab"]},{"damage_healed":0.0,"max_hp_gain":5.0,"max_hp_loss":0.0,"gold_gain":0.0,"event_name":"Forgotten Altar","player_choice":"Shed Blood","floor":30.0,"gold_loss":0.0,"damage_taken":23.0},{"damage_healed":0.0,"max_hp_gain":0.0,"max_hp_loss":4.0,"gold_gain":0.0,"event_name":"Winding Halls","player_choice":"Max HP","floor":36.0,"gold_loss":0.0,"damage_taken":0.0},{"damage_healed":0.0,"max_hp_gain":0.0,"max_hp_loss":0.0,"gold_gain":0.0,"event_name":"Mysterious Sphere","player_choice":"Ignored","floor":37.0,"gold_loss":0.0,"damage_taken":0.0},{"damage_healed":0.0,"max_hp_gain":0.0,"max_hp_loss":0.0,"gold_gain":0.0,"event_name":"MindBloom","player_choice":"Fight","floor":46.0,"gold_loss":0.0,"damage_taken":0.0}],"is_beta":true,"boss_relics":[{"not_picked":["Philosopher\u0027s Stone","Snecko Eye"],"picked":"Astrolabe"},{"not_picked":["Lizard Tail","Runic Pyramid"],"picked":"Cursed Key"}],"items_purged_floors":[48],"is_endless":false,"potions_floor_spawned":[4,7,19,22,25,33,38,39,45,46],"ascension_level":15}