{"gold_per_floor":[115,125,139,11,11,45,45,10,10,60,73,73,99,99,99,173,173,192,208,29,48,48,77,77,102,125,88,88,138,214,294,294,371,371,384,534,549,194,244,244,244,270,270,320,348,0,0,50,50,50],"floor_reached":50,"playtime":4255,"items_purged":["Strike_R","Strike_R","Strike_R"],"score":1008,"play_id":"d96bcceb-cc67-4100-958d-651877a298d0","local_time":"20190510114711","is_ascension_mode":true,"campfire_choices":[{"data":"True Grit","floor":7,"key":"SMITH"},{"floor":12,"key":"REST"},{"data":"Evolve","floor":15,"key":"SMITH"},{"floor":24,"key":"REST"},{"floor":28,"key":"REST"},{"floor":32,"key":"REST"},{"floor":40,"key":"DIG"},{"floor":49,"key":"RECALL"}],"neow_cost":"NONE","seed_source_timestamp":1187771133312866,"circlet_count":0,"master_deck":["AscendersBane","Strike_R+1","Strike_R","Defend_R","Defend_R","Defend_R+1","Defend_R","Bash+1","Evolve+1","Clothesline","True Grit+1","Fiend Fire","Wild Strike","Feel No Pain","Impervious+1","Shrug It Off+1","Dropkick","Dropkick","Flex+1","Shockwave+1","True Grit+1","Power Through+1","Flame Barrier+1","Demon Form+1","Pummel","Headbutt+1","Shrug It Off+1","Panacea+1","Bandage Up+1","Purity+1","Fire Breathing+1","Warcry+1","Reckless Charge","Battle Trance+1"],"relics":["Burning Blood","Mummified Hand","Letter Opener","Toxic Egg 2","Juzu Bracelet","Sozu","SsserpentHead","Art of War","Red Mask","Tiny Chest","Runic Cube","Shovel","TheAbacus","Strawberry","Pantograph","Dodecahedron","Bottled Lightning","Bottled Tornado"],"potions_floor_usage":[6,6,16,23],"damage_taken":[{"damage":11,"enemies":"2 Louse","floor":1,"turns":2},{"damage":14,"enemies":"Jaw Worm","floor":2,"turns":5},{"damage":3,"enemies":"Cultist","floor":3,"turns":4},{"damage":17,"enemies":"Gremlin Nob","floor":6,"turns":4},{"damage":29,"enemies":"Exordium Wildlife","floor":11,"turns":5},{"damage":17,"enemies":"3 Sentries","floor":13,"turns":7},{"damage":8,"enemies":"Hexaghost","floor":16,"turns":13},{"damage":31,"enemies":"Spheric Guardian","floor":18,"turns":7},{"damage":0,"enemies":"Chosen","floor":19,"turns":6},{"damage":18,"enemies":"Snake Plant","floor":21,"turns":4},{"damage":30,"enemies":"Slavers","floor":23,"turns":6},{"damage":16,"enemies":"Masked Bandits","floor":30,"turns":6},{"damage":47,"enemies":"Champ","floor":33,"turns":14},{"damage":11,"enemies":"Orb Walker","floor":35,"turns":5},{"damage":0,"enemies":"Mind Bloom Boss Battle","floor":36,"turns":8},{"damage":0,"enemies":"3 Shapes","floor":37,"turns":8},{"damage":29,"enemies":"Giant Head","floor":42,"turns":8},{"damage":42,"enemies":"Reptomancer","floor":45,"turns":7},{"damage":52,"enemies":"Awakened One","floor":50,"turns":3}],"seed_played":"1125839152494825831","potions_obtained":[{"floor":1,"key":"Poison Potion"},{"floor":11,"key":"Weak Potion"},{"floor":16,"key":"PowerPotion"}],"is_trial":false,"path_per_floor":["M","M","M","$","?","E","R","?","T","?","M","R","E","T","R","B",null,"M","M","$","M","?","E","R","$","T","$","R","?","?","T","R","B",null,"M","?","M","$","?","R","?","E","T","?","E","$","$","?","R","B"],"character_chosen":"IRONCLAD","items_purchased":["SteroidPotion","Dropkick","True Grit+1","Power Through+1","TheAbacus","Bottled Tornado","Reckless Charge","Battle Trance+1"],"campfire_rested":4,"item_purchase_floors":[4,20,25,27,38,46,46,46],"current_hp_per_floor":[63,55,58,58,35,24,24,42,42,42,19,41,30,30,30,28,63,38,44,44,32,32,8,30,30,30,30,52,52,42,42,64,23,62,57,63,69,69,59,66,66,49,49,49,19,19,19,19,19,0],"gold":50,"neow_bonus":"UPGRADE_CARD","is_prod":false,"is_daily":false,"chose_seed":false,"campfire_upgraded":2,"win_rate":0,"timestamp":1557456431,"path_taken":["M","M","M","$","?","E","R","?","T","?","?","R","E","?","R","BOSS","M","M","$","M","?","E","R","?","T","?","R","?","?","?","R","BOSS","M","?","M","$","?","R","?","E","T","?","E","?","$","?","R","BOSS"],"build_version":"2019-05-07","purchased_purges":3,"victory":false,"max_hp_per_floor":[75,75,75,75,75,75,75,75,75,75,75,75,75,75,75,75,75,75,75,75,75,75,75,75,75,75,75,75,75,75,75,75,75,75,75,75,75,75,75,82,82,82,82,82,82,82,82,82,82,82],"card_choices":[{"not_picked":["Pummel","Clash"],"picked":"Evolve","floor":1},{"not_picked":["Warcry","Wild Strike"],"picked":"Clothesline","floor":2},{"not_picked":["Combust","Rage"],"picked":"True Grit","floor":3},{"not_picked":["Warcry","Intimidate"],"picked":"Fiend Fire","floor":6},{"not_picked":["Havoc","Rupture"],"picked":"Wild Strike","floor":11},{"not_picked":["Sword Boomerang","Ghostly Armor"],"picked":"Feel No Pain","floor":13},{"not_picked":["Brutality","Double Tap+1"],"picked":"Impervious+1","floor":16},{"not_picked":["Cleave","Disarm+1"],"picked":"Shrug It Off+1","floor":18},{"not_picked":["Ghostly Armor+1","Sword Boomerang"],"picked":"Dropkick","floor":19},{"not_picked":["Seeing Red+1","Thunderclap"],"picked":"Flex+1","floor":21},{"not_picked":["Wild Strike","Shrug It Off+1"],"picked":"Shockwave+1","floor":23},{"not_picked":["Seeing Red+1","Blood for Blood"],"picked":"Flame Barrier+1","floor":30},{"not_picked":["Exhume+1","Feed"],"picked":"Demon Form","floor":33},{"not_picked":["Iron Wave","Clash"],"picked":"Pummel","floor":35},{"not_picked":["Warcry+1","Cleave+1"],"picked":"Headbutt+1","floor":36},{"not_picked":["Sword Boomerang","Perfected Strike"],"picked":"Shrug It Off+1","floor":37},{"not_picked":["Jack Of All Trades+1","Purity+1"],"picked":"Panacea+1","floor":39},{"not_picked":["Metamorphosis+1","HandOfGreed"],"picked":"Bandage Up+1","floor":39},{"not_picked":["Good Instincts+1","Impatience+1"],"picked":"Purity+1","floor":39},{"not_picked":["Armaments+1","Wild Strike"],"picked":"Fire Breathing+1","floor":42},{"not_picked":["Heavy Blade","Shrug It Off+1"],"picked":"Warcry+1","floor":45}],"player_experience":3185230,"relics_obtained":[{"floor":6,"key":"Mummified Hand"},{"floor":9,"key":"Letter Opener"},{"floor":13,"key":"Toxic Egg 2"},{"floor":14,"key":"Juzu Bracelet"},{"floor":23,"key":"Art of War"},{"floor":30,"key":"Red Mask"},{"floor":31,"key":"Tiny Chest"},{"floor":36,"key":"Shovel"},{"floor":40,"key":"Strawberry"},{"floor":42,"key":"Pantograph"},{"floor":43,"key":"Dodecahedron"},{"floor":45,"key":"Bottled Lightning"}],"event_choices":[{"damage_healed":0,"gold_gain":0,"player_choice":"Entered Light","damage_taken":23,"max_hp_gain":0,"max_hp_loss":0,"event_name":"Shining Light","floor":5,"gold_loss":0,"cards_upgraded":["Strike_R","Defend_R"]},{"damage_healed":18,"gold_gain":0,"player_choice":"Healed","damage_taken":0,"max_hp_gain":0,"max_hp_loss":0,"event_name":"The Cleric","floor":8,"gold_loss":35},{"damage_healed":0,"gold_gain":50,"player_choice":"Pray","damage_taken":0,"max_hp_gain":0,"max_hp_loss":0,"event_name":"Golden Shrine","floor":10,"gold_loss":0},{"damage_healed":0,"gold_gain":0,"player_choice":"Trade","damage_taken":0,"relics_obtained":["SsserpentHead"],"max_hp_gain":0,"max_hp_loss":0,"event_name":"FaceTrader","floor":22,"gold_loss":0},{"damage_healed":0,"gold_gain":0,"player_choice":"Ignored","damage_taken":0,"max_hp_gain":0,"max_hp_loss":0,"event_name":"Vampires","floor":29,"gold_loss":0},{"damage_healed":0,"gold_gain":0,"player_choice":"Fought Bandits","damage_taken":0,"max_hp_gain":0,"max_hp_loss":0,"event_name":"Masked Bandits","floor":30,"gold_loss":0},{"damage_healed":0,"gold_gain":0,"player_choice":"Fight","damage_taken":0,"max_hp_gain":0,"max_hp_loss":0,"event_name":"MindBloom","floor":36,"gold_loss":0},{"damage_healed":0,"gold_gain":0,"player_choice":"Memory 3","damage_taken":10,"max_hp_gain":0,"max_hp_loss":0,"event_name":"SensoryStone","floor":39,"gold_loss":0},{"damage_healed":0,"gold_gain":0,"player_choice":"Upgrade","damage_taken":0,"max_hp_gain":0,"max_hp_loss":0,"event_name":"Designer","floor":41,"gold_loss":50,"cards_upgraded":["Demon Form"]},{"damage_healed":0,"gold_gain":0,"player_choice":"Got Potions","damage_taken":0,"max_hp_gain":0,"max_hp_loss":0,"event_name":"Lab","floor":44,"gold_loss":0},{"damage_healed":0,"gold_gain":0,"player_choice":"Ignored","damage_taken":0,"max_hp_gain":0,"max_hp_loss":0,"event_name":"Mysterious Sphere","floor":48,"gold_loss":0}],"is_beta":true,"boss_relics":[{"not_picked":["Busted Crown","Coffee Dripper"],"picked":"Sozu"},{"not_picked":["Eternal Feather","Orrery"],"picked":"Runic Cube"}],"items_purged_floors":[4,20,38],"is_endless":false,"potions_floor_spawned":[1,11,16,18,23,33,36,42],"killed_by":"Awakened One","ascension_level":17}