{"gold_per_floor":[115,115,115,132,149,184,184,216,216,86,86,60,0,15,15,15],"floor_reached":16,"playtime":397,"items_purged":[],"score":194,"play_id":"d7bb04d1-61d3-4305-857d-3aff451f3e77","local_time":"20190519182414","is_ascension_mode":true,"campfire_choices":[{"data":"Rage","floor":7,"key":"SMITH"},{"floor":15,"key":"REST"}],"neow_cost":"NONE","seed_source_timestamp":113530028793675,"circlet_count":0,"master_deck":["AscendersBane","Strike_R","Strike_R","Strike_R","Strike_R","Defend_R","Defend_R","Defend_R","Defend_R","Bash","Carnage+1","Rage+1","Warcry","Uppercut","Corruption","Flex","Sentinel","Shrug It Off","Ghostly Armor"],"special_seed":0,"relics":["Burning Blood","NeowsBlessing","Blue Candle","Darkstone Periapt","Pear"],"potions_floor_usage":[8],"damage_taken":[{"damage":0.0,"enemies":"Jaw Worm","floor":1.0,"turns":1.0},{"damage":0,"enemies":"2 Louse","floor":4,"turns":1},{"damage":0,"enemies":"Cultist","floor":5,"turns":1},{"damage":16,"enemies":"Gremlin Nob","floor":6,"turns":3},{"damage":50,"enemies":"Lagavulin","floor":8,"turns":6},{"damage":7,"enemies":"Large Slime","floor":14,"turns":7},{"damage":0,"enemies":"The Guardian","floor":16,"turns":1}],"seed_played":"-4403133672866271147","potions_obtained":[{"floor":5,"key":"Regen Potion"},{"floor":14,"key":"Fire Potion"}],"is_trial":false,"path_per_floor":["M","?","?","M","M","E","R","E","T","$","?","$","?","M","R","B"],"character_chosen":"IRONCLAD","items_purchased":["Corruption","Flex","Shrug It Off"],"campfire_rested":1,"item_purchase_floors":[10,10,12],"current_hp_per_floor":[74,74,74,75,75,65,65,36,46,46,46,46,46,45,70,70],"gold":15,"neow_bonus":"THREE_ENEMY_KILL","is_prod":false,"is_daily":false,"chose_seed":false,"campfire_upgraded":1,"win_rate":0,"timestamp":1558279454,"path_taken":["M","?","?","M","?","E","R","E","T","$","?","?","?","M","R","BOSS"],"build_version":"2019-01-23","purchased_purges":0,"victory":false,"max_hp_per_floor":[75,75,75,75,75,75,75,75,85,85,85,85,85,85,85,85],"card_choices":[{"not_picked":["Thunderclap","Warcry"],"picked":"Carnage","floor":1.0},{"not_picked":["True Grit","Perfected Strike"],"picked":"Rage","floor":4},{"not_picked":["Dropkick","Iron Wave","Body Slam"],"picked":"SKIP","floor":5},{"not_picked":["Power Through","Bloodletting"],"picked":"Warcry","floor":6},{"not_picked":["Searing Blow","Burning Pact"],"picked":"Uppercut","floor":8},{"not_picked":["Iron Wave","Anger"],"picked":"Ghostly Armor","floor":14}],"player_experience":1376170,"relics_obtained":[{"floor":6,"key":"Blue Candle"},{"floor":8,"key":"Darkstone Periapt"},{"floor":9,"key":"Pear"}],"event_choices":[{"damage_healed":0,"gold_gain":0,"player_choice":"Fled","damage_taken":0,"max_hp_gain":0,"max_hp_loss":0,"event_name":"Scrap Ooze","floor":2,"gold_loss":0},{"damage_healed":0,"gold_gain":0,"player_choice":"Grow","damage_taken":0,"max_hp_gain":0,"max_hp_loss":0,"event_name":"Living Wall","floor":3,"gold_loss":0,"cards_upgraded":["Carnage"]},{"damage_healed":0,"gold_gain":0,"cards_transformed":["Strike_R"],"player_choice":"Transformed","damage_taken":0,"max_hp_gain":0,"max_hp_loss":0,"event_name":"Transmorgrifier","floor":11,"gold_loss":0,"cards_obtained":["Sentinel"]},{"damage_healed":0,"gold_gain":0,"player_choice":"Left Gold","damage_taken":0,"max_hp_gain":0,"max_hp_loss":0,"event_name":"World of Goop","floor":13,"gold_loss":60}],"is_beta":false,"boss_relics":[],"items_purged_floors":[],"is_endless":false,"potions_floor_spawned":[5,14],"killed_by":"The Guardian","ascension_level":16}