{"gold_per_floor":[109,109,259,273,294,294,364,364,387,415,9,22,38,56,56,147,147,163,186,18,43,43,43,43,43],"floor_reached":25,"playtime":1417,"items_purged":[],"score":359,"play_id":"0af2661b-d3f1-45c3-84fb-b6327f15571f","local_time":"20190512171014","is_ascension_mode":true,"campfire_choices":[{"data":"Armaments","floor":6,"key":"SMITH"},{"floor":8,"key":"REST"},{"floor":15,"key":"REST"},{"floor":23,"key":"REST"}],"neow_cost":"NONE","seed_source_timestamp":2676197979260002,"circlet_count":0,"master_deck":["AscendersBane","Strike_R","Strike_R","Strike_R","Strike_R","Strike_R","Defend_R","Defend_R","Defend_R","Defend_R","Bash","Clothesline","Doubt","Havoc","Armaments+1","Body Slam","Spot Weakness","Magnetism","Warcry","Spot Weakness","Seeing Red","Dark Embrace","Feel No Pain","Flame Barrier","Bandage Up","Pummel"],"relics":["Burning Blood","NeowsBlessing","Golden Idol","Tiny Chest","MawBank","Strange Spoon","Sozu"],"potions_floor_usage":[12,13],"damage_taken":[{"damage":0,"enemies":"2 Louse","floor":1,"turns":1},{"damage":0,"enemies":"Jaw Worm","floor":4,"turns":1},{"damage":0,"enemies":"Small Slimes","floor":5,"turns":1},{"damage":34,"enemies":"Gremlin Nob","floor":7,"turns":5},{"damage":12,"enemies":"2 Fungi Beasts","floor":10,"turns":5},{"damage":6,"enemies":"Looter","floor":12,"turns":4},{"damage":22,"enemies":"Lots of Slimes","floor":13,"turns":5},{"damage":13,"enemies":"Large Slime","floor":14,"turns":6},{"damage":30,"enemies":"Hexaghost","floor":16,"turns":10},{"damage":7,"enemies":"Chosen","floor":18,"turns":6},{"damage":11,"enemies":"Shell Parasite","floor":19,"turns":5},{"damage":44,"enemies":"Sentry and Sphere","floor":21,"turns":9},{"damage":20,"enemies":"Snecko","floor":25,"turns":4}],"seed_played":"1951782145708542288","potions_obtained":[{"floor":7,"key":"Swift Potion"},{"floor":10,"key":"Ancient Potion"},{"floor":12,"key":"Block Potion"}],"is_trial":false,"path_per_floor":["M","?","?","M","M","R","E","R","T","M","$","M","M","M","R","B",null,"M","M","$","M","?","R","$","M"],"character_chosen":"IRONCLAD","items_purchased":["Strange Spoon","Magnetism","Warcry","Flame Barrier","Bandage Up"],"campfire_rested":3,"item_purchase_floors":[11,11,11,20,20],"current_hp_per_floor":[74,48,48,54,60,60,32,54,54,48,48,48,32,25,47,23,62,61,56,56,22,22,44,44,28],"gold":43,"neow_bonus":"THREE_ENEMY_KILL","is_prod":false,"is_daily":false,"chose_seed":false,"campfire_upgraded":1,"win_rate":0,"timestamp":1557670214,"path_taken":["M","?","?","M","M","R","E","R","T","M","?","M","M","M","R","BOSS","M","M","$","M","?","R","$","M"],"build_version":"2019-01-23","purchased_purges":0,"victory":false,"max_hp_per_floor":[75,75,75,75,75,75,75,75,75,75,75,75,75,75,75,75,75,75,75,75,75,75,75,75,75],"card_choices":[{"not_picked":["Heavy Blade","Combust"],"picked":"Clothesline","floor":1},{"not_picked":["Sword Boomerang","Clash"],"picked":"Havoc","floor":4},{"not_picked":["Juggernaut","Cleave"],"picked":"Armaments","floor":5},{"not_picked":["Iron Wave","Fire Breathing"],"picked":"Body Slam","floor":7},{"not_picked":["Dropkick","Fire Breathing"],"picked":"Spot Weakness","floor":10},{"not_picked":["Headbutt","Fire Breathing"],"picked":"Spot Weakness","floor":12},{"not_picked":["Combust","Anger"],"picked":"Seeing Red","floor":13},{"not_picked":["Cleave","Combust","Whirlwind"],"picked":"SKIP","floor":14},{"not_picked":["Immolate","Fiend Fire"],"picked":"Dark Embrace","floor":16},{"not_picked":["Warcry","Reckless Charge"],"picked":"Feel No Pain","floor":18},{"not_picked":["Uppercut","Clash","Perfected Strike"],"picked":"SKIP","floor":19},{"not_picked":["Combust","Heavy Blade"],"picked":"Pummel","floor":21}],"player_experience":1347572,"relics_obtained":[{"floor":7,"key":"Tiny Chest"},{"floor":9,"key":"MawBank"}],"event_choices":[{"damage_healed":0,"gold_gain":0,"player_choice":"Take Damage","damage_taken":26,"relics_obtained":["Golden Idol"],"max_hp_gain":0,"max_hp_loss":0,"event_name":"Golden Idol","floor":2,"gold_loss":0},{"damage_healed":0,"gold_gain":150,"player_choice":"AGREE","damage_taken":0,"max_hp_gain":0,"max_hp_loss":0,"event_name":"Liars Game","floor":3,"gold_loss":0,"cards_obtained":["Doubt"]},{"damage_healed":0,"gold_gain":0,"player_choice":"Ignored","damage_taken":0,"max_hp_gain":0,"max_hp_loss":0,"event_name":"Ghosts","floor":22,"gold_loss":0}],"is_beta":false,"boss_relics":[{"not_picked":["Busted Crown","Empty Cage"],"picked":"Sozu"}],"items_purged_floors":[],"is_endless":false,"potions_floor_spawned":[7,10,12,19,21],"killed_by":"Snecko","ascension_level":15}