{"gold_per_floor":[10,20,20,20,35,66,66,94,120,120,139,139,172,182,182,182],"floor_reached":16,"playtime":739,"items_purged":[],"score":228,"play_id":"7aa5c180-73a2-4398-baf4-8727fa7ba973","local_time":"20190526091202","is_ascension_mode":true,"campfire_choices":[{"floor":7,"key":"REST"},{"floor":10,"key":"REST"},{"floor":12,"key":"REST"},{"floor":15,"key":"REST"}],"neow_cost":"NO_GOLD","seed_source_timestamp":608772024608483,"circlet_count":0,"master_deck":["AscendersBane","Strike_G","Strike_G","Strike_G","Strike_G","Strike_G","Defend_G","Defend_G","Defend_G","Defend_G","Defend_G","Survivor","Neutralize","Adrenaline","Skewer+1","Noxious Fumes","Deadly Poison","Caltrops","A Thousand Cuts","Infinite Blades","Predator"],"relics":["Ring of the Snake","Omamori","Oddly Smooth Stone","Mercury Hourglass"],"potions_floor_usage":[6,6,8],"damage_taken":[{"damage":0,"enemies":"Small Slimes","floor":1,"turns":4},{"damage":2,"enemies":"Jaw Worm","floor":2,"turns":4},{"damage":0,"enemies":"Cultist","floor":5,"turns":3},{"damage":46,"enemies":"Gremlin Nob","floor":6,"turns":5},{"damage":22,"enemies":"Lagavulin","floor":8,"turns":9},{"damage":9,"enemies":"Exordium Wildlife","floor":11,"turns":7},{"damage":38,"enemies":"3 Sentries","floor":13,"turns":9},{"damage":2,"enemies":"Looter","floor":14,"turns":3},{"damage":31,"enemies":"Hexaghost","floor":16,"turns":9}],"seed_played":"-8256180171456471657","potions_obtained":[{"floor":1,"key":"Poison Potion"},{"floor":2,"key":"Weak Potion"},{"floor":6,"key":"PowerPotion"}],"is_trial":false,"path_per_floor":["M","M","?","?","M","E","R","E","T","R","M","R","E","M","R","B"],"character_chosen":"THE_SILENT","items_purchased":[],"campfire_rested":4,"item_purchase_floors":[],"current_hp_per_floor":[59,57,57,62,62,16,37,15,15,36,27,48,10,8,29,0],"gold":182,"neow_bonus":"THREE_RARE_CARDS","is_prod":false,"is_daily":false,"chose_seed":false,"campfire_upgraded":0,"win_rate":0,"timestamp":1558829522,"path_taken":["M","M","?","?","M","E","R","E","T","R","M","R","E","M","R","BOSS"],"build_version":"2019-05-24v2","purchased_purges":0,"victory":false,"max_hp_per_floor":[66,66,66,71,71,71,71,71,71,71,71,71,71,71,71,71],"card_choices":[{"not_picked":["Doppelganger","Storm of Steel"],"picked":"Adrenaline","floor":0},{"not_picked":["Deadly Poison","Setup"],"picked":"Skewer","floor":1},{"not_picked":["Blade Dance","Bane","Dodge and Roll"],"picked":"SKIP","floor":2},{"not_picked":["Flying Knee","Deflect"],"picked":"Noxious Fumes","floor":5},{"not_picked":["Dodge and Roll","Riddle With Holes"],"picked":"Deadly Poison","floor":6},{"not_picked":["Riddle With Holes","Eviscerate"],"picked":"Caltrops","floor":8},{"not_picked":["Slice","Quick Slash"],"picked":"A Thousand Cuts","floor":11},{"not_picked":["Deflect","Riddle With Holes"],"picked":"Infinite Blades","floor":13},{"not_picked":["Dagger Throw","Concentrate"],"picked":"Predator","floor":14}],"player_experience":3337466,"relics_obtained":[{"floor":6,"key":"Omamori"},{"floor":8,"key":"Oddly Smooth Stone"},{"floor":13,"key":"Mercury Hourglass"}],"event_choices":[{"damage_healed":0,"gold_gain":0,"player_choice":"Grow","damage_taken":0,"max_hp_gain":0,"max_hp_loss":0,"event_name":"Living Wall","floor":3,"gold_loss":0,"cards_upgraded":["Skewer"]},{"damage_healed":0,"gold_gain":0,"player_choice":"Donut","damage_taken":0,"max_hp_gain":5,"max_hp_loss":0,"event_name":"Big Fish","floor":4,"gold_loss":0}],"is_beta":true,"boss_relics":[],"items_purged_floors":[],"is_endless":false,"potions_floor_spawned":[1,2,6],"killed_by":"Hexaghost","ascension_level":18}