{"gold_per_floor":[112,31,47,47,222,255,255,274,274,291,321,321,348,359,359,462,462,473,473,489,499,41,41],"floor_reached":23,"playtime":1726,"items_purged":["Strike_R"],"score":308,"play_id":"d6a45128-2113-4d28-902d-18b705a08f89","local_time":"20181230005508","is_ascension_mode":true,"campfire_choices":[{"data":"Seeing Red","floor":7,"key":"SMITH"},{"floor":12,"key":"REST"},{"floor":15,"key":"REST"}],"neow_cost":"NONE","seed_source_timestamp":616388294884944,"circlet_count":0,"master_deck":["Defend_R","Defend_R","Defend_R","Defend_R","Bash","Seeing Red+1","Feed","Spot Weakness","Headbutt","Intimidate","Clothesline","Metallicize","Shrug It Off","Cleave","Offering","Body Slam","Offering","Headbutt","Armaments","Heavy Blade+1","True Grit"],"relics":["Burning Blood","NeowsBlessing","Question Card","Blue Candle","Torii","Empty Cage","Calipers"],"potions_floor_usage":[13,13,21,23,23],"damage_taken":[{"damage":0,"enemies":"Small Slimes","floor":1,"turns":1},{"damage":0,"enemies":"Jaw Worm","floor":3,"turns":2},{"damage":0,"enemies":"Lagavulin","floor":6,"turns":1},{"damage":6,"enemies":"Cultist","floor":8,"turns":3},{"damage":12,"enemies":"2 Fungi Beasts","floor":10,"turns":4},{"damage":57,"enemies":"3 Sentries","floor":11,"turns":10},{"damage":28,"enemies":"Lagavulin","floor":13,"turns":8},{"damage":18,"enemies":"Gremlin Gang","floor":14,"turns":6},{"damage":30,"enemies":"The Guardian","floor":16,"turns":13},{"damage":45,"enemies":"Spheric Guardian","floor":18,"turns":7},{"damage":22,"enemies":"Shell Parasite","floor":20,"turns":5},{"damage":27,"enemies":"Shelled Parasite and Fungi","floor":21,"turns":6},{"damage":33,"enemies":"Book of Stabbing","floor":23,"turns":6}],"seed_played":"-8077481670730641089","potions_obtained":[{"floor":1,"key":"Ancient Potion"},{"floor":3,"key":"EssenceOfSteel"},{"floor":13,"key":"SpeedPotion"},{"floor":14,"key":"Swift Potion"}],"is_trial":false,"path_per_floor":["M","$","M","?","?","E","R","M","T","M","E","R","E","M","R","B",null,"M","?","M","M","$","E"],"character_chosen":"IRONCLAD","items_purchased":["Feed","True Grit","Calipers","Strength Potion"],"campfire_rested":2,"item_purchase_floors":[2,22,22,22],"current_hp_per_floor":[80,80,83,76,76,85,85,85,85,82,31,57,35,26,53,29,92,56,56,40,19,19,0],"gold":41,"neow_bonus":"THREE_ENEMY_KILL","is_prod":false,"is_daily":false,"chose_seed":false,"campfire_upgraded":1,"win_rate":0,"timestamp":1546098908,"path_taken":["M","$","M","?","?","E","R","M","T","M","E","R","E","M","R","BOSS","M","?","M","M","$","E"],"build_version":"2018-12-20","purchased_purges":1,"victory":false,"max_hp_per_floor":[80,80,83,83,83,86,86,86,86,89,89,89,89,92,92,92,92,95,95,95,95,95,95],"card_choices":[{"not_picked":["Whirlwind","Iron Wave"],"picked":"Seeing Red","floor":1},{"not_picked":["Havoc","Burning Pact"],"picked":"Spot Weakness","floor":3},{"not_picked":["Clash","Warcry"],"picked":"Headbutt","floor":6},{"not_picked":["Body Slam","Burning Pact","Sword Boomerang"],"picked":"Intimidate","floor":8},{"not_picked":["Fire Breathing","Searing Blow","Headbutt"],"picked":"Clothesline","floor":10},{"not_picked":["Blood for Blood","Sword Boomerang","Shockwave"],"picked":"Metallicize","floor":11},{"not_picked":["Thunderclap","Fiend Fire","Fire Breathing"],"picked":"Shrug It Off","floor":13},{"not_picked":["Blood for Blood","Clothesline","Thunderclap"],"picked":"Cleave","floor":14},{"not_picked":["Brutality","Impervious","Double Tap"],"picked":"Offering","floor":16},{"not_picked":["Ghostly Armor","Perfected Strike","Heavy Blade"],"picked":"Body Slam","floor":18},{"not_picked":["True Grit","Sentinel","Heavy Blade"],"picked":"Armaments","floor":20},{"not_picked":["Iron Wave","Flex","Clash"],"picked":"Heavy Blade+1","floor":21}],"player_experience":259166,"relics_obtained":[{"floor":6,"key":"Question Card"},{"floor":11,"key":"Blue Candle"},{"floor":13,"key":"Torii"}],"event_choices":[{"cards_removed":["Strike_R"],"damage_healed":0,"gold_gain":0,"player_choice":"Card Removal","damage_taken":7,"max_hp_gain":0,"max_hp_loss":0,"event_name":"Golden Wing","floor":4,"gold_loss":0},{"damage_healed":0,"gold_gain":175,"player_choice":"AGREE","damage_taken":0,"max_hp_gain":0,"max_hp_loss":0,"event_name":"Liars Game","floor":5,"gold_loss":0,"cards_obtained":["Doubt"]},{"damage_healed":0,"gold_gain":0,"cards_transformed":["Strike_R","Strike_R"],"player_choice":"Became Test Subject","damage_taken":0,"max_hp_gain":0,"max_hp_loss":0,"event_name":"Drug Dealer","floor":19,"gold_loss":0,"cards_obtained":["Offering","Headbutt"]}],"is_beta":false,"boss_relics":[{"not_picked":["Black Star","Runic Dome"],"picked":"Empty Cage"}],"items_purged_floors":[22],"is_endless":false,"potions_floor_spawned":[1,3,13,14],"killed_by":"Book of Stabbing","ascension_level":4}