{"gold_per_floor":[111,111,72,72,72,103,28,28,28,102,136,150,150,183,183,282,282,266,282,303,59,94,94,36,36,85,85,103,142,165,189,189,279,279,300,31,55,55,277,311,311,352,352,352,352,388,403,20,20,20],"floor_reached":51,"playtime":4995,"items_purged":["Strike_G","Defend_G"],"score":1814,"play_id":"fb3e1a9f-72dc-43b0-94ea-947490383dff","local_time":"20190513160702","is_ascension_mode":true,"campfire_choices":[{"data":"Neutralize","floor":8.0,"key":"SMITH"},{"data":"Malaise","floor":13.0,"key":"SMITH"},{"data":"Tools of the Trade","floor":15.0,"key":"SMITH"},{"data":"After Image","floor":23,"key":"SMITH"},{"data":"Tactician","floor":25,"key":"SMITH"},{"data":"Reflex","floor":32,"key":"SMITH"},{"data":"Calculated Gamble","floor":41,"key":"SMITH"},{"data":"Finisher","floor":44,"key":"SMITH"},{"data":"Cloak And Dagger","floor":49,"key":"SMITH"}],"neow_cost":"NONE","seed_source_timestamp":1461773758443431,"circlet_count":0,"master_deck":["AscendersBane","Defend_G","Defend_G","Defend_G","Survivor","Neutralize+1","Backflip","Backstab","Heel Hook","Tools of the Trade+1","Malaise+1","Flying Knee","After Image+1","Backstab","Tactician+1","Backflip","Footwork","Reflex+1","Underhanded Strike","After Image","Finisher+1","Calculated Gamble+1","Footwork","Panache","Tactician+1","Purity","Cloak And Dagger+1","Infinite Blades"],"special_seed":0,"relics":["Ring of the Snake","NeowsBlessing","Golden Idol","Ornamental Fan","Sundial","Potion Belt","Thread and Needle","Juzu Bracelet","Runic Pyramid","Happy Flower","Red Mask","Regal Pillow","Anchor","Eternal Feather","Matryoshka","Orichalcum","Bag of Marbles","Dream Catcher","Oddly Smooth Stone"],"potions_floor_usage":[22,22],"damage_taken":[{"damage":0.0,"enemies":"Cultist","floor":1.0,"turns":1.0},{"damage":0.0,"enemies":"Lagavulin","floor":6.0,"turns":1.0},{"damage":0.0,"enemies":"3 Sentries","floor":10.0,"turns":1.0},{"damage":2.0,"enemies":"Gremlin Nob","floor":11.0,"turns":3.0},{"damage":0.0,"enemies":"Jaw Worm","floor":12.0,"turns":5.0},{"damage":0.0,"enemies":"Lagavulin","floor":14.0,"turns":9.0},{"damage":48.0,"enemies":"Hexaghost","floor":16.0,"turns":23.0},{"damage":2.0,"enemies":"2 Thieves","floor":18.0,"turns":4.0},{"damage":0.0,"enemies":"3 Byrds","floor":19.0,"turns":6.0},{"damage":1.0,"enemies":"Sentry and Sphere","floor":20.0,"turns":8.0},{"damage":11,"enemies":"Masked Bandits","floor":22,"turns":5},{"damage":0,"enemies":"Snake Plant","floor":28,"turns":9},{"damage":0,"enemies":"Book of Stabbing","floor":29,"turns":7},{"damage":0,"enemies":"Shelled Parasite and Fungi","floor":30,"turns":7},{"damage":0,"enemies":"Snecko","floor":31,"turns":10},{"damage":0,"enemies":"Automaton","floor":33,"turns":15},{"damage":0,"enemies":"3 Shapes","floor":35,"turns":7},{"damage":0,"enemies":"Orb Walker","floor":37,"turns":5},{"damage":0,"enemies":"Reptomancer","floor":40,"turns":6},{"damage":0,"enemies":"Nemesis","floor":42,"turns":7},{"damage":2,"enemies":"Reptomancer","floor":46,"turns":7},{"damage":0,"enemies":"Maw","floor":47,"turns":5},{"damage":0,"enemies":"Donu and Deca","floor":50,"turns":10}],"seed_played":"-6010001972991873293","potions_obtained":[{"floor":6.0,"key":"EntropicBrew"},{"floor":10.0,"key":"Energy Potion"},{"floor":11.0,"key":"SkillPotion"},{"floor":16.0,"key":"Weak Potion"},{"floor":20.0,"key":"Strength Potion"},{"floor":22,"key":"SpeedPotion"},{"floor":28,"key":"AttackPotion"},{"floor":29,"key":"Block Potion"},{"floor":30,"key":"GhostInAJar"},{"floor":37,"key":"PowerPotion"},{"floor":46,"key":"EssenceOfSteel"}],"is_trial":false,"path_per_floor":["M","?","$","?","$","E","?","R","T","?","E","M","R","E","R","B",null,"M","M","M","$","?","R","$","R","T","?","M","E","M","M","R","B",null,"M","$","M","?","?","E","R","E","T","R","?","E","M","$","R","B",null],"character_chosen":"THE_SILENT","items_purchased":["Backstab","Happy Flower","Backflip","Calculated Gamble","Footwork","Purity","Cloak And Dagger","Infinite Blades","Oddly Smooth Stone"],"campfire_rested":0,"item_purchase_floors":[3,21,24,36,36,48,48,48,48],"current_hp_per_floor":[59,59,59,59,59,59,59,59,59,59,57,57,57,57,57,9,47,45,45,44,44,33,33,33,33,33,33,33,33,33,33,33,33,53,53,53,53,43,43,43,58,58,58,60,60,58,58,58,60,60],"gold":20,"neow_bonus":"THREE_ENEMY_KILL","is_prod":false,"is_daily":false,"chose_seed":false,"campfire_upgraded":9,"win_rate":0,"timestamp":1557731222,"path_taken":["M","?","$","?","$","E","?","R","T","?","E","?","R","E","R","BOSS","M","M","M","$","?","R","$","R","T","?","M","E","M","M","R","BOSS","M","$","M","?","?","E","R","E","T","R","?","E","M","$","R","BOSS"],"build_version":"2019-05-07","purchased_purges":2,"victory":true,"max_hp_per_floor":[66,60,60,60,60,60,60,60,60,60,60,60,60,60,60,60,60,60,60,60,60,60,60,60,60,60,60,60,60,60,60,60,60,60,60,60,60,60,60,60,60,60,60,60,60,60,60,60,60,60],"card_choices":[{"not_picked":["Sucker Punch","Dagger Throw"],"picked":"Backflip","floor":1.0},{"not_picked":["Flying Knee","Concentrate"],"picked":"Heel Hook","floor":6.0},{"not_picked":["Outmaneuver","Poisoned Stab"],"picked":"Tools of the Trade","floor":10.0},{"not_picked":["Deflect","Choke"],"picked":"Malaise","floor":11.0},{"not_picked":["Eviscerate","Dodge and Roll"],"picked":"Flying Knee","floor":12.0},{"not_picked":["Deflect","Sucker Punch","Dodge and Roll"],"picked":"SKIP","floor":14.0},{"not_picked":["Glass Knife","Venomology"],"picked":"After Image","floor":16.0},{"not_picked":["Reflex","Poisoned Stab+1","Outmaneuver"],"picked":"SKIP","floor":18.0},{"not_picked":["Flying Knee","Poisoned Stab"],"picked":"Backstab","floor":19.0},{"not_picked":["Acrobatics","Dagger Spray","Prepared"],"picked":"SKIP","floor":20.0},{"not_picked":["Dagger Spray","Well Laid Plans"],"picked":"Tactician","floor":22},{"not_picked":["Bane","Well Laid Plans+1","Outmaneuver"],"picked":"SKIP","floor":28},{"not_picked":["Glass Knife","Quick Slash","Catalyst"],"picked":"SKIP","floor":29},{"not_picked":["Crippling Poison","Slice+1"],"picked":"Underhanded Strike","floor":30},{"not_picked":["Flying Knee","Dagger Throw","Expertise"],"picked":"SKIP","floor":31},{"not_picked":["Tools of the Trade","Envenom"],"picked":"After Image","floor":33},{"not_picked":["Outmaneuver","Underhanded Strike"],"picked":"Finisher","floor":35},{"not_picked":["Poisoned Stab","Outmaneuver+1","All Out Attack"],"picked":"SKIP","floor":37},{"not_picked":["Metamorphosis","Flash of Steel"],"picked":"Panache","floor":38},{"not_picked":["Sucker Punch","Prepared"],"picked":"Tactician+1","floor":40},{"not_picked":["Predator","Bouncing Flask","Finisher"],"picked":"SKIP","floor":42},{"not_picked":["Bane","Sucker Punch+1","Skewer"],"picked":"SKIP","floor":46},{"not_picked":["Flying Knee","Accuracy+1","Choke"],"picked":"SKIP","floor":47}],"player_experience":3224685,"relics_obtained":[{"floor":6.0,"key":"Ornamental Fan"},{"floor":9.0,"key":"Sundial"},{"floor":10.0,"key":"Potion Belt"},{"floor":11.0,"key":"Thread and Needle"},{"floor":14.0,"key":"Juzu Bracelet"},{"floor":22,"key":"Red Mask"},{"floor":26,"key":"Regal Pillow"},{"floor":29,"key":"Anchor"},{"floor":40,"key":"Matryoshka"},{"floor":42,"key":"Orichalcum"},{"floor":43,"key":"Bag of Marbles"},{"floor":46,"key":"Dream Catcher"}],"event_choices":[{"damage_healed":0.0,"max_hp_gain":0.0,"max_hp_loss":6.0,"gold_gain":0.0,"event_name":"Golden Idol","player_choice":"Lose Max HP","floor":2.0,"gold_loss":0.0,"damage_taken":0.0,"relics_obtained":["Golden Idol"]},{"cards_removed":["Strike_G"],"damage_healed":0.0,"max_hp_gain":0.0,"max_hp_loss":0.0,"gold_gain":0.0,"event_name":"Living Wall","player_choice":"Forget","floor":4.0,"gold_loss":0.0,"damage_taken":0.0},{"cards_removed":["Strike_G"],"damage_healed":0.0,"max_hp_gain":0.0,"max_hp_loss":0.0,"gold_gain":0.0,"event_name":"The Cleric","player_choice":"Card Removal","floor":7.0,"gold_loss":75.0,"damage_taken":0.0},{"damage_healed":0.0,"max_hp_gain":0.0,"max_hp_loss":0.0,"gold_gain":0.0,"event_name":"Dead Adventurer","player_choice":"Searched \u00271\u0027 times","floor":10.0,"gold_loss":0.0,"damage_taken":0.0},{"damage_healed":0,"gold_gain":0,"player_choice":"Fought Bandits","damage_taken":0,"max_hp_gain":0,"max_hp_loss":0,"event_name":"Masked Bandits","floor":22,"gold_loss":0},{"damage_healed":0,"gold_gain":0,"cards_transformed":["Strike_G","Strike_G"],"player_choice":"Became Test Subject","damage_taken":0,"max_hp_gain":0,"max_hp_loss":0,"event_name":"Drug Dealer","floor":27,"gold_loss":0,"cards_obtained":["Footwork","Reflex"]},{"damage_healed":0,"gold_gain":0,"player_choice":"Memory 3","damage_taken":10,"max_hp_gain":0,"max_hp_loss":0,"event_name":"SensoryStone","floor":38,"gold_loss":0},{"damage_healed":0,"gold_gain":222,"player_choice":"Wore Mask","damage_taken":0,"max_hp_gain":0,"max_hp_loss":0,"event_name":"Tomb of Lord Red Mask","floor":39,"gold_loss":0},{"cards_removed":["Defend_G"],"damage_healed":0,"gold_gain":0,"player_choice":"Removed Skill","damage_taken":0,"max_hp_gain":0,"max_hp_loss":0,"event_name":"Falling","floor":45,"gold_loss":0}],"is_beta":true,"boss_relics":[{"not_picked":["Snecko Eye","Lizard Tail"],"picked":"Runic Pyramid"},{"not_picked":["Tiny House","Sozu"],"picked":"Eternal Feather"}],"items_purged_floors":[21,36],"is_endless":false,"potions_floor_spawned":[6,10,11,16,20,22,28,29,30,37,46],"ascension_level":17}