{"gold_per_floor":[110,128,146,146,146,146,175,196,196,156],"floor_reached":10,"playtime":418,"items_purged":[],"score":122,"play_id":"5825d650-890e-434b-92c8-255c4acacce2","local_time":"20190404052037","is_ascension_mode":true,"campfire_choices":[{"floor":6,"key":"REST"}],"neow_cost":"NONE","seed_source_timestamp":3040760244676018,"circlet_count":0,"master_deck":["AscendersBane","Defend_G","Defend_G","Defend_G+1","Defend_G","Defend_G","Strike_G","Strike_G","Strike_G","Strike_G","Strike_G","Survivor","Neutralize","Trip+1","Distraction","Setup+1","Dagger Spray","Malaise","Cloak And Dagger"],"relics":["Ring of the Snake","Blue Candle","Odd Mushroom","Orichalcum"],"potions_floor_usage":[8],"damage_taken":[{"damage":0,"enemies":"2 Louse","floor":1,"turns":3},{"damage":1,"enemies":"Small Slimes","floor":2,"turns":3},{"damage":10,"enemies":"Cultist","floor":3,"turns":6},{"damage":33,"enemies":"3 Sentries","floor":7,"turns":12},{"damage":0,"enemies":"The Mushroom Lair","floor":8,"turns":2},{"damage":14,"enemies":"Exordium Thugs","floor":10,"turns":2}],"seed_played":"7479477963874470034","potions_obtained":[{"floor":2,"key":"SneckoOil"},{"floor":7,"key":"Explosive Potion"}],"is_trial":false,"path_per_floor":["M","M","M","?","?","R","E","?","T","M"],"character_chosen":"THE_SILENT","items_purchased":[],"campfire_rested":1,"item_purchase_floors":[],"current_hp_per_floor":[59,58,48,48,28,47,14,14,14,0],"gold":156,"neow_bonus":"RANDOM_COLORLESS","is_prod":false,"is_daily":false,"chose_seed":false,"campfire_upgraded":0,"win_rate":0,"timestamp":1554322837,"path_taken":["M","M","M","?","?","R","E","?","T","M"],"build_version":"2019-03-15","purchased_purges":0,"victory":false,"max_hp_per_floor":[66,66,66,66,66,66,66,66,66,66],"card_choices":[{"not_picked":["Prepared","Bane"],"picked":"Distraction","floor":1},{"not_picked":["Catalyst","Underhanded Strike"],"picked":"Setup","floor":2},{"not_picked":["PiercingWail","Prepared"],"picked":"Dagger Spray","floor":3},{"not_picked":["Blade Dance","Poisoned Stab"],"picked":"Malaise","floor":7},{"not_picked":["Poisoned Stab","Prepared"],"picked":"Cloak And Dagger","floor":8}],"player_experience":2809220,"relics_obtained":[{"floor":7,"key":"Blue Candle"},{"floor":8,"key":"Odd Mushroom"},{"floor":9,"key":"Orichalcum"}],"event_choices":[{"damage_healed":0,"gold_gain":0,"player_choice":"Grow","damage_taken":0,"max_hp_gain":0,"max_hp_loss":0,"event_name":"Living Wall","floor":4,"gold_loss":0,"cards_upgraded":["Setup"]},{"damage_healed":0,"gold_gain":0,"player_choice":"Entered Light","damage_taken":20,"max_hp_gain":0,"max_hp_loss":0,"event_name":"Shining Light","floor":5,"gold_loss":0,"cards_upgraded":["Defend_G","Trip"]},{"damage_healed":0,"gold_gain":0,"player_choice":"Fought Mushrooms","damage_taken":0,"max_hp_gain":0,"max_hp_loss":0,"event_name":"Mushrooms","floor":8,"gold_loss":0}],"is_beta":true,"boss_relics":[],"items_purged_floors":[],"is_endless":false,"potions_floor_spawned":[2,7],"killed_by":"Exordium Thugs","ascension_level":17}