{"gold_per_floor":[109,120,132,150,170,170,195,210,289,289,2,2,19,35,35,35],"floor_reached":16,"playtime":854,"items_purged":["Strike_B"],"score":196,"play_id":"24bbe699-2852-4364-a4c5-728ba0646d5a","local_time":"20190430064605","is_ascension_mode":true,"campfire_choices":[{"floor":6.0,"key":"REST"},{"floor":10.0,"key":"REST"},{"data":"Hologram","floor":12.0,"key":"SMITH"},{"floor":15,"key":"REST"}],"neow_cost":"NONE","seed_source_timestamp":309081028168083,"circlet_count":0,"master_deck":["AscendersBane","Strike_B","Strike_B","Strike_B","Defend_B","Defend_B","Defend_B","Defend_B","Zap","Dualcast","Compile Driver","Streamline","Hologram+1","Recycle","Shockwave","Burning Pact"],"special_seed":0,"relics":["Snecko Eye","Bottled Flame","Mummified Hand","PrismaticShard"],"potions_floor_usage":[16],"damage_taken":[{"damage":0.0,"enemies":"Small Slimes","floor":1.0,"turns":3.0},{"damage":1.0,"enemies":"2 Louse","floor":2.0,"turns":3.0},{"damage":9.0,"enemies":"Jaw Worm","floor":3.0,"turns":5.0},{"damage":9.0,"enemies":"2 Fungi Beasts","floor":4.0,"turns":4.0},{"damage":14.0,"enemies":"3 Louse","floor":5.0,"turns":3.0},{"damage":30.0,"enemies":"Lagavulin","floor":7.0,"turns":7.0},{"damage":8.0,"enemies":"Blue Slaver","floor":8.0,"turns":2.0},{"damage":11,"enemies":"Large Slime","floor":13,"turns":4},{"damage":8,"enemies":"3 Louse","floor":14,"turns":3},{"damage":45,"enemies":"Slime Boss","floor":16,"turns":8}],"seed_played":"-2218712875337135489","potions_obtained":[{"floor":2.0,"key":"Dexterity Potion"},{"floor":4.0,"key":"Ancient Potion"}],"is_trial":false,"path_per_floor":["M","M","M","M","M","R","E","M","T","R","$","R","M","M","R","B"],"character_chosen":"DEFECT","items_purchased":["PrismaticShard"],"campfire_rested":3,"item_purchase_floors":[11],"current_hp_per_floor":[64,63,54,45,31,52,22,14,14,35,35,35,24,16,37,0],"gold":35,"neow_bonus":"BOSS_RELIC","is_prod":false,"is_daily":false,"chose_seed":false,"campfire_upgraded":1,"win_rate":0,"timestamp":1556574365,"path_taken":["M","M","M","M","M","R","E","M","T","R","$","R","M","M","R","BOSS"],"build_version":"2019-04-23","purchased_purges":1,"victory":false,"max_hp_per_floor":[71,71,71,71,71,71,71,71,71,71,71,71,71,71,71,71],"card_choices":[{"not_picked":["Darkness","Reprogram"],"picked":"Compile Driver","floor":1.0},{"not_picked":["Sweeping Beam","Consume","Leap"],"picked":"SKIP","floor":2.0},{"not_picked":["Steam","Go for the Eyes","FTL"],"picked":"SKIP","floor":3.0},{"not_picked":["Leap","Gash"],"picked":"Streamline","floor":4.0},{"not_picked":["Rebound","Stack"],"picked":"Hologram","floor":5.0},{"not_picked":["Auto Shields","Reprogram"],"picked":"Recycle","floor":7.0},{"not_picked":["Turbo","Steam","Genetic Algorithm"],"picked":"SKIP","floor":8.0},{"not_picked":["Barrage","Dodge and Roll"],"picked":"Shockwave","floor":13},{"not_picked":["Flying Knee","Poisoned Stab"],"picked":"Burning Pact","floor":14}],"player_experience":3108554,"relics_obtained":[{"floor":7.0,"key":"Bottled Flame"},{"floor":9.0,"key":"Mummified Hand"}],"event_choices":[],"is_beta":true,"boss_relics":[],"items_purged_floors":[11],"is_endless":false,"potions_floor_spawned":[2,4,5,8],"killed_by":"Slime Boss","ascension_level":17}