{"gold_per_floor":[115,115,133,208,208,208,233,72,72,72,88,88,106,106,106,210,210,228,50,70,70,90,90,122,122,122,122,150,164,179,179,179,282,282,295,295,312,534,50,50,83,83,83,6,6,32,32,48,48,48],"floor_reached":51,"playtime":3387,"items_purged":["Strike_G","Strike_G","Strike_G+1"],"score":992,"play_id":"1f51466d-52d7-48a0-85e0-1ca56c592444","local_time":"20190103201408","is_ascension_mode":true,"campfire_choices":[{"data":"Neutralize","floor":6,"key":"SMITH"},{"floor":10,"key":"REST"},{"data":"Blade Dance","floor":12,"key":"SMITH"},{"data":"Footwork","floor":15,"key":"SMITH"},{"data":"Accuracy","floor":23,"key":"SMITH"},{"data":"Backflip","floor":25,"key":"SMITH"},{"floor":27,"key":"REST"},{"data":"Cloak And Dagger","floor":32,"key":"SMITH"},{"floor":40,"key":"REST"},{"data":"Madness","floor":42,"key":"SMITH"},{"data":"Madness","floor":45,"key":"SMITH"},{"floor":49,"key":"REST"}],"neow_cost":"NONE","seed_source_timestamp":1029863543132989,"circlet_count":0,"master_deck":["Defend_G+1","Defend_G+1","Defend_G+1","Defend_G+1","Defend_G+1","Strike_G+1","Strike_G+1","Survivor","Neutralize+1","Dagger Throw","Footwork+1","Accuracy+1","Blade Dance+1","Escape Plan","Backflip+1","Corpse Explosion","Calculated Gamble","PiercingWail+1","Cloak And Dagger+1","After Image+1","Blur+1","Madness+1","Madness+1","Footwork+1","Well Laid Plans+1","Prepared","Leg Sweep"],"relics":["Ring of the Snake","Pen Nib","Anchor","Bottled Flame","Busted Crown","Frozen Egg 2","Gambling Chip","Red Mask","Black Star","Membership Card","Matryoshka","Turnip","Centennial Puzzle","PreservedInsect","Singing Bowl","Vajra","Juzu Bracelet","Calipers"],"potions_floor_usage":[7],"damage_taken":[{"damage":0,"enemies":"Small Slimes","floor":1,"turns":3},{"damage":2,"enemies":"Jaw Worm","floor":3,"turns":4},{"damage":25,"enemies":"3 Sentries","floor":7,"turns":8},{"damage":0,"enemies":"Cultist","floor":11,"turns":4},{"damage":0,"enemies":"Blue Slaver","floor":13,"turns":3},{"damage":18,"enemies":"Hexaghost","floor":16,"turns":12},{"damage":11,"enemies":"Chosen","floor":18,"turns":6},{"damage":0,"enemies":"3 Byrds","floor":20,"turns":2},{"damage":3,"enemies":"Shelled Parasite and Fungi","floor":22,"turns":7},{"damage":0,"enemies":"Gremlin Leader","floor":24,"turns":7},{"damage":0,"enemies":"Masked Bandits","floor":28,"turns":2},{"damage":0,"enemies":"Snake Plant","floor":29,"turns":6},{"damage":0,"enemies":"Snecko","floor":30,"turns":5},{"damage":42,"enemies":"Collector","floor":33,"turns":12},{"damage":7,"enemies":"3 Darklings","floor":35,"turns":4},{"damage":8,"enemies":"3 Shapes","floor":37,"turns":5},{"damage":2,"enemies":"Giant Head","floor":41,"turns":13},{"damage":0,"enemies":"Nemesis","floor":46,"turns":7},{"damage":0,"enemies":"Sphere and 2 Shapes","floor":48,"turns":7},{"damage":39,"enemies":"Donu and Deca","floor":50,"turns":13}],"seed_played":"3876032903399198840","potions_obtained":[{"floor":1,"key":"LiquidBronze"},{"floor":5,"key":"FairyPotion"},{"floor":5,"key":"GamblersBrew"},{"floor":16,"key":"LiquidBronze"},{"floor":18,"key":"GhostInAJar"}],"is_trial":false,"path_per_floor":["M","?","M","?","?","R","E","$","T","R","M","R","M","?","R","B",null,"M","$","M","?","M","R","E","R","T","R","?","M","M","?","R","B",null,"M","?","M","?","$","R","E","R","T","$","R","E","?","M","R","B",null],"character_chosen":"THE_SILENT","items_purchased":["Accuracy","Blade Dance","Calculated Gamble","Well Laid Plans+1","Membership Card","Matryoshka","Prepared","Vajra"],"campfire_rested":4,"item_purchase_floors":[8,8,19,39,39,39,39,44],"current_hp_per_floor":[63,49,47,36,36,36,11,11,11,32,32,32,32,32,32,14,56,45,45,45,45,42,42,42,42,42,63,63,63,63,63,63,21,58,51,42,34,34,34,55,53,53,53,53,53,53,53,55,72,33],"gold":48,"neow_bonus":"RANDOM_COMMON_RELIC","is_prod":false,"is_daily":false,"chose_seed":false,"campfire_upgraded":8,"win_rate":0,"timestamp":1546514048,"path_taken":["M","?","M","?","?","R","E","$","T","R","M","R","?","?","R","BOSS","M","$","M","?","M","R","E","R","T","R","?","M","M","?","R","BOSS","M","?","M","?","$","R","E","R","T","?","R","E","?","M","R","BOSS"],"build_version":"2018-12-20","purchased_purges":3,"victory":true,"max_hp_per_floor":[70,70,70,70,70,70,70,70,70,70,70,70,70,70,70,70,70,70,70,70,70,70,70,70,70,70,70,70,70,70,70,70,70,70,70,70,70,70,70,70,70,70,70,70,70,70,70,72,72,72],"card_choices":[{"not_picked":["Distraction","Underhanded Strike"],"picked":"Dagger Throw","floor":1},{"not_picked":["Dagger Throw","Blade Dance"],"picked":"Footwork","floor":3},{"not_picked":["Acrobatics","Burst","Flying Knee"],"picked":"SKIP","floor":7},{"not_picked":["Blade Dance","Choke"],"picked":"Escape Plan","floor":11},{"not_picked":["Slice","Bane"],"picked":"Backflip","floor":13},{"not_picked":["Die Die Die","Venomology"],"picked":"Corpse Explosion","floor":16},{"not_picked":["Underhanded Strike"],"picked":"SKIP","floor":18},{"not_picked":[],"picked":"PiercingWail+1","floor":20},{"not_picked":["Sucker Punch"],"picked":"SKIP","floor":22},{"not_picked":["Backflip"],"picked":"SKIP","floor":24},{"not_picked":["Poisoned Stab+1"],"picked":"SKIP","floor":29},{"not_picked":[],"picked":"Cloak And Dagger","floor":30},{"not_picked":[],"picked":"After Image+1","floor":33},{"not_picked":[],"picked":"Blur+1","floor":35},{"not_picked":[],"picked":"Footwork+1","floor":37},{"not_picked":["Wraith Form v2+1"],"picked":"SKIP","floor":41},{"not_picked":[],"picked":"Leg Sweep","floor":46},{"not_picked":["Acrobatics"],"picked":"Singing Bowl","floor":48}],"player_experience":316113,"relics_obtained":[{"floor":7,"key":"Anchor"},{"floor":9,"key":"Bottled Flame"},{"floor":24,"key":"Frozen Egg 2"},{"floor":26,"key":"Gambling Chip"},{"floor":28,"key":"Red Mask"},{"floor":41,"key":"Turnip"},{"floor":41,"key":"Centennial Puzzle"},{"floor":43,"key":"PreservedInsect"},{"floor":43,"key":"Singing Bowl"},{"floor":46,"key":"Juzu Bracelet"},{"floor":46,"key":"Calipers"}],"event_choices":[{"damage_healed":0,"gold_gain":0,"player_choice":"Entered Light","damage_taken":14,"max_hp_gain":0,"max_hp_loss":0,"event_name":"Shining Light","floor":2,"gold_loss":0,"cards_upgraded":["Strike_G","Strike_G"]},{"damage_healed":0,"gold_gain":75,"player_choice":"Gather Gold","damage_taken":11,"max_hp_gain":0,"max_hp_loss":0,"event_name":"World of Goop","floor":4,"gold_loss":0},{"damage_healed":0,"gold_gain":0,"player_choice":"Got Potions","damage_taken":0,"max_hp_gain":0,"max_hp_loss":0,"event_name":"Lab","floor":5,"gold_loss":0},{"damage_healed":0,"gold_gain":0,"player_choice":"Ignored","damage_taken":0,"max_hp_gain":0,"max_hp_loss":0,"event_name":"Liars Game","floor":14,"gold_loss":0},{"damage_healed":0,"gold_gain":0,"player_choice":"Simplicity","damage_taken":0,"max_hp_gain":0,"max_hp_loss":0,"event_name":"Back to Basics","floor":21,"gold_loss":0,"cards_upgraded":["Defend_G","Defend_G","Defend_G","Defend_G","Defend_G","Strike_G"]},{"damage_healed":0,"gold_gain":0,"player_choice":"Fought Bandits","damage_taken":0,"max_hp_gain":0,"max_hp_loss":0,"event_name":"Masked Bandits","floor":28,"gold_loss":0},{"damage_healed":0,"gold_gain":0,"player_choice":"Ignored","damage_taken":0,"max_hp_gain":0,"max_hp_loss":0,"event_name":"Vampires","floor":31,"gold_loss":0},{"damage_healed":0,"gold_gain":0,"player_choice":"Embrace Madness","damage_taken":9,"max_hp_gain":0,"max_hp_loss":0,"event_name":"Winding Halls","floor":36,"gold_loss":0,"cards_obtained":["Madness","Madness"]},{"damage_healed":0,"gold_gain":222,"player_choice":"Wore Mask","damage_taken":0,"max_hp_gain":0,"max_hp_loss":0,"event_name":"Tomb of Lord Red Mask","floor":38,"gold_loss":0},{"damage_healed":0,"gold_gain":0,"player_choice":"Ignored","damage_taken":0,"max_hp_gain":0,"max_hp_loss":0,"event_name":"Mysterious Sphere","floor":47,"gold_loss":0}],"is_beta":false,"boss_relics":[{"not_picked":["White Beast Statue","Velvet Choker"],"picked":"Busted Crown"},{"not_picked":["Philosopher\u0027s Stone","Lizard Tail"],"picked":"Black Star"}],"items_purged_floors":[8,19,39],"is_endless":false,"potions_floor_spawned":[1,16,18,29,35,37],"ascension_level":6}