{"gold_per_floor":[112,127,137,148,162,162,179,179,231,156,156,172,207,221,221,300,300,300,300,85,85,85,85,10,10,10,10,10,10,10,10,10,10],"floor_reached":33,"playtime":1556,"items_purged":["Strike_R"],"score":535,"play_id":"d1dbf8ff-0182-46fd-9919-61031d873dcd","local_time":"20190521072651","is_ascension_mode":true,"campfire_choices":[{"data":"Inflame","floor":6.0,"key":"SMITH"},{"data":"Whirlwind","floor":8.0,"key":"SMITH"},{"floor":11.0,"key":"REST"},{"data":"Uppercut","floor":15.0,"key":"SMITH"},{"data":"Dark Embrace","floor":23.0,"key":"SMITH"},{"floor":28.0,"key":"REST"},{"floor":32.0,"key":"REST"}],"neow_cost":"TEN_PERCENT_HP_LOSS","seed_source_timestamp":0,"circlet_count":0,"master_deck":["AscendersBane","Strike_R","Strike_R","Strike_R","Defend_R","Defend_R","Defend_R","Defend_R","Bash","Cleave","Seeing Red","Inflame+1","Sword Boomerang","Evolve","Whirlwind+1","Twin Strike","Disarm","Uppercut+1","Disarm","Flame Barrier","Power Through","Immolate","Pummel","Inflame","Second Wind","Battle Trance","Power Through","Dark Embrace+1","Fiend Fire","Reaper"],"special_seed":0,"relics":["Burning Blood","Prayer Wheel","Ancient Tea Set","Question Card","Ectoplasm","Red Skull","Self Forming Clay","Lantern"],"potions_floor_usage":[],"damage_taken":[{"damage":7.0,"enemies":"Cultist","floor":1.0,"turns":4.0},{"damage":11.0,"enemies":"Small Slimes","floor":2.0,"turns":3.0},{"damage":6.0,"enemies":"2 Louse","floor":3.0,"turns":3.0},{"damage":39.0,"enemies":"Exordium Thugs","floor":4.0,"turns":4.0},{"damage":15.0,"enemies":"Large Slime","floor":5.0,"turns":6.0},{"damage":6.0,"enemies":"Looter","floor":7.0,"turns":2.0},{"damage":0.0,"enemies":"Exordium Wildlife","floor":12.0,"turns":1.0},{"damage":20.0,"enemies":"3 Sentries","floor":13.0,"turns":3.0},{"damage":0.0,"enemies":"Lots of Slimes","floor":14.0,"turns":1.0},{"damage":29.0,"enemies":"Slime Boss","floor":16.0,"turns":11.0},{"damage":13.0,"enemies":"Chosen","floor":18.0,"turns":6.0},{"damage":20.0,"enemies":"Shell Parasite","floor":19.0,"turns":4.0},{"damage":10.0,"enemies":"3 Cultists","floor":21.0,"turns":3.0},{"damage":22.0,"enemies":"Book of Stabbing","floor":25.0,"turns":4.0},{"damage":15.0,"enemies":"Slavers","floor":30.0,"turns":3.0},{"damage":20.0,"enemies":"Shelled Parasite and Fungi","floor":31.0,"turns":3.0},{"damage":33,"enemies":"Automaton","floor":33,"turns":4}],"seed_played":"-793479916759125227","potions_obtained":[{"floor":3.0,"key":"Weak Potion"},{"floor":4.0,"key":"Poison Potion"},{"floor":5.0,"key":"FearPotion"},{"floor":7.0,"key":"AttackPotion"},{"floor":16.0,"key":"Swift Potion"},{"floor":18.0,"key":"Swift Potion"}],"is_trial":false,"path_per_floor":["M","M","M","M","M","R","M","R","T","?","R","M","E","M","R","B",null,"M","M","$","M","?","R","$","E","T","?","R","?","E","M","R","B"],"character_chosen":"IRONCLAD","items_purchased":["Red Skull","Energy Potion"],"campfire_rested":3,"item_purchase_floors":[20,20],"current_hp_per_floor":[67,62,62,29,20,20,20,20,20,20,40,46,32,38,38,15,55,48,34,34,30,30,30,30,14,14,14,34,34,25,11,31,0],"gold":10,"neow_bonus":"ONE_RARE_RELIC","is_prod":false,"is_daily":false,"chose_seed":false,"campfire_upgraded":4,"win_rate":0,"timestamp":1558391211,"path_taken":["M","M","M","M","M","R","?","R","T","?","R","M","E","M","R","BOSS","M","M","$","M","?","R","?","E","T","?","R","?","E","M","R","BOSS"],"build_version":"2019-05-07","purchased_purges":1,"victory":false,"max_hp_per_floor":[68,68,68,68,68,68,68,68,68,68,68,68,68,68,68,68,68,68,68,68,68,68,68,68,68,68,68,68,68,68,68,68,68],"card_choices":[{"not_picked":["Body Slam","Fire Breathing"],"picked":"Cleave","floor":1.0},{"not_picked":["Rage","Clash"],"picked":"Seeing Red","floor":1.0},{"not_picked":["Rampage","Iron Wave"],"picked":"Inflame","floor":2.0},{"not_picked":["Headbutt","Searing Blow"],"picked":"Sword Boomerang","floor":2.0},{"not_picked":["Metallicize","Power Through"],"picked":"Evolve","floor":3.0},{"not_picked":["Warcry","Perfected Strike","Body Slam"],"picked":"SKIP","floor":3.0},{"not_picked":["Rampage","Fire Breathing"],"picked":"Whirlwind","floor":4.0},{"not_picked":["Sentinel","Juggernaut","Pommel Strike"],"picked":"SKIP","floor":4.0},{"not_picked":["Thunderclap","Sword Boomerang"],"picked":"Twin Strike","floor":5.0},{"not_picked":["Heavy Blade","Anger"],"picked":"Disarm","floor":5.0},{"not_picked":["Combust","Sword Boomerang"],"picked":"Uppercut","floor":7.0},{"not_picked":["Hemokinesis","Clash","Headbutt"],"picked":"SKIP","floor":7.0},{"not_picked":["Anger","Thunderclap"],"picked":"Disarm","floor":12.0},{"not_picked":["Evolve","Metallicize","Clash"],"picked":"SKIP","floor":12.0},{"not_picked":["Barricade","Whirlwind"],"picked":"Flame Barrier","floor":13.0},{"not_picked":["Havoc","Pommel Strike","Entrench"],"picked":"Power Through","floor":14.0},{"not_picked":["Cleave","Perfected Strike","Flex","Metallicize"],"picked":"SKIP","floor":14.0},{"not_picked":["Barricade","Berserk","Dark Embrace"],"picked":"Immolate","floor":16.0},{"not_picked":["Perfected Strike","Rage","Body Slam"],"picked":"Pummel","floor":18.0},{"not_picked":["Cleave","Anger","Infernal Blade","Seeing Red"],"picked":"SKIP","floor":18.0},{"not_picked":["Clothesline","Blood for Blood","Iron Wave"],"picked":"Inflame","floor":19.0},{"not_picked":["Evolve","Pummel+1","Brutality"],"picked":"Second Wind","floor":19.0},{"not_picked":["Thunderclap","Cleave","Shrug It Off"],"picked":"Battle Trance","floor":21.0},{"not_picked":["Seeing Red","Heavy Blade","Ghostly Armor"],"picked":"Power Through","floor":21.0},{"not_picked":["Clothesline","Burning Pact","Bludgeon"],"picked":"Fiend Fire","floor":25.0},{"not_picked":["Thunderclap","Corruption","Havoc"],"picked":"Reaper","floor":30.0},{"not_picked":["Anger","Rupture+1","Havoc","Sword Boomerang+1"],"picked":"SKIP","floor":31.0},{"not_picked":["Clash","Warcry","Anger","Iron Wave"],"picked":"SKIP","floor":31.0}],"player_experience":3293793,"relics_obtained":[{"floor":9.0,"key":"Ancient Tea Set"},{"floor":13.0,"key":"Question Card"},{"floor":25.0,"key":"Self Forming Clay"},{"floor":30.0,"key":"Lantern"}],"event_choices":[{"cards_removed":["Strike_R"],"damage_healed":0.0,"max_hp_gain":0.0,"max_hp_loss":0.0,"gold_gain":0.0,"event_name":"The Cleric","player_choice":"Card Removal","floor":10.0,"gold_loss":75.0,"damage_taken":0.0},{"damage_healed":0.0,"max_hp_gain":0.0,"max_hp_loss":0.0,"gold_gain":0.0,"event_name":"The Library","player_choice":"Read","floor":22.0,"gold_loss":0.0,"damage_taken":0.0,"cards_obtained":["Dark Embrace"]},{"damage_healed":0.0,"max_hp_gain":0.0,"max_hp_loss":0.0,"gold_gain":0.0,"event_name":"Vampires","player_choice":"Ignored","floor":27.0,"gold_loss":0.0,"damage_taken":0.0},{"damage_healed":0.0,"max_hp_gain":0.0,"max_hp_loss":0.0,"gold_gain":0.0,"event_name":"Ghosts","player_choice":"Ignored","floor":29.0,"gold_loss":0.0,"damage_taken":0.0}],"is_beta":true,"boss_relics":[{"not_picked":["Black Star","Velvet Choker"],"picked":"Ectoplasm"}],"items_purged_floors":[24],"is_endless":false,"potions_floor_spawned":[3,4,5,7,16,18,21],"killed_by":"Automaton","ascension_level":17}