{"gold_per_floor":[119,119,135,155,40,54,54,87,387,387,414,425,22,47,47,47],"floor_reached":16,"playtime":909,"items_purged":["Strike_R","Strike_R"],"score":204,"play_id":"6628e0f7-2a61-499d-873a-03cebde90c36","local_time":"20190210195830","is_ascension_mode":true,"campfire_choices":[{"data":"Bash","floor":7.0,"key":"SMITH"},{"floor":10.0,"key":"REST"},{"data":"True Grit","floor":15,"key":"SMITH"}],"neow_cost":"PERCENT_DAMAGE","seed_source_timestamp":2696685620523108,"circlet_count":0,"master_deck":["AscendersBane","Strike_R","Strike_R+1","Strike_R+1","Defend_R","Defend_R","Defend_R","Defend_R","Bash+1","Battle Trance","Clothesline","Impervious","Ghostly Armor","Warcry","True Grit+1","Wild Strike","Dropkick","Shrug It Off","Shrug It Off"],"special_seed":0,"relics":["Burning Blood","Magic Flower","Old Coin","Paper Frog","Kunai","Lantern"],"potions_floor_usage":[14],"damage_taken":[{"damage":2.0,"enemies":"2 Louse","floor":1.0,"turns":4.0},{"damage":2.0,"enemies":"Jaw Worm","floor":3.0,"turns":3.0},{"damage":4.0,"enemies":"Small Slimes","floor":4.0,"turns":3.0},{"damage":8.0,"enemies":"Looter","floor":6.0,"turns":4.0},{"damage":32.0,"enemies":"Lagavulin","floor":8.0,"turns":7.0},{"damage":21.0,"enemies":"Gremlin Nob","floor":11.0,"turns":4.0},{"damage":4.0,"enemies":"Large Slime","floor":12.0,"turns":7.0},{"damage":27,"enemies":"Lagavulin","floor":14,"turns":7},{"damage":56,"enemies":"The Guardian","floor":16,"turns":12}],"seed_played":"-89736195311092538","potions_obtained":[{"floor":1.0,"key":"Swift Potion"},{"floor":4.0,"key":"Regen Potion"},{"floor":11.0,"key":"Fire Potion"},{"floor":12.0,"key":"FearPotion"}],"is_trial":false,"path_per_floor":["M","?","M","M","$","M","R","E","T","R","E","M","$","E","R","B"],"character_chosen":"IRONCLAD","items_purchased":["Ghostly Armor","Kunai","Shrug It Off"],"campfire_rested":1,"item_purchase_floors":[5,13,13],"current_hp_per_floor":[68,50,54,56,56,63,63,37,37,63,51,56,56,38,38,0],"gold":47,"neow_bonus":"TWENTY_PERCENT_HP_BONUS","is_prod":false,"is_daily":false,"chose_seed":false,"campfire_upgraded":2,"win_rate":0,"timestamp":1549796310,"path_taken":["M","?","M","M","$","M","R","E","T","R","E","M","$","E","R","BOSS"],"build_version":"2019-01-23","purchased_purges":2,"victory":false,"max_hp_per_floor":[89,89,89,89,89,89,89,89,89,89,89,89,89,89,89,89],"card_choices":[{"not_picked":["Sentinel","Shockwave"],"picked":"Battle Trance","floor":1.0},{"not_picked":["Heavy Blade","Cleave"],"picked":"Clothesline","floor":3.0},{"not_picked":["Anger","Dropkick"],"picked":"Impervious","floor":4.0},{"not_picked":["Iron Wave","Sever Soul"],"picked":"Warcry","floor":6.0},{"not_picked":["Blood for Blood","Cleave"],"picked":"True Grit","floor":8.0},{"not_picked":["Burning Pact","Havoc"],"picked":"Wild Strike","floor":11.0},{"not_picked":["Perfected Strike","Armaments"],"picked":"Dropkick","floor":12.0},{"not_picked":["Cleave","Rupture"],"picked":"Shrug It Off","floor":14}],"player_experience":602953,"relics_obtained":[{"floor":8.0,"key":"Magic Flower"},{"floor":9.0,"key":"Old Coin"},{"floor":11.0,"key":"Paper Frog"},{"floor":14,"key":"Lantern"}],"event_choices":[{"damage_healed":0.0,"max_hp_gain":0.0,"max_hp_loss":0.0,"gold_gain":0.0,"event_name":"Shining Light","player_choice":"Entered Light","floor":2.0,"gold_loss":0.0,"damage_taken":18.0,"cards_upgraded":["Strike_R","Strike_R"]}],"is_beta":false,"boss_relics":[],"items_purged_floors":[5,13],"is_endless":false,"potions_floor_spawned":[1,4,11,12],"killed_by":"The Guardian","ascension_level":14}