{"gold_per_floor":[116,116,66,86,86,111,111,142,142,142,158,36,47,27,27,101,101,83,100,100,14,29,29,29],"floor_reached":24,"playtime":1290,"items_purged":["Strike_B"],"score":381,"play_id":"b457e442-1a28-4b2d-849e-89b6d34c77bc","local_time":"20190207231342","is_ascension_mode":true,"campfire_choices":[{"data":"Sunder","floor":7,"key":"SMITH"},{"floor":10,"key":"REST"},{"data":"Hologram","floor":15,"key":"SMITH"},{"floor":23,"key":"REST"}],"neow_cost":"NONE","seed_source_timestamp":2448848269652391,"circlet_count":0,"master_deck":["AscendersBane","Defend_B","Defend_B","Zap","Dualcast","Sunder+1","Conserve Battery","Echo Form","Coolheaded+1","Leap","Auto Shields","Hologram+1","Machine Learning","Consume+1","Hologram+1","Turbo+1","Capacitor+1","Cold Snap+1","Panacea","FTL+1"],"relics":["Cracked Core","NeowsBlessing","Unceasing Top","Calipers","Gremlin Horn","Astrolabe"],"potions_floor_usage":[16,18,18,22],"damage_taken":[{"damage":0,"enemies":"Small Slimes","floor":1,"turns":1},{"damage":0,"enemies":"Jaw Worm","floor":4,"turns":1},{"damage":0,"enemies":"Lagavulin","floor":6,"turns":1},{"damage":38,"enemies":"3 Sentries","floor":8,"turns":10},{"damage":0,"enemies":"Cultist","floor":11,"turns":3},{"damage":6,"enemies":"Blue Slaver","floor":13,"turns":6},{"damage":6,"enemies":"Exordium Thugs","floor":14,"turns":4},{"damage":19,"enemies":"Slime Boss","floor":16,"turns":6},{"damage":8,"enemies":"2 Thieves","floor":18,"turns":4},{"damage":25,"enemies":"Chosen","floor":19,"turns":5},{"damage":13,"enemies":"Centurion and Healer","floor":22,"turns":6},{"damage":45,"enemies":"Book of Stabbing","floor":24,"turns":8}],"seed_played":"-2104850715540601147","potions_obtained":[{"floor":6,"key":"FearPotion"},{"floor":14,"key":"Swift Potion"},{"floor":16,"key":"Explosive Potion"},{"floor":19,"key":"Weak Potion"}],"is_trial":false,"path_per_floor":["M","?","?","M","?","E","R","E","T","R","M","$","M","M","R","B",null,"M","M","?","$","M","R","E"],"character_chosen":"DEFECT","items_purchased":["Leap","Panacea"],"campfire_rested":2,"item_purchase_floors":[12,21],"current_hp_per_floor":[68,73,73,73,66,66,66,28,28,52,52,52,46,40,40,21,65,57,32,32,32,19,43,0],"gold":29,"neow_bonus":"THREE_ENEMY_KILL","is_prod":false,"is_daily":false,"chose_seed":false,"campfire_upgraded":2,"win_rate":0,"timestamp":1549548822,"path_taken":["M","?","?","?","?","E","R","E","T","R","M","?","M","M","R","BOSS","M","M","?","$","M","R","E"],"build_version":"2019-01-23","purchased_purges":1,"victory":false,"max_hp_per_floor":[75,80,80,80,80,80,80,80,80,80,80,80,80,80,80,80,80,80,80,80,80,80,80,80],"card_choices":[{"not_picked":["Streamline","Fusion"],"picked":"Sunder","floor":1},{"not_picked":["Consume","Compile Driver"],"picked":"Conserve Battery","floor":4},{"not_picked":["Recycle","Stack"],"picked":"Echo Form","floor":6},{"not_picked":["Ball Lightning","Double Energy"],"picked":"Coolheaded","floor":8},{"not_picked":["Compile Driver","Aggregate","Redo"],"picked":"SKIP","floor":11},{"not_picked":["Stack","Blizzard"],"picked":"Auto Shields","floor":13},{"not_picked":["Barrage","Compile Driver"],"picked":"Hologram","floor":14},{"not_picked":["Amplify","Seek"],"picked":"Machine Learning","floor":16},{"not_picked":["Static Discharge","Ball Lightning"],"picked":"Capacitor+1","floor":18},{"not_picked":["Redo","Go for the Eyes"],"picked":"Cold Snap+1","floor":19},{"not_picked":["Streamline","Barrage+1"],"picked":"FTL+1","floor":22}],"player_experience":565351,"relics_obtained":[{"floor":6,"key":"Unceasing Top"},{"floor":8,"key":"Calipers"},{"floor":9,"key":"Gremlin Horn"}],"event_choices":[{"damage_healed":0,"gold_gain":0,"player_choice":"Donut","damage_taken":0,"max_hp_gain":5,"max_hp_loss":0,"event_name":"Big Fish","floor":2,"gold_loss":0},{"cards_removed":["Strike_B"],"damage_healed":0,"gold_gain":0,"player_choice":"Card Removal","damage_taken":0,"max_hp_gain":0,"max_hp_loss":0,"event_name":"The Cleric","floor":3,"gold_loss":50},{"cards_removed":["Strike_B"],"damage_healed":0,"gold_gain":0,"player_choice":"Card Removal","damage_taken":7,"max_hp_gain":0,"max_hp_loss":0,"event_name":"Golden Wing","floor":5,"gold_loss":0},{"damage_healed":0,"gold_gain":0,"player_choice":"Upgraded","damage_taken":0,"max_hp_gain":0,"max_hp_loss":0,"event_name":"Upgrade Shrine","floor":20,"gold_loss":0,"cards_upgraded":["Coolheaded"]}],"is_beta":false,"boss_relics":[{"not_picked":["Eternal Feather","Philosopher\u0027s Stone"],"picked":"Astrolabe"}],"items_purged_floors":[12],"is_endless":false,"potions_floor_spawned":[6,14,16,19],"killed_by":"Book of Stabbing","ascension_level":13}