{"gold_per_floor":[115,133,145,156,171,171,196,196,196,259,272,14,14,34,34,109,109,119,131,150,163,195,227,227,261,261,275,275,290,321,321,321,394,394,406,426,33,49,61,86,308,408,431,431,441,441,341,361,361,361,361],"floor_reached":52,"playtime":2803,"items_purged":["Defend_B","Strike_B"],"score":2146,"play_id":"8d306430-fd35-4984-974b-3c173685a579","local_time":"20190407012719","is_ascension_mode":true,"campfire_choices":[{"data":"Static Discharge","floor":6,"key":"SMITH"},{"data":"Self Repair","floor":8,"key":"SMITH"},{"data":"Defragment","floor":13,"key":"SMITH"},{"data":"Reboot","floor":15,"key":"SMITH"},{"floor":24,"key":"RECALL"},{"floor":28,"key":"REST"},{"floor":32,"key":"REST"},{"floor":44,"key":"REST"},{"floor":46,"key":"REST"},{"floor":49,"key":"REST"}],"neow_cost":"NONE","seed_source_timestamp":368543737408600,"circlet_count":0,"master_deck":["AscendersBane","Strike_B","Defend_B","Defend_B","Defend_B","Zap","Dualcast","Genetic Algorithm","Self Repair+1","Streamline","Rebound","Static Discharge+1","Reboot+1","Conserve Battery+1","Defragment+1","Bandage Up+1","Skim+1","Recycle+1","Seek+1","Genetic Algorithm+1","BootSequence+1","Turbo+1","Force Field+1","White Noise+1","Recycle+1","Chill+1","Steam Power+1","Echo Form","Recycle+1","Tempest+1","Chaos+1","Conserve Battery+1","Tempest+1"],"relics":["Cracked Core","Dead Branch","Toxic Egg 2","Oddly Smooth Stone","Fusion Hammer","Red Mask","FossilizedHelix","Darkstone Periapt","Ancient Tea Set","Boot","Black Star","Ice Cream","Ginger","PreservedInsect","Incense Burner"],"potions_floor_usage":[10,16,16,50],"damage_taken":[{"damage":8,"enemies":"Jaw Worm","floor":1,"turns":5},{"damage":3,"enemies":"2 Louse","floor":2,"turns":3},{"damage":2,"enemies":"Cultist","floor":3,"turns":4},{"damage":17,"enemies":"Gremlin Gang","floor":4,"turns":8},{"damage":4,"enemies":"2 Fungi Beasts","floor":5,"turns":4},{"damage":32,"enemies":"Gremlin Nob","floor":7,"turns":4},{"damage":30,"enemies":"Gremlin Nob","floor":10,"turns":3},{"damage":0,"enemies":"Blue Slaver","floor":11,"turns":3},{"damage":12,"enemies":"Exordium Wildlife","floor":14,"turns":4},{"damage":10,"enemies":"Hexaghost","floor":16,"turns":4},{"damage":9,"enemies":"Shell Parasite","floor":18,"turns":4},{"damage":18,"enemies":"Chosen","floor":19,"turns":3},{"damage":1,"enemies":"3 Cultists","floor":20,"turns":3},{"damage":0,"enemies":"Centurion and Healer","floor":21,"turns":6},{"damage":0,"enemies":"Masked Bandits","floor":22,"turns":4},{"damage":14,"enemies":"Book of Stabbing","floor":23,"turns":5},{"damage":0,"enemies":"Gremlin Leader","floor":25,"turns":5},{"damage":0,"enemies":"Cultist and Chosen","floor":27,"turns":5},{"damage":0,"enemies":"Snake Plant","floor":29,"turns":3},{"damage":0,"enemies":"Book of Stabbing","floor":30,"turns":7},{"damage":0,"enemies":"Collector","floor":33,"turns":5},{"damage":19,"enemies":"3 Darklings","floor":35,"turns":5},{"damage":0,"enemies":"3 Shapes","floor":36,"turns":4},{"damage":30,"enemies":"Transient","floor":38,"turns":6},{"damage":16,"enemies":"Maw","floor":39,"turns":5},{"damage":0,"enemies":"Nemesis","floor":40,"turns":5},{"damage":0,"enemies":"Mind Bloom Boss Battle","floor":42,"turns":7},{"damage":0,"enemies":"4 Shapes","floor":45,"turns":4},{"damage":0,"enemies":"Transient","floor":48,"turns":6},{"damage":32,"enemies":"Awakened One","floor":50,"turns":13},{"damage":24,"enemies":"Time Eater","floor":51,"turns":9}],"seed_played":"1061835285054924918","potions_obtained":[{"floor":1,"key":"Ancient Potion"},{"floor":4,"key":"Ancient Potion"},{"floor":5,"key":"Dexterity Potion"},{"floor":10,"key":"LiquidBronze"},{"floor":18,"key":"Strength Potion"},{"floor":20,"key":"FearPotion"},{"floor":48,"key":"Dexterity Potion"}],"is_trial":false,"path_per_floor":["M","M","M","M","M","R","E","R","T","?","M","$","R","M","R","B",null,"M","M","M","M","?","E","R","E","T","M","R","M","E","?","R","B",null,"M","M","$","M","M","E","?","?","T","R","M","R","$","M","R","B","B",null],"character_chosen":"DEFECT","items_purchased":["Bandage Up+1","Skim+1","Ice Cream","Tempest+1"],"campfire_rested":5,"item_purchase_floors":[12,12,37,37],"current_hp_per_floor":[56,60,65,55,58,58,33,33,33,3,13,13,13,17,17,23,59,66,63,71,71,71,67,67,71,71,71,71,71,71,71,71,71,71,62,71,71,51,51,67,67,71,71,71,71,71,71,71,71,55,47],"gold":361,"neow_bonus":"TRANSFORM_CARD","is_prod":false,"is_daily":false,"chose_seed":false,"campfire_upgraded":4,"win_rate":0,"timestamp":1554568039,"path_taken":["M","M","M","M","M","R","E","R","T","?","M","$","R","M","R","BOSS","M","M","M","M","?","E","R","E","T","M","R","M","E","?","R","BOSS","M","M","$","?","?","E","?","?","T","R","M","R","?","M","R","BOSS","BOSS"],"build_version":"2019-01-23","purchased_purges":2,"victory":true,"max_hp_per_floor":[71,71,71,71,71,71,71,71,71,71,71,71,71,71,71,71,71,71,71,71,71,71,71,71,71,71,71,71,71,71,71,71,71,71,71,71,71,71,71,71,71,71,71,71,71,71,71,71,71,71,71],"card_choices":[{"not_picked":["Sweeping Beam","Stack"],"picked":"Self Repair","floor":1},{"not_picked":["Conserve Battery","Reinforced Body"],"picked":"Streamline","floor":2},{"not_picked":["Force Field","Coolheaded"],"picked":"Rebound","floor":3},{"not_picked":["Steam Power","Redo"],"picked":"Static Discharge","floor":4},{"not_picked":["Redo","Rebound"],"picked":"Reboot","floor":5},{"not_picked":["Sunder","Stack","Streamline"],"picked":"SKIP","floor":7},{"not_picked":["Go for the Eyes","Coolheaded+1"],"picked":"Conserve Battery+1","floor":10},{"not_picked":["Beam Cell","Steam+1"],"picked":"Defragment","floor":11},{"not_picked":["Go for the Eyes","Turbo+1"],"picked":"Recycle+1","floor":14},{"not_picked":["Hyperbeam","Machine Learning"],"picked":"Seek+1","floor":16},{"not_picked":["Lockon","Sweeping Beam"],"picked":"Genetic Algorithm+1","floor":18},{"not_picked":["Compile Driver","Fusion+1"],"picked":"BootSequence+1","floor":19},{"not_picked":["Sweeping Beam","Steam+1","Gash"],"picked":"SKIP","floor":20},{"not_picked":["Stack+1","Compile Driver"],"picked":"Turbo+1","floor":21},{"not_picked":["Storm","Doom and Gloom"],"picked":"Force Field+1","floor":23},{"not_picked":["Redo+1","Self Repair"],"picked":"White Noise+1","floor":25},{"not_picked":["Stack+1","Conserve Battery+1"],"picked":"Recycle+1","floor":27},{"not_picked":["Static Discharge","Undo+1"],"picked":"Chill+1","floor":29},{"not_picked":["All For One","Barrage"],"picked":"Steam Power+1","floor":30},{"not_picked":["All For One","Machine Learning"],"picked":"Echo Form","floor":33},{"not_picked":["Coolheaded+1","Hologram+1"],"picked":"Recycle+1","floor":35},{"not_picked":["Go for the Eyes","Leap+1","Compile Driver"],"picked":"SKIP","floor":36},{"not_picked":["Leap+1","Lockon+1"],"picked":"Chaos+1","floor":38},{"not_picked":["Barrage","Rainbow+1"],"picked":"Conserve Battery+1","floor":39},{"not_picked":["Lockon","Rip and Tear","Go for the Eyes"],"picked":"SKIP","floor":40},{"not_picked":["Blizzard+1","Streamline+1"],"picked":"Tempest+1","floor":45},{"not_picked":["Compile Driver","Streamline+1","Static Discharge"],"picked":"SKIP","floor":48}],"player_experience":4717266,"relics_obtained":[{"floor":7,"key":"Dead Branch"},{"floor":9,"key":"Toxic Egg 2"},{"floor":10,"key":"Oddly Smooth Stone"},{"floor":22,"key":"Red Mask"},{"floor":23,"key":"FossilizedHelix"},{"floor":25,"key":"Darkstone Periapt"},{"floor":26,"key":"Ancient Tea Set"},{"floor":30,"key":"Boot"},{"floor":40,"key":"Ginger"},{"floor":40,"key":"PreservedInsect"},{"floor":42,"key":"Incense Burner"}],"event_choices":[{"damage_healed":0,"gold_gain":0,"player_choice":"Searched \u00272\u0027 times","damage_taken":0,"max_hp_gain":0,"max_hp_loss":0,"event_name":"Dead Adventurer","floor":10,"gold_loss":0},{"damage_healed":0,"gold_gain":0,"player_choice":"Fought Bandits","damage_taken":0,"max_hp_gain":0,"max_hp_loss":0,"event_name":"Masked Bandits","floor":22,"gold_loss":0},{"cards_removed":["Strike_B"],"damage_healed":0,"gold_gain":0,"player_choice":"Purged","damage_taken":0,"max_hp_gain":0,"max_hp_loss":0,"event_name":"Purifier","floor":31,"gold_loss":0},{"damage_healed":0,"gold_gain":222,"player_choice":"Wore Mask","damage_taken":0,"max_hp_gain":0,"max_hp_loss":0,"event_name":"Tomb of Lord Red Mask","floor":41,"gold_loss":0},{"damage_healed":0,"gold_gain":0,"player_choice":"Fight","damage_taken":0,"max_hp_gain":0,"max_hp_loss":0,"event_name":"MindBloom","floor":42,"gold_loss":0}],"is_beta":false,"boss_relics":[{"not_picked":["Cursed Key","Orrery"],"picked":"Fusion Hammer"},{"not_picked":["Busted Crown","Philosopher\u0027s Stone"],"picked":"Black Star"}],"items_purged_floors":[12,47],"is_endless":false,"potions_floor_spawned":[1,4,5,10,18,20,23,29,30,38,40,48],"ascension_level":20}