{"gold_per_floor":[119,119,140,153,153,153,168,168,168,212,137,137,137,181,181,277,277,290,43,68,68,82,82,106,106,106,137,183,214,214,285,285,381,444,462,13,138,138,471,471,499,499,580,580,615,628,645,5,5,5,5,5,5,37,37],"floor_reached":55,"playtime":3466,"items_purged":["Strike_G","Strike_G","Strike_G"],"score":1499,"play_id":"5baaf0d2-30d4-45bc-9eeb-560b4c63695c","local_time":"20181221234324","is_ascension_mode":true,"campfire_choices":[{"data":"Noxious Fumes","floor":6.0,"key":"SMITH"},{"data":"Footwork","floor":8.0,"key":"SMITH"},{"floor":13,"key":"RECALL"},{"floor":15,"key":"REST"},{"data":"Bouncing Flask","floor":23,"key":"SMITH"},{"data":"Sadistic Nature","floor":25,"key":"SMITH"},{"data":"Flechettes","floor":30,"key":"SMITH"},{"data":"Neutralize","floor":32,"key":"SMITH"},{"data":"Night Terror","floor":40,"key":"SMITH"},{"data":"Enlightenment","floor":44,"key":"SMITH"},{"data":"Footwork","floor":49,"key":"SMITH"},{"data":"Well Laid Plans","floor":52,"key":"SMITH"}],"neow_cost":"TEN_PERCENT_HP_LOSS","seed_source_timestamp":132804520534700,"circlet_count":0,"master_deck":["AscendersBane","Defend_G+1","Defend_G","Defend_G","Defend_G","Survivor","Neutralize+1","Noxious Fumes+1","Leg Sweep","Deadly Poison","Footwork+1","Flechettes+1","Corpse Explosion","Backflip+1","Sadistic Nature+1","Bouncing Flask+1","Ghostly","Ghostly","Ghostly","Expertise+1","Night Terror+1","Cloak And Dagger","Enlightenment+1","Escape Plan+1","Well Laid Plans+1","Blur","Backflip","Footwork+1","Blind","Backflip+1"],"special_seed":0,"relics":["Ring of the Snake","WarpedTongs","Sundial","Bronze Scales","Runic Dome","Bottled Flame","Anchor","Blood Vial","Tough Bandages","Tiny Chest","Tiny House","Gremlin Horn","Girya","Pear","Question Card","Bottled Lightning","Singing Bowl","Ice Cream","Pen Nib"],"potions_floor_usage":[10,29,31,33,47,50,55],"damage_taken":[{"damage":0.0,"enemies":"Small Slimes","floor":1.0,"turns":5.0},{"damage":0.0,"enemies":"2 Louse","floor":3.0,"turns":3.0},{"damage":0.0,"enemies":"Cultist","floor":4.0,"turns":5.0},{"damage":5.0,"enemies":"Looter","floor":7.0,"turns":4.0},{"damage":8,"enemies":"Gremlin Nob","floor":10,"turns":4},{"damage":22,"enemies":"3 Sentries","floor":14,"turns":7},{"damage":10,"enemies":"Slime Boss","floor":16,"turns":12},{"damage":5,"enemies":"3 Byrds","floor":18,"turns":3},{"damage":6,"enemies":"Spheric Guardian","floor":20,"turns":4},{"damage":5,"enemies":"Chosen and Byrds","floor":22,"turns":5},{"damage":0,"enemies":"Centurion and Healer","floor":24,"turns":5},{"damage":6,"enemies":"Book of Stabbing","floor":27,"turns":6},{"damage":0,"enemies":"Gremlin Leader","floor":29,"turns":5},{"damage":0,"enemies":"Slavers","floor":31,"turns":3},{"damage":14,"enemies":"Collector","floor":33,"turns":8},{"damage":0,"enemies":"3 Shapes","floor":35,"turns":4},{"damage":2,"enemies":"Mind Bloom Boss Battle","floor":37,"turns":6},{"damage":5,"enemies":"Nemesis","floor":41,"turns":9},{"damage":1,"enemies":"Reptomancer","floor":45,"turns":5},{"damage":0,"enemies":"Orb Walker","floor":46,"turns":4},{"damage":4,"enemies":"Jaw Worm Horde","floor":47,"turns":3},{"damage":1,"enemies":"Donu and Deca","floor":50,"turns":10},{"damage":2,"enemies":"Shield and Spear","floor":54,"turns":9},{"damage":48,"enemies":"The Heart","floor":55,"turns":15}],"seed_played":"2815230072126006666","potions_obtained":[{"floor":1.0,"key":"Poison Potion"},{"floor":3.0,"key":"FearPotion"},{"floor":4.0,"key":"EssenceOfSteel"},{"floor":10,"key":"EssenceOfSteel"},{"floor":29,"key":"Poison Potion"},{"floor":34,"key":"FearPotion"},{"floor":35,"key":"Explosive Potion"},{"floor":45,"key":"EssenceOfSteel"},{"floor":47,"key":"LiquidBronze"},{"floor":54,"key":"Weak Potion"}],"is_trial":false,"path_per_floor":["M","?","M","M","?","R","M","R","T","E","?","?","R","E","R","B",null,"M","$","M","?","M","R","M","R","T","E","T","E","R","E","R","B",null,"M","$","?","?","?","R","E","T","T","R","E","M","M","$","R","B",null,"R","$","E","B"],"character_chosen":"THE_SILENT","items_purchased":["Sadistic Nature","Enlightenment","Gremlin Horn","Ice Cream","Footwork","Blind","Swift Potion"],"campfire_rested":1,"item_purchase_floors":[19,36,36,48,48,48,48],"current_hp_per_floor":[59,54,54,54,54,54,49,49,49,41,41,41,41,19,35,25,47,42,42,36,27,22,22,22,22,22,16,16,18,18,20,20,8,27,29,29,29,29,29,29,36,36,36,36,37,41,39,39,39,40,43,43,43,42,0],"gold":37,"neow_bonus":"REMOVE_TWO","is_prod":false,"is_daily":false,"chose_seed":false,"campfire_upgraded":10,"win_rate":0,"timestamp":1545403404,"path_taken":["M","?","M","M","?","R","?","R","T","E","?","?","R","E","R","BOSS","M","$","M","?","M","R","M","R","T","E","?","E","R","E","R","BOSS","M","$","?","?","?","R","E","?","T","R","E","M","?","?","R","BOSS","R","$","E","BOSS"],"build_version":"2018-12-20","purchased_purges":3,"victory":false,"max_hp_per_floor":[60,54,54,54,54,54,54,54,54,54,54,54,54,54,54,54,54,54,54,54,27,27,27,27,27,27,27,27,27,27,27,27,27,32,32,32,32,32,32,32,42,42,42,42,42,44,44,44,44,44,44,44,44,44,44],"card_choices":[{"not_picked":["Bouncing Flask","Infinite Blades"],"picked":"Noxious Fumes","floor":1.0},{"not_picked":["Prepared","PiercingWail"],"picked":"Leg Sweep","floor":3.0},{"not_picked":["Quick Slash","Finisher"],"picked":"Deadly Poison","floor":4.0},{"not_picked":["Deadly Poison","Flying Knee"],"picked":"Footwork","floor":7.0},{"not_picked":["Dash","Dagger Throw"],"picked":"Flechettes","floor":10},{"not_picked":["Bane","Choke","Phantasmal Killer"],"picked":"SKIP","floor":14},{"not_picked":["Storm of Steel","Die Die Die"],"picked":"Corpse Explosion","floor":16},{"not_picked":["Riddle With Holes","Infinite Blades"],"picked":"Backflip+1","floor":18},{"not_picked":["Sucker Punch","Outmaneuver"],"picked":"Bouncing Flask","floor":20},{"not_picked":["Outmaneuver","Flechettes","Deflect"],"picked":"SKIP","floor":22},{"not_picked":["Outmaneuver","Setup","Unload"],"picked":"SKIP","floor":24},{"not_picked":["Finisher","Quick Slash"],"picked":"Expertise+1","floor":27},{"not_picked":["Slice","Corpse Explosion","Outmaneuver"],"picked":"SKIP","floor":29},{"not_picked":["Quick Slash+1","Prepared","Dagger Throw"],"picked":"SKIP","floor":31},{"not_picked":["Grand Finale","After Image"],"picked":"Night Terror","floor":33},{"not_picked":["Prepared","Sucker Punch"],"picked":"Cloak And Dagger","floor":34},{"not_picked":["Expertise+1","Prepared","Endless Agony"],"picked":"SKIP","floor":35},{"not_picked":["Poisoned Stab","Backflip"],"picked":"Escape Plan+1","floor":37},{"not_picked":["Deflect","Backflip"],"picked":"Well Laid Plans","floor":41},{"not_picked":["Dodge and Roll","Masterful Stab","Concentrate"],"picked":"Blur","floor":45},{"not_picked":["Deadly Poison","Outmaneuver+1","Unload","Cloak And Dagger"],"picked":"Singing Bowl","floor":46},{"not_picked":["Deflect","Backstab","Blade Dance"],"picked":"Backflip","floor":47},{"not_picked":["Sucker Punch","Quick Slash","Underhanded Strike"],"picked":"Backflip+1","floor":54}],"player_experience":2574660,"relics_obtained":[{"floor":10,"key":"Sundial"},{"floor":14,"key":"Bronze Scales"},{"floor":26,"key":"Bottled Flame"},{"floor":27,"key":"Anchor"},{"floor":28,"key":"Blood Vial"},{"floor":29,"key":"Tough Bandages"},{"floor":31,"key":"Tiny Chest"},{"floor":37,"key":"Girya"},{"floor":41,"key":"Pear"},{"floor":42,"key":"Question Card"},{"floor":43,"key":"Bottled Lightning"},{"floor":45,"key":"Singing Bowl"},{"floor":54,"key":"Pen Nib"}],"event_choices":[{"damage_healed":0.0,"max_hp_gain":0.0,"max_hp_loss":6.0,"gold_gain":0.0,"event_name":"Golden Idol","player_choice":"Lose Max HP","floor":2.0,"gold_loss":0.0,"damage_taken":0.0,"relics_obtained":["Golden Idol"]},{"damage_healed":0.0,"max_hp_gain":0.0,"max_hp_loss":0.0,"gold_gain":0.0,"event_name":"Accursed Blacksmith","player_choice":"Rummage","floor":5.0,"gold_loss":0.0,"damage_taken":0.0,"relics_obtained":["WarpedTongs"],"cards_obtained":["Pain"]},{"cards_removed":["Pain"],"damage_healed":0,"gold_gain":0,"player_choice":"Card Removal","damage_taken":0,"max_hp_gain":0,"max_hp_loss":0,"event_name":"The Cleric","floor":11,"gold_loss":75},{"cards_removed":["Strike_G"],"damage_healed":0,"gold_gain":0,"player_choice":"Forget","damage_taken":0,"max_hp_gain":0,"max_hp_loss":0,"event_name":"Living Wall","floor":12,"gold_loss":0},{"damage_healed":0,"gold_gain":0,"player_choice":"Became a Ghost","damage_taken":0,"max_hp_gain":0,"max_hp_loss":27,"event_name":"Ghosts","floor":21,"gold_loss":0,"cards_obtained":["Ghostly","Ghostly","Ghostly"]},{"damage_healed":0,"gold_gain":0,"player_choice":"Fight","damage_taken":0,"max_hp_gain":0,"max_hp_loss":0,"event_name":"MindBloom","floor":37,"gold_loss":0},{"damage_healed":0,"gold_gain":0,"player_choice":"Ignored","damage_taken":0,"max_hp_gain":0,"max_hp_loss":0,"event_name":"Tomb of Lord Red Mask","floor":38,"gold_loss":0},{"damage_healed":0,"gold_gain":333,"player_choice":"Gave Idol","damage_taken":0,"max_hp_gain":0,"max_hp_loss":0,"event_name":"The Moai Head","floor":39,"relics_lost":["Golden Idol"],"gold_loss":0}],"is_beta":true,"boss_relics":[{"not_picked":["Coffee Dripper","Pandora\u0027s Box"],"picked":"Runic Dome"},{"not_picked":["HoveringKite","Orrery"],"picked":"Tiny House"}],"items_purged_floors":[19,36,48],"is_endless":false,"potions_floor_spawned":[1,3,4,10,20,24,27,29,35,45,46,47,54],"killed_by":"The Heart","ascension_level":15}