{"gold_per_floor":[115,115,17,17,92,117,180,197,224,236,236,236,267,278,278,356,356,373,392,392,409,425,425,440,440,440,440,451,451,451,104,104,178,178,193,212,6,106,124,159,179,190,190,240,190,190,190,214,214,214,214,214,214,21,56,56],"floor_reached":56,"playtime":2452,"items_purged":["Strike_B+1","Strike_B+1","Consume+1","Strike_B+1"],"score":1945,"play_id":"771bd1cc-e8aa-45ec-9a10-31a3b267db1c","local_time":"20190324010919","is_ascension_mode":true,"campfire_choices":[{"data":"Defragment","floor":12,"key":"SMITH"},{"data":"Redo","floor":15,"key":"SMITH"},{"data":"Conserve Battery","floor":23,"key":"SMITH"},{"floor":25,"key":"REST"},{"floor":29,"key":"REST"},{"data":"Steam Power","floor":32,"key":"SMITH"},{"floor":46,"key":"RECALL"},{"data":"Zap","floor":49,"key":"SMITH"},{"data":"Fission","floor":53,"key":"SMITH"}],"neow_cost":"NONE","seed_source_timestamp":866772101291600,"circlet_count":0,"master_deck":["AscendersBane","Defend_B+1","Defend_B+1","Defend_B+1","Defend_B+1","Zap+1","Dualcast+1","Conserve Battery+1","Defragment+1","Gash","Chill","Redo+1","Gash","Gash","Gash","Echo Form","Seek","Steam Power+1","Defragment+1","Self Repair+1","Fission+1","Echo Form+1","Seek","BootSequence","Seek"],"relics":["FrozenCore","NeowsBlessing","Dodecahedron","Pear","Smiling Mask","War Paint","Happy Flower","Pantograph","Frozen Egg 2","Medical Kit","Eternal Feather","Unceasing Top","Matryoshka","Blood Vial","Shuriken","Bronze Scales","Art of War","Bag of Marbles"],"potions_floor_usage":[16,22,22,40,51,56,56],"damage_taken":[{"damage":0,"enemies":"2 Louse","floor":1,"turns":1},{"damage":0,"enemies":"Gremlin Nob","floor":6,"turns":1},{"damage":0,"enemies":"Gremlin Nob","floor":7,"turns":1},{"damage":9,"enemies":"Jaw Worm","floor":8,"turns":4},{"damage":0,"enemies":"Small Slimes","floor":10,"turns":3},{"damage":4,"enemies":"3 Sentries","floor":13,"turns":12},{"damage":7,"enemies":"3 Louse","floor":14,"turns":3},{"damage":62,"enemies":"Hexaghost","floor":16,"turns":10},{"damage":9,"enemies":"3 Byrds","floor":18,"turns":6},{"damage":0,"enemies":"Spheric Guardian","floor":19,"turns":6},{"damage":10,"enemies":"Snecko","floor":21,"turns":8},{"damage":5,"enemies":"3 Cultists","floor":22,"turns":7},{"damage":44,"enemies":"Cultist and Chosen","floor":24,"turns":12},{"damage":0,"enemies":"Centurion and Healer","floor":28,"turns":5},{"damage":43,"enemies":"Collector","floor":33,"turns":13},{"damage":12,"enemies":"3 Shapes","floor":35,"turns":8},{"damage":0,"enemies":"Orb Walker","floor":36,"turns":5},{"damage":28,"enemies":"Mind Bloom Boss Battle","floor":38,"turns":5},{"damage":18,"enemies":"3 Darklings","floor":39,"turns":5},{"damage":32,"enemies":"Giant Head","floor":40,"turns":9},{"damage":41,"enemies":"Jaw Worm Horde","floor":41,"turns":7},{"damage":9,"enemies":"Spire Growth","floor":42,"turns":6},{"damage":0,"enemies":"Donu and Deca","floor":50,"turns":6},{"damage":30,"enemies":"Time Eater","floor":51,"turns":14},{"damage":21,"enemies":"Shield and Spear","floor":55,"turns":5},{"damage":86,"enemies":"The Heart","floor":56,"turns":8}],"seed_played":"-1608363657473704253","potions_obtained":[{"floor":1,"key":"Explosive Potion"},{"floor":6,"key":"Swift Potion"},{"floor":21,"key":"Regen Potion"},{"floor":33,"key":"FearPotion"},{"floor":36,"key":"Weak Potion"},{"floor":41,"key":"Ancient Potion"}],"is_trial":false,"path_per_floor":["M","?","$","?","?","E","?","M","T","M","T","R","E","M","R","B",null,"M","M","?","M","M","R","M","R","T","?","M","R","?","$","R","B",null,"M","M","$","?","M","E","M","M","T","T","$","R","?","T","R","B","B",null,"R","$","E","B"],"character_chosen":"DEFECT","items_purchased":["Defragment","Gash","Medical Kit","Self Repair+1","Echo Form+1","Energy Potion","Seek"],"campfire_rested":2,"item_purchase_floors":[3,3,31,31,37,54,54],"current_hp_per_floor":[64,59,59,64,53,63,63,54,54,54,54,54,50,43,43,6,66,57,57,57,47,57,57,13,38,38,38,38,63,63,63,63,63,80,86,86,86,78,70,48,27,38,38,38,38,53,53,53,68,86,76,84,86,86,85,0],"gold":56,"neow_bonus":"THREE_ENEMY_KILL","is_prod":false,"is_daily":false,"chose_seed":false,"campfire_upgraded":6,"win_rate":0,"timestamp":1553357359,"path_taken":["M","?","$","?","?","E","?","M","T","M","?","R","E","M","R","BOSS","M","M","?","M","?","R","M","R","T","?","M","R","?","$","R","BOSS","M","M","$","?","M","E","M","M","T","?","$","R","?","?","R","BOSS","BOSS","R","$","E","BOSS"],"build_version":"2019-01-23","purchased_purges":4,"victory":false,"max_hp_per_floor":[71,71,71,76,76,86,86,86,86,86,86,86,86,86,86,86,86,86,86,86,86,86,86,86,86,86,86,86,86,86,86,86,86,86,86,86,86,86,86,86,86,86,86,86,86,86,86,86,86,86,86,86,86,86,86,86],"card_choices":[{"not_picked":["Blizzard","Scrape"],"picked":"Conserve Battery","floor":1},{"not_picked":["Stack","Conserve Battery"],"picked":"Chill","floor":6},{"not_picked":["Turbo","Steam Power"],"picked":"Redo","floor":7},{"not_picked":["Sweeping Beam","Chaos"],"picked":"Gash","floor":8},{"not_picked":["Aggregate","Rebound","Sweeping Beam"],"picked":"SKIP","floor":10},{"not_picked":["Heatsinks","Force Field"],"picked":"Gash","floor":13},{"not_picked":["Leap","Go for the Eyes"],"picked":"Gash","floor":14},{"not_picked":["Core Surge","Creative AI"],"picked":"Echo Form","floor":16},{"not_picked":["Heatsinks","Steam"],"picked":"Consume+1","floor":18},{"not_picked":["Cold Snap","Ball Lightning","Gash"],"picked":"SKIP","floor":19},{"not_picked":["Scrape","Double Energy","Doom and Gloom"],"picked":"SKIP","floor":21},{"not_picked":["Rebound","Compile Driver","Leap"],"picked":"SKIP","floor":22},{"not_picked":["Hello World","Leap"],"picked":"Steam Power","floor":24},{"not_picked":["Compile Driver","FTL"],"picked":"Defragment+1","floor":28},{"not_picked":["Hyperbeam","Reboot"],"picked":"Fission","floor":33},{"not_picked":["Gash","Sunder","Rebound"],"picked":"SKIP","floor":35},{"not_picked":["Doom and Gloom","BootSequence","Chill"],"picked":"SKIP","floor":36},{"not_picked":["Lockon","Streamline","Scrape+1"],"picked":"SKIP","floor":39},{"not_picked":["Leap","Sunder"],"picked":"Seek","floor":40},{"not_picked":["Streamline","Gash"],"picked":"BootSequence","floor":41},{"not_picked":["Darkness+1","Redo","Undo"],"picked":"SKIP","floor":42},{"not_picked":["Genetic Algorithm","Self Repair+1","Streamline"],"picked":"SKIP","floor":55}],"player_experience":4600399,"relics_obtained":[{"floor":6,"key":"Pear"},{"floor":7,"key":"Smiling Mask"},{"floor":9,"key":"War Paint"},{"floor":11,"key":"Happy Flower"},{"floor":13,"key":"Pantograph"},{"floor":26,"key":"Frozen Egg 2"},{"floor":38,"key":"Unceasing Top"},{"floor":40,"key":"Matryoshka"},{"floor":43,"key":"Blood Vial"},{"floor":44,"key":"Shuriken"},{"floor":44,"key":"Bronze Scales"},{"floor":48,"key":"Art of War"},{"floor":55,"key":"Bag of Marbles"}],"event_choices":[{"damage_healed":0,"gold_gain":0,"player_choice":"Success","damage_taken":5,"relics_obtained":["Dodecahedron"],"max_hp_gain":0,"max_hp_loss":0,"event_name":"Scrap Ooze","floor":2,"gold_loss":0},{"damage_healed":0,"gold_gain":0,"player_choice":"Donut","damage_taken":0,"max_hp_gain":5,"max_hp_loss":0,"event_name":"Big Fish","floor":4,"gold_loss":0},{"damage_healed":0,"gold_gain":75,"player_choice":"Gather Gold","damage_taken":11,"max_hp_gain":0,"max_hp_loss":0,"event_name":"World of Goop","floor":5,"gold_loss":0},{"damage_healed":0,"gold_gain":30,"player_choice":"Searched \u00272\u0027 times","damage_taken":0,"max_hp_gain":0,"max_hp_loss":0,"event_name":"Dead Adventurer","floor":7,"gold_loss":0},{"damage_healed":0,"gold_gain":0,"cards_transformed":["Strike_B"],"player_choice":"Transformed","damage_taken":0,"max_hp_gain":0,"max_hp_loss":0,"event_name":"Transmorgrifier","floor":20,"gold_loss":0,"cards_obtained":["Seek"]},{"damage_healed":0,"gold_gain":0,"player_choice":"Ignored","damage_taken":0,"max_hp_gain":0,"max_hp_loss":0,"event_name":"Cursed Tome","floor":27,"gold_loss":0},{"damage_healed":0,"gold_gain":0,"player_choice":"Simplicity","damage_taken":0,"max_hp_gain":0,"max_hp_loss":0,"event_name":"Back to Basics","floor":30,"gold_loss":0,"cards_upgraded":["Strike_B","Strike_B","Strike_B","Defend_B","Defend_B","Defend_B"]},{"damage_healed":0,"gold_gain":0,"player_choice":"Fight","damage_taken":0,"max_hp_gain":0,"max_hp_loss":0,"event_name":"MindBloom","floor":38,"gold_loss":0},{"damage_healed":0,"gold_gain":0,"player_choice":"Ignored","damage_taken":0,"max_hp_gain":0,"max_hp_loss":0,"event_name":"Tomb of Lord Red Mask","floor":47,"gold_loss":0}],"is_beta":false,"boss_relics":[{"not_picked":["Cursed Key","Coffee Dripper"],"picked":"FrozenCore"},{"not_picked":["Philosopher\u0027s Stone","Busted Crown"],"picked":"Eternal Feather"}],"items_purged_floors":[31,37,45,54],"is_endless":false,"potions_floor_spawned":[1,6,7,8,21,33,36,38,41,55],"killed_by":"The Heart","ascension_level":20}