{"gold_per_floor":[20,38,57,69,79,79,109,120,120,120,148,165,165,198,198,275,275,290,51,69,89,104,104,104,139,187,187,217,229,229,229],"floor_reached":31,"playtime":1374,"items_purged":[],"score":535,"play_id":"58cccbaf-5fc3-49c3-bd01-737e252dd594","local_time":"20190520145855","is_ascension_mode":true,"campfire_choices":[{"data":"Combust","floor":6,"key":"SMITH"},{"floor":13,"key":"REST"},{"floor":15,"key":"REST"},{"data":"Shockwave","floor":23,"key":"SMITH"},{"floor":24,"key":"REST"},{"floor":27,"key":"REST"},{"floor":30,"key":"REST"}],"neow_cost":"NO_GOLD","seed_source_timestamp":110587548342939,"circlet_count":0,"master_deck":["AscendersBane","Strike_R","Strike_R","Strike_R","Defend_R","Defend_R","Defend_R","Defend_R","Bash","Reckless Charge","Combust+1","Cleave","Shrug It Off","Clothesline","Whirlwind","Bludgeon","Pommel Strike+1","Intimidate","Carnage+1","Offering","Inflame+1","Evolve+1","Shockwave+1","Dark Embrace+1","Wild Strike+1"],"relics":["Burning Blood","Frozen Egg 2","Molten Egg 2","Odd Mushroom","WingedGreaves","Mark of Pain","Bronze Scales","Sundial","Potion Belt","PreservedInsect"],"potions_floor_usage":[7,10,14,14,21,25],"damage_taken":[{"damage":12,"enemies":"Cultist","floor":1,"turns":4},{"damage":4,"enemies":"2 Louse","floor":2,"turns":3},{"damage":7,"enemies":"Jaw Worm","floor":3,"turns":4},{"damage":28,"enemies":"Large Slime","floor":4,"turns":6},{"damage":6,"enemies":"Blue Slaver","floor":5,"turns":5},{"damage":27,"enemies":"Lagavulin","floor":7,"turns":6},{"damage":10,"enemies":"Looter","floor":8,"turns":3},{"damage":0,"enemies":"Lagavulin Event","floor":10,"turns":1},{"damage":7,"enemies":"The Mushroom Lair","floor":11,"turns":3},{"damage":19,"enemies":"Exordium Thugs","floor":12,"turns":4},{"damage":16,"enemies":"Gremlin Nob","floor":14,"turns":3},{"damage":24,"enemies":"Slime Boss","floor":16,"turns":8},{"damage":22,"enemies":"2 Thieves","floor":18,"turns":4},{"damage":0,"enemies":"3 Byrds","floor":20,"turns":3},{"damage":27,"enemies":"Shelled Parasite and Fungi","floor":21,"turns":3},{"damage":14,"enemies":"Cultist and Chosen","floor":22,"turns":5},{"damage":18,"enemies":"Gremlin Leader","floor":25,"turns":3},{"damage":41,"enemies":"Book of Stabbing","floor":28,"turns":5},{"damage":18,"enemies":"Centurion and Healer","floor":29,"turns":5},{"damage":30,"enemies":"Snake Plant","floor":31,"turns":2}],"seed_played":"7126925678173267018","potions_obtained":[{"floor":1,"key":"Swift Potion"},{"floor":3,"key":"SmokeBomb"},{"floor":4,"key":"SteroidPotion"},{"floor":7,"key":"Energy Potion"},{"floor":12,"key":"SkillPotion"},{"floor":14,"key":"GamblersBrew"},{"floor":20,"key":"Ancient Potion"},{"floor":22,"key":"Swift Potion"}],"is_trial":false,"path_per_floor":["M","M","M","M","M","R","E","M","T","?","?","M","R","E","R","B",null,"M","$","M","M","M","R","R","E","T","R","E","M","R","M"],"character_chosen":"IRONCLAD","items_purchased":["Inflame+1","Bronze Scales"],"campfire_rested":5,"item_purchase_floors":[19,19],"current_hp_per_floor":[62,64,63,41,41,41,20,16,16,22,21,8,30,20,42,24,62,46,46,52,31,23,23,45,33,33,55,20,8,30,0],"gold":229,"neow_bonus":"REMOVE_TWO","is_prod":false,"is_daily":false,"chose_seed":false,"campfire_upgraded":2,"win_rate":0,"timestamp":1558331935,"path_taken":["M","M","M","?","M","R","E","M","T","?","?","M","R","E","R","BOSS","M","$","M","M","M","R","R","E","T","R","E","M","R","M"],"build_version":"2019-05-07","purchased_purges":0,"victory":false,"max_hp_per_floor":[75,75,75,75,75,75,75,75,75,75,75,75,75,75,75,75,75,75,75,75,75,75,75,75,75,75,75,75,75,75,75],"card_choices":[{"not_picked":["Hemokinesis","Metallicize"],"picked":"Reckless Charge","floor":1},{"not_picked":["Heavy Blade","Perfected Strike"],"picked":"Combust","floor":2},{"not_picked":["Blood for Blood","Clash"],"picked":"Cleave","floor":3},{"not_picked":["Blood for Blood","Spot Weakness"],"picked":"Shrug It Off","floor":4},{"not_picked":["Heavy Blade","Pummel"],"picked":"Clothesline","floor":5},{"not_picked":["Twin Strike","Perfected Strike"],"picked":"Whirlwind","floor":7},{"not_picked":["Cleave","Sever Soul"],"picked":"Bludgeon","floor":8},{"not_picked":["Iron Wave+1","Armaments"],"picked":"Pommel Strike+1","floor":11},{"not_picked":["Warcry","Second Wind"],"picked":"Intimidate","floor":12},{"not_picked":["Fire Breathing+1","Pommel Strike+1"],"picked":"Carnage+1","floor":14},{"not_picked":["Barricade+1","Brutality+1"],"picked":"Offering","floor":16},{"not_picked":["Wild Strike+1","Flex","Pummel+1"],"picked":"SKIP","floor":18},{"not_picked":["Reckless Charge+1","Body Slam+1","Clash+1"],"picked":"SKIP","floor":20},{"not_picked":["Second Wind","Pommel Strike+1"],"picked":"Evolve+1","floor":21},{"not_picked":["Clash+1","Hemokinesis+1"],"picked":"Shockwave","floor":22},{"not_picked":["Rage","Blood for Blood+1"],"picked":"Dark Embrace+1","floor":25},{"not_picked":["Havoc","Clothesline+1"],"picked":"Wild Strike+1","floor":28},{"not_picked":["Warcry+1","True Grit","Wild Strike+1"],"picked":"SKIP","floor":29}],"player_experience":3292419,"relics_obtained":[{"floor":7,"key":"Frozen Egg 2"},{"floor":9,"key":"Molten Egg 2"},{"floor":11,"key":"Odd Mushroom"},{"floor":14,"key":"WingedGreaves"},{"floor":25,"key":"Sundial"},{"floor":26,"key":"Potion Belt"},{"floor":28,"key":"PreservedInsect"}],"event_choices":[{"damage_healed":0,"gold_gain":0,"player_choice":"Searched \u00271\u0027 times","damage_taken":0,"max_hp_gain":0,"max_hp_loss":0,"event_name":"Dead Adventurer","floor":10,"gold_loss":0},{"damage_healed":0,"gold_gain":0,"player_choice":"Fought Mushrooms","damage_taken":0,"max_hp_gain":0,"max_hp_loss":0,"event_name":"Mushrooms","floor":11,"gold_loss":0}],"is_beta":true,"boss_relics":[{"not_picked":["Sozu","Empty Cage"],"picked":"Mark of Pain"}],"items_purged_floors":[],"is_endless":false,"potions_floor_spawned":[1,3,4,7,12,14,20,22],"killed_by":"Snake Plant","ascension_level":17}