{"gold_per_floor":[115,115,40,51,51,51,66,92,166,166,186,205,2,77,77,149,149,167,183,183,233,233,233,246,246,246,260,272,272,283,283,283,359,359,377,396,40,40,59,87,87,118,118,118,134,134,151,151,151,151,151,151,151,1,36,36],"floor_reached":57,"playtime":2361,"items_purged":["Regret","Strike_B","Defend_B","Beam Cell+1"],"score":2874,"play_id":"7b338da9-2f4c-4d7f-88f5-fa45e293661e","local_time":"20190414015702","is_ascension_mode":true,"campfire_choices":[{"data":"Dualcast","floor":6.0,"key":"SMITH"},{"floor":10.0,"key":"REST"},{"data":"Coolheaded","floor":15.0,"key":"SMITH"},{"data":"Conserve Battery","floor":23.0,"key":"SMITH"},{"floor":29.0,"key":"REST"},{"data":"Strike_B","floor":32.0,"key":"PURGE"},{"data":"Zap+1","floor":41.0,"key":"PURGE"},{"floor":44.0,"key":"RECALL"},{"data":"Fission","floor":46.0,"key":"SMITH"},{"floor":49.0,"key":"REST"},{"data":"Hologram","floor":53.0,"key":"SMITH"}],"neow_cost":"CURSE","seed_source_timestamp":177922805484400,"circlet_count":0,"master_deck":["AscendersBane","Dualcast+1","Double Energy+1","Gash+1","Chill","Conserve Battery+1","Undo","Coolheaded+1","Gash","Reboot","Genetic Algorithm","Glacier","All For One","Hologram+1","Fission+1","Master of Strategy+1","Flash of Steel","Dark Shackles","Go for the Eyes+1","Gash+1","Madness","Madness","Seek"],"special_seed":0,"relics":["Cracked Core","DataDisk","Cables","Inserter","Peace Pipe","Empty Cage","TheAbacus","Regal Pillow","Shuriken","Meat on the Bone","War Paint"],"potions_floor_usage":[],"damage_taken":[{"damage":2.0,"enemies":"Cultist","floor":1.0,"turns":3.0},{"damage":0.0,"enemies":"Small Slimes","floor":4.0,"turns":2.0},{"damage":12.0,"enemies":"Jaw Worm","floor":7.0,"turns":2.0},{"damage":19.0,"enemies":"Lagavulin","floor":8.0,"turns":7.0},{"damage":0.0,"enemies":"Blue Slaver","floor":11.0,"turns":3.0},{"damage":0.0,"enemies":"Large Slime","floor":12.0,"turns":4.0},{"damage":28.0,"enemies":"Slime Boss","floor":16.0,"turns":11.0},{"damage":0.0,"enemies":"2 Thieves","floor":18.0,"turns":4.0},{"damage":1.0,"enemies":"Spheric Guardian","floor":19.0,"turns":6.0},{"damage":18.0,"enemies":"Shelled Parasite and Fungi","floor":24.0,"turns":8.0},{"damage":27.0,"enemies":"Cultist and Chosen","floor":27.0,"turns":10.0},{"damage":0.0,"enemies":"Centurion and Healer","floor":28.0,"turns":6.0},{"damage":0.0,"enemies":"Snecko","floor":30.0,"turns":7.0},{"damage":0.0,"enemies":"Champ","floor":33.0,"turns":12.0},{"damage":10.0,"enemies":"3 Darklings","floor":35.0,"turns":5.0},{"damage":0.0,"enemies":"Orb Walker","floor":36.0,"turns":3.0},{"damage":0.0,"enemies":"Transient","floor":39.0,"turns":6.0},{"damage":0.0,"enemies":"Nemesis","floor":40.0,"turns":13.0},{"damage":0.0,"enemies":"Giant Head","floor":42.0,"turns":3.0},{"damage":0.0,"enemies":"3 Darklings","floor":45.0,"turns":3.0},{"damage":0.0,"enemies":"Maw","floor":47.0,"turns":5.0},{"damage":18.0,"enemies":"Time Eater","floor":50.0,"turns":9.0},{"damage":1.0,"enemies":"Awakened One","floor":51.0,"turns":7.0},{"damage":53.0,"enemies":"Shield and Spear","floor":55.0,"turns":8.0},{"damage":13,"enemies":"The Heart","floor":56,"turns":9}],"seed_played":"-6190547010323530015","potions_obtained":[{"floor":1.0,"key":"SpeedPotion"},{"floor":7.0,"key":"Dexterity Potion"},{"floor":12.0,"key":"Regen Potion"},{"floor":19.0,"key":"Block Potion"},{"floor":28.0,"key":"Weak Potion"},{"floor":36.0,"key":"FocusPotion"},{"floor":39.0,"key":"Strength Potion"},{"floor":42.0,"key":"Weak Potion"}],"is_trial":false,"path_per_floor":["M","?","$","M","?","R","M","E","T","R","M","M","$","?","R","B",null,"M","M","?","?","?","R","M","?","T","M","M","R","M","?","R","B",null,"M","M","$","?","M","E","R","E","T","R","M","R","M","?","R","B","B",null,"R","$","E","B",null],"character_chosen":"DEFECT","items_purchased":["Coolheaded","Gash","TheAbacus"],"campfire_rested":3,"item_purchase_floors":[13,13,37],"current_hp_per_floor":[62,41,41,41,41,41,29,10,10,31,31,31,31,20,20,7,55,55,54,54,54,54,54,36,36,36,9,9,30,30,30,30,30,61,51,51,51,41,41,41,41,41,41,41,41,41,41,28,64,46,45,65,65,65,24,23],"gold":36,"neow_bonus":"TRANSFORM_TWO_CARDS","is_prod":false,"is_daily":false,"chose_seed":false,"campfire_upgraded":5,"win_rate":0,"timestamp":1555174622,"path_taken":["M","?","$","M","?","R","M","E","T","R","M","?","$","?","R","BOSS","M","M","?","?","?","R","M","?","T","M","?","R","M","?","R","BOSS","M","M","$","?","M","E","R","E","T","R","M","R","M","?","R","BOSS","BOSS","R","$","E","BOSS"],"build_version":"2019-01-23","purchased_purges":4,"victory":true,"max_hp_per_floor":[71,71,71,71,71,71,71,71,71,71,71,71,71,71,71,71,71,71,71,71,71,71,71,71,71,71,71,71,71,71,71,71,71,71,71,71,71,71,71,71,71,71,71,71,71,71,71,71,71,71,71,71,71,71,71,71],"card_choices":[{"not_picked":["Barrage","Coolheaded"],"picked":"Gash","floor":1.0},{"not_picked":["Barrage","Chaos"],"picked":"Chill","floor":4.0},{"not_picked":["Steam","Defragment"],"picked":"Conserve Battery","floor":7.0},{"not_picked":["Sweeping Beam","Conserve Battery","FTL"],"picked":"SKIP","floor":8.0},{"not_picked":["Sweeping Beam","Redo"],"picked":"Undo","floor":11.0},{"not_picked":["Rebound","Sweeping Beam","Go for the Eyes"],"picked":"SKIP","floor":12.0},{"not_picked":["Meteor Strike","Thunder Strike"],"picked":"Reboot","floor":16.0},{"not_picked":["Redo","Blizzard","Go for the Eyes"],"picked":"SKIP","floor":18.0},{"not_picked":["Leap","Reprogram"],"picked":"Genetic Algorithm","floor":19.0},{"not_picked":["Tempest","Redo","Ball Lightning"],"picked":"SKIP","floor":24.0},{"not_picked":["Streamline","Sweeping Beam"],"picked":"All For One","floor":27.0},{"not_picked":["Barrage","Rebound","Auto Shields"],"picked":"SKIP","floor":28.0},{"not_picked":["Rebound","White Noise"],"picked":"Hologram","floor":30.0},{"not_picked":["Multi-Cast","Core Surge"],"picked":"Fission","floor":33.0},{"not_picked":["Hologram+1","Leap","Ball Lightning+1"],"picked":"SKIP","floor":35.0},{"not_picked":["Beam Cell+1","Auto Shields","Lockon"],"picked":"SKIP","floor":36.0},{"not_picked":["Transmutation","Swift Strike"],"picked":"Master of Strategy","floor":38.0},{"not_picked":["Good Instincts","Discovery"],"picked":"Flash of Steel","floor":38.0},{"not_picked":["Jack Of All Trades","Chrysalis"],"picked":"Dark Shackles","floor":38.0},{"not_picked":["Aggregate","Hologram","Stack+1"],"picked":"SKIP","floor":39.0},{"not_picked":["Force Field+1","Steam Power","Ball Lightning"],"picked":"SKIP","floor":40.0},{"not_picked":["Scrape","Streamline","Leap"],"picked":"SKIP","floor":42.0},{"not_picked":["Steam Power","Barrage"],"picked":"Go for the Eyes+1","floor":45.0},{"not_picked":["Compile Driver","Sunder"],"picked":"Gash+1","floor":47.0},{"not_picked":["Hyperbeam","Double Energy"],"picked":"Seek","floor":55}],"player_experience":4779167,"relics_obtained":[{"floor":8.0,"key":"DataDisk"},{"floor":9.0,"key":"Cables"},{"floor":25.0,"key":"Peace Pipe"},{"floor":40.0,"key":"Regal Pillow"},{"floor":42.0,"key":"Shuriken"},{"floor":43.0,"key":"Meat on the Bone"},{"floor":55,"key":"War Paint"}],"event_choices":[{"damage_healed":0.0,"max_hp_gain":0.0,"max_hp_loss":0.0,"gold_gain":0.0,"event_name":"Shining Light","player_choice":"Entered Light","floor":2.0,"gold_loss":0.0,"damage_taken":21.0,"cards_upgraded":["Zap","Gash"]},{"damage_healed":0.0,"max_hp_gain":0.0,"max_hp_loss":0.0,"gold_gain":0.0,"event_name":"Upgrade Shrine","player_choice":"Upgraded","floor":5.0,"gold_loss":0.0,"damage_taken":0.0,"cards_upgraded":["Beam Cell"]},{"damage_healed":0.0,"max_hp_gain":0.0,"max_hp_loss":0.0,"gold_gain":75.0,"event_name":"World of Goop","player_choice":"Gather Gold","floor":14.0,"gold_loss":0.0,"damage_taken":11.0},{"damage_healed":0.0,"max_hp_gain":0.0,"max_hp_loss":0.0,"gold_gain":0.0,"event_name":"Vampires","player_choice":"Ignored","floor":20.0,"gold_loss":0.0,"damage_taken":0.0},{"damage_healed":0.0,"max_hp_gain":0.0,"max_hp_loss":0.0,"gold_gain":50.0,"event_name":"Nest","player_choice":"Stole From Cult","floor":21.0,"gold_loss":0.0,"damage_taken":0.0},{"damage_healed":0.0,"max_hp_gain":0.0,"max_hp_loss":0.0,"gold_gain":0.0,"event_name":"The Library","player_choice":"Read","floor":22.0,"gold_loss":0.0,"damage_taken":0.0,"cards_obtained":["Glacier"]},{"damage_healed":0.0,"max_hp_gain":0.0,"max_hp_loss":0.0,"gold_gain":0.0,"event_name":"Wheel of Change","player_choice":"Relic","floor":25.0,"gold_loss":0.0,"damage_taken":0.0},{"cards_removed":["Defend_B"],"damage_healed":0.0,"max_hp_gain":0.0,"max_hp_loss":0.0,"gold_gain":0.0,"event_name":"Back to Basics","player_choice":"Elegance","floor":31.0,"gold_loss":0.0,"damage_taken":0.0},{"damage_healed":0.0,"max_hp_gain":0.0,"max_hp_loss":0.0,"gold_gain":0.0,"event_name":"SensoryStone","player_choice":"Memory 3","floor":38.0,"gold_loss":0.0,"damage_taken":10.0},{"damage_healed":0.0,"max_hp_gain":0.0,"max_hp_loss":0.0,"gold_gain":0.0,"event_name":"Winding Halls","player_choice":"Embrace Madness","floor":48.0,"gold_loss":0.0,"damage_taken":13.0,"cards_obtained":["Madness","Madness"]}],"is_beta":false,"boss_relics":[{"not_picked":["Philosopher\u0027s Stone","Busted Crown"],"picked":"Inserter"},{"not_picked":["White Beast Statue","Coffee Dripper"],"picked":"Empty Cage"}],"items_purged_floors":[3,13,37,54],"is_endless":false,"potions_floor_spawned":[1,7,12,19,28,36,39,42],"ascension_level":20}