{"gold_per_floor":[16,16,36,36,1,1,1,1,24,24,41,58,58,83,83,158,158,174,187,187,187,205,205,222,222,249,249,283,299,299,312,312,390,390,400,400,156,166,166,166,166,179,202,233,5,18,118,149,149,149,149,149,92,117,117],"floor_reached":55,"playtime":4360,"items_purged":["Strike_R+1"],"score":1353,"play_id":"3df753fd-f2e2-469b-b7fc-ae4f477dd444","local_time":"20190521201116","is_ascension_mode":true,"campfire_choices":[{"data":"Deep Breath","floor":6.0,"key":"SMITH"},{"data":"Rampage","floor":8.0,"key":"SMITH"},{"data":"Bandage Up","floor":10.0,"key":"SMITH"},{"data":"Entrench","floor":15.0,"key":"SMITH"},{"data":"True Grit","floor":23.0,"key":"SMITH"},{"data":"RitualDagger","floor":27.0,"key":"SMITH"},{"data":"Shockwave","floor":30.0,"key":"SMITH"},{"data":"Shrug It Off","floor":32.0,"key":"SMITH"},{"data":"Entrench","floor":40.0,"key":"SMITH"},{"floor":49.0,"key":"RECALL"},{"data":"Body Slam","floor":52.0,"key":"SMITH"}],"neow_cost":"NO_GOLD","seed_source_timestamp":212349559271096,"circlet_count":0,"master_deck":["AscendersBane","Strike_R+1","Strike_R+1","Defend_R+1","Defend_R+1","Defend_R+1","Defend_R+1","Bash","Bandage Up+1","Deep Breath+1","Rampage+1","Shrug It Off+1","True Grit+1","Entrench+1","Impervious+1","Barricade+1","Rage","RitualDagger+1","Juggernaut+1","Shockwave+1","Power Through+1","Entrench+1","Madness+1","RitualDagger+1","Body Slam+1","Juggernaut+1"],"special_seed":0,"relics":["Burning Blood","Bronze Scales","Frozen Egg 2","Nunchaku","Runic Pyramid","Happy Flower","Black Star","Ancient Tea Set","Lantern","War Paint","Medical Kit","Girya","Dodecahedron","Paper Frog","Vajra","Anchor"],"potions_floor_usage":[55],"damage_taken":[{"damage":8.0,"enemies":"2 Louse","floor":1.0,"turns":2.0},{"damage":12.0,"enemies":"Small Slimes","floor":3.0,"turns":3.0},{"damage":1.0,"enemies":"Cultist","floor":11.0,"turns":3.0},{"damage":0.0,"enemies":"2 Fungi Beasts","floor":12.0,"turns":3.0},{"damage":17.0,"enemies":"Gremlin Nob","floor":14.0,"turns":4.0},{"damage":1.0,"enemies":"Slime Boss","floor":16.0,"turns":10.0},{"damage":0.0,"enemies":"Chosen","floor":18.0,"turns":10.0},{"damage":27.0,"enemies":"2 Thieves","floor":19.0,"turns":5.0},{"damage":14.0,"enemies":"3 Cultists","floor":22.0,"turns":7.0},{"damage":0.0,"enemies":"Snecko","floor":24.0,"turns":12.0},{"damage":31.0,"enemies":"Book of Stabbing","floor":28.0,"turns":7.0},{"damage":10.0,"enemies":"Centurion and Healer","floor":29.0,"turns":7.0},{"damage":10.0,"enemies":"Snake Plant","floor":31.0,"turns":5.0},{"damage":9.0,"enemies":"Champ","floor":33.0,"turns":16.0},{"damage":23.0,"enemies":"3 Darklings","floor":35.0,"turns":10.0},{"damage":4.0,"enemies":"Orb Walker","floor":38.0,"turns":5.0},{"damage":0.0,"enemies":"Maw","floor":42.0,"turns":10.0},{"damage":21.0,"enemies":"Giant Head","floor":44.0,"turns":11.0},{"damage":22.0,"enemies":"Transient","floor":46.0,"turns":6.0},{"damage":0.0,"enemies":"Mind Bloom Boss Battle","floor":47.0,"turns":6.0},{"damage":30.0,"enemies":"Nemesis","floor":48.0,"turns":7.0},{"damage":7.0,"enemies":"Time Eater","floor":50.0,"turns":17.0},{"damage":62.0,"enemies":"Shield and Spear","floor":54.0,"turns":8.0},{"damage":27,"enemies":"The Heart","floor":55,"turns":5}],"seed_played":"-2746434019787763773","potions_obtained":[{"floor":3.0,"key":"Weak Potion"},{"floor":11.0,"key":"Poison Potion"},{"floor":16.0,"key":"Strength Potion"},{"floor":18.0,"key":"AttackPotion"},{"floor":22.0,"key":"Poison Potion"},{"floor":31.0,"key":"Strength Potion"},{"floor":35.0,"key":"LiquidBronze"},{"floor":38.0,"key":"EssenceOfSteel"}],"is_trial":false,"path_per_floor":["M","?","M","?","?","R","$","R","T","R","M","M","?","E","R","B",null,"M","M","?","?","M","R","M","?","T","R","E","M","R","M","R","B",null,"M","?","$","M","?","R","?","M","T","E","$","M","?","E","R","B",null,"R","$","E","B"],"character_chosen":"IRONCLAD","items_purchased":["Entrench","Madness","Medical Kit","Energy Potion"],"campfire_rested":0,"item_purchase_floors":[37,37,45,53],"current_hp_per_floor":[70,47,45,38,56,56,56,56,56,56,67,75,70,65,65,75,75,75,60,60,54,52,52,64,64,64,64,45,47,47,49,49,52,69,58,58,58,66,66,66,66,75,75,60,60,50,62,44,44,49,69,69,69,19,0],"gold":117,"neow_bonus":"RANDOM_COLORLESS_2","is_prod":false,"is_daily":false,"chose_seed":false,"campfire_upgraded":10,"win_rate":0,"timestamp":1558437076,"path_taken":["M","?","M","?","?","R","?","R","T","R","?","M","?","E","R","BOSS","M","M","?","?","M","R","M","?","T","R","E","M","R","M","R","BOSS","M","?","$","?","?","R","?","M","T","E","$","?","?","E","R","BOSS","R","$","E","BOSS"],"build_version":"2019-05-07","purchased_purges":1,"victory":false,"max_hp_per_floor":[75,75,75,75,75,75,75,75,75,75,75,75,75,75,75,75,75,75,75,75,75,75,75,75,75,75,75,75,75,75,75,75,75,75,75,75,75,75,75,75,75,75,75,75,75,75,75,75,75,75,75,75,75,75,75],"card_choices":[{"not_picked":["Shrug It Off","Feel No Pain"],"picked":"Rampage","floor":1.0},{"not_picked":["Seeing Red","Wild Strike"],"picked":"Shrug It Off","floor":3.0},{"not_picked":["Blood for Blood","Thunderclap"],"picked":"True Grit","floor":11.0},{"not_picked":["True Grit","Havoc"],"picked":"Entrench","floor":12.0},{"not_picked":["Dark Embrace+1","Dual Wield"],"picked":"Impervious","floor":14.0},{"not_picked":["Double Tap","Bludgeon"],"picked":"Barricade+1","floor":16.0},{"not_picked":["Warcry","Feel No Pain+1"],"picked":"Rage","floor":18.0},{"not_picked":["Heavy Blade","Thunderclap","Twin Strike"],"picked":"SKIP","floor":19.0},{"not_picked":["Clash","Cleave","Sword Boomerang"],"picked":"SKIP","floor":22.0},{"not_picked":["Combust+1","Whirlwind","Havoc"],"picked":"SKIP","floor":24.0},{"not_picked":["Rupture+1","Wild Strike"],"picked":"Shockwave","floor":28.0},{"not_picked":["Twin Strike","Sever Soul","Headbutt"],"picked":"SKIP","floor":29.0},{"not_picked":["Twin Strike","Sever Soul","Headbutt"],"picked":"SKIP","floor":29.0},{"not_picked":["Havoc","Armaments","Pummel"],"picked":"SKIP","floor":31.0},{"not_picked":["Disarm","Wild Strike"],"picked":"Power Through+1","floor":35.0},{"not_picked":["Perfected Strike+1","Havoc","Armaments"],"picked":"SKIP","floor":38.0},{"not_picked":["Armaments+1","Rage+1"],"picked":"Body Slam","floor":42.0},{"not_picked":["Clash","Warcry","Rage"],"picked":"SKIP","floor":44.0},{"not_picked":["Iron Wave","Thunderclap","Havoc"],"picked":"SKIP","floor":46.0},{"not_picked":["Carnage+1","Thunderclap+1"],"picked":"Juggernaut+1","floor":47.0},{"not_picked":["Anger","Armaments","Fire Breathing+1"],"picked":"SKIP","floor":48.0},{"not_picked":["Warcry","Armaments","Iron Wave+1"],"picked":"SKIP","floor":54.0}],"player_experience":3301793,"relics_obtained":[{"floor":9.0,"key":"Bronze Scales"},{"floor":14.0,"key":"Nunchaku"},{"floor":28.0,"key":"Happy Flower"},{"floor":43.0,"key":"Ancient Tea Set"},{"floor":44.0,"key":"Lantern"},{"floor":44.0,"key":"War Paint"},{"floor":47.0,"key":"Girya"},{"floor":48.0,"key":"Dodecahedron"},{"floor":48.0,"key":"Paper Frog"},{"floor":54.0,"key":"Vajra"},{"floor":54.0,"key":"Anchor"}],"event_choices":[{"damage_healed":0.0,"max_hp_gain":0.0,"max_hp_loss":0.0,"gold_gain":0.0,"event_name":"Shining Light","player_choice":"Entered Light","floor":2.0,"gold_loss":0.0,"damage_taken":23.0,"cards_upgraded":["Defend_R","Strike_R"]},{"cards_removed":["Strike_R"],"damage_healed":0.0,"max_hp_gain":0.0,"max_hp_loss":0.0,"gold_gain":0.0,"event_name":"Golden Wing","player_choice":"Card Removal","floor":4.0,"gold_loss":0.0,"damage_taken":7.0},{"damage_healed":18.0,"max_hp_gain":0.0,"max_hp_loss":0.0,"gold_gain":0.0,"event_name":"The Cleric","player_choice":"Healed","floor":5.0,"gold_loss":35.0,"damage_taken":0.0},{"damage_healed":0.0,"max_hp_gain":0.0,"max_hp_loss":0.0,"gold_gain":0.0,"event_name":"Scrap Ooze","player_choice":"Success","floor":13.0,"gold_loss":0.0,"damage_taken":5.0,"relics_obtained":["Frozen Egg 2"]},{"damage_healed":0.0,"max_hp_gain":0.0,"max_hp_loss":0.0,"gold_gain":0.0,"event_name":"Back to Basics","player_choice":"Simplicity","floor":20.0,"gold_loss":0.0,"damage_taken":0.0,"cards_upgraded":["Strike_R","Strike_R","Strike_R","Defend_R","Defend_R","Defend_R"]},{"damage_healed":0.0,"max_hp_gain":0.0,"max_hp_loss":0.0,"gold_gain":0.0,"event_name":"Nest","player_choice":"Joined the Cult","floor":21.0,"gold_loss":0.0,"damage_taken":6.0,"cards_obtained":["RitualDagger"]},{"damage_healed":0.0,"max_hp_gain":0.0,"max_hp_loss":0.0,"gold_gain":0.0,"event_name":"The Library","player_choice":"Read","floor":25.0,"gold_loss":0.0,"damage_taken":0.0,"cards_obtained":["Juggernaut"]},{"cards_removed":["Strike_R"],"damage_healed":0.0,"max_hp_gain":0.0,"max_hp_loss":0.0,"gold_gain":0.0,"event_name":"Bonfire Elementals","player_choice":"Offered Basic","floor":36.0,"gold_loss":0.0,"damage_taken":0.0},{"damage_healed":0.0,"max_hp_gain":0.0,"max_hp_loss":0.0,"gold_gain":0.0,"event_name":"Tomb of Lord Red Mask","player_choice":"Ignored","floor":39.0,"gold_loss":0.0,"damage_taken":0.0},{"damage_healed":0.0,"max_hp_gain":0.0,"max_hp_loss":0.0,"gold_gain":0.0,"event_name":"Duplicator","player_choice":"Copied","floor":41.0,"gold_loss":0.0,"damage_taken":0.0,"cards_obtained":["RitualDagger"]},{"damage_healed":0.0,"max_hp_gain":0.0,"max_hp_loss":0.0,"gold_gain":0.0,"event_name":"MindBloom","player_choice":"Fight","floor":47.0,"gold_loss":0.0,"damage_taken":0.0}],"is_beta":true,"boss_relics":[{"not_picked":["Runic Dome","White Beast Statue"],"picked":"Runic Pyramid"},{"not_picked":["Runic Cube","Eternal Feather"],"picked":"Black Star"}],"items_purged_floors":[37],"is_endless":false,"potions_floor_spawned":[3,11,16,18,22,31,33,35,38],"killed_by":"The Heart","ascension_level":17}