{"gold_per_floor":[217,228,228,160,160,188,188,61,84,96,96],"floor_reached":11,"playtime":1129,"items_purged":["Decay"],"score":117,"play_id":"0133dbb1-cc55-4c57-88ba-9d5727891d05","local_time":"20190529205721","is_ascension_mode":true,"campfire_choices":[{"floor":7,"key":"REST"}],"neow_cost":"NONE","seed_source_timestamp":263203553791613,"circlet_count":0,"master_deck":["AscendersBane","Strike_B","Strike_B","Strike_B","Defend_B","Defend_B","Defend_B","Defend_B","Zap","Dualcast","Reinforced Body","Capacitor","Loop","Glacier","Defragment","Conserve Battery"],"relics":["Cracked Core","Smiling Mask","Centennial Puzzle"],"potions_floor_usage":[],"damage_taken":[{"damage":1,"enemies":"2 Louse","floor":1,"turns":2},{"damage":5,"enemies":"Small Slimes","floor":2,"turns":3},{"damage":49,"enemies":"3 Sentries","floor":6,"turns":10},{"damage":0,"enemies":"Cultist","floor":10,"turns":4},{"damage":33,"enemies":"Gremlin Nob","floor":11,"turns":6}],"seed_played":"8149396892626533322","potions_obtained":[],"is_trial":false,"path_per_floor":["M","M","?","$","?","E","R","$","T","M","E"],"character_chosen":"DEFECT","items_purchased":["Loop","Defragment"],"campfire_rested":1,"item_purchase_floors":[4,8],"current_hp_per_floor":[67,62,55,55,55,6,28,28,28,28,0],"gold":96,"neow_bonus":"HUNDRED_GOLD","is_prod":false,"is_daily":false,"chose_seed":false,"campfire_upgraded":0,"win_rate":0,"timestamp":1559156241,"path_taken":["M","M","?","$","?","E","R","$","T","?","E"],"build_version":"2019-01-23","purchased_purges":1,"victory":false,"max_hp_per_floor":[75,75,75,75,75,75,75,75,75,75,75],"card_choices":[{"not_picked":["Rebound","Sweeping Beam"],"picked":"Reinforced Body","floor":1},{"not_picked":["Leap","Rebound"],"picked":"Capacitor","floor":2},{"not_picked":["Beam Cell","Loop"],"picked":"Glacier","floor":6},{"not_picked":["Reprogram","Sunder"],"picked":"Conserve Battery","floor":10}],"player_experience":622391,"relics_obtained":[{"floor":6,"key":"Smiling Mask"},{"floor":9,"key":"Centennial Puzzle"}],"event_choices":[{"cards_removed":["Strike_B"],"damage_healed":0,"gold_gain":0,"player_choice":"Card Removal","damage_taken":7,"max_hp_gain":0,"max_hp_loss":0,"event_name":"Golden Wing","floor":3,"gold_loss":0},{"damage_healed":0,"gold_gain":0,"player_choice":"Cursed","damage_taken":0,"max_hp_gain":0,"max_hp_loss":0,"event_name":"Wheel of Change","floor":5,"gold_loss":0,"cards_obtained":["Decay"]}],"is_beta":false,"boss_relics":[],"items_purged_floors":[8],"is_endless":false,"potions_floor_spawned":[],"killed_by":"Gremlin Nob","ascension_level":13}