{"gold_per_floor":[113,38,38,38,38,74,74,74,121,159,159,434,448,466,466,564,564,589,612,662,662],"floor_reached":21,"playtime":624,"items_purged":[],"score":435,"play_id":"1aac4397-b493-4db4-844b-048fab9264f3","local_time":"20190423094315","is_ascension_mode":true,"campfire_choices":[{"data":"Zap","floor":8.0,"key":"SMITH"},{"data":"Go for the Eyes","floor":11.0,"key":"SMITH"},{"data":"Barrage","floor":15.0,"key":"SMITH"}],"neow_cost":"NONE","seed_source_timestamp":928023958640406,"circlet_count":0,"master_deck":["AscendersBane","Strike_B","Strike_B","Strike_B","Defend_B","Defend_B","Defend_B","Defend_B","Zap+1","Dualcast","Regret","Go for the Eyes+1","Chill","Barrage+1","Capacitor","Machine Learning","Defragment","Ball Lightning+1"],"special_seed":0,"relics":["Cracked Core","NeowsBlessing","Juzu Bracelet","Golden Idol","Omamori","Anchor","Boot","Nuclear Battery"],"potions_floor_usage":[],"damage_taken":[{"damage":0.0,"enemies":"Jaw Worm","floor":1.0,"turns":1.0},{"damage":0.0,"enemies":"Gremlin Nob","floor":6.0,"turns":1.0},{"damage":0.0,"enemies":"Lagavulin","floor":10.0,"turns":1.0},{"damage":1.0,"enemies":"2 Louse","floor":13.0,"turns":3.0},{"damage":1.0,"enemies":"Cultist","floor":14.0,"turns":3.0},{"damage":27.0,"enemies":"The Guardian","floor":16.0,"turns":12.0},{"damage":22.0,"enemies":"2 Thieves","floor":18.0,"turns":5.0},{"damage":9.0,"enemies":"Shell Parasite","floor":19.0,"turns":6.0},{"damage":22,"enemies":"Snake Plant","floor":21,"turns":2}],"seed_played":"-1577477456885998197","potions_obtained":[{"floor":1.0,"key":"Fire Potion"},{"floor":13.0,"key":"AttackPotion"},{"floor":16.0,"key":"Block Potion"}],"is_trial":false,"path_per_floor":["M","?","?","T","?","E","$","R","T","E","R","?","M","M","R","B",null,"M","M","?","M"],"character_chosen":"DEFECT","items_purchased":[],"campfire_rested":0,"item_purchase_floors":[],"current_hp_per_floor":[64,64,64,64,64,64,64,64,64,64,64,64,63,62,62,35,57,35,26,20,0],"gold":662,"neow_bonus":"THREE_ENEMY_KILL","is_prod":false,"is_daily":false,"chose_seed":false,"campfire_upgraded":3,"win_rate":0,"timestamp":1555980195,"path_taken":["M","?","?","?","?","E","$","R","T","E","R","?","M","M","R","BOSS","M","M","?","M"],"build_version":"2019-04-21","purchased_purges":0,"victory":false,"max_hp_per_floor":[71,71,71,71,64,64,64,64,64,64,64,64,64,64,64,64,64,64,64,64,64],"card_choices":[{"not_picked":["Tempest","Beam Cell","Redo"],"picked":"SKIP","floor":1.0},{"not_picked":["Double Energy","Gash"],"picked":"Go for the Eyes","floor":6.0},{"not_picked":["Beam Cell","Aggregate"],"picked":"Chill","floor":10.0},{"not_picked":["Go for the Eyes","Conserve Battery"],"picked":"Barrage","floor":13.0},{"not_picked":["Ball Lightning","Double Energy"],"picked":"Capacitor","floor":14.0},{"not_picked":["Hyperbeam","Amplify"],"picked":"Machine Learning","floor":16.0},{"not_picked":["Hologram","Steam"],"picked":"Defragment","floor":18.0},{"not_picked":["Sunder","Steam"],"picked":"Ball Lightning+1","floor":19.0}],"player_experience":3017852,"relics_obtained":[{"floor":6.0,"key":"Omamori"},{"floor":9.0,"key":"Anchor"},{"floor":10.0,"key":"Boot"}],"event_choices":[{"cards_removed":["Strike_B"],"damage_healed":0.0,"max_hp_gain":0.0,"max_hp_loss":0.0,"gold_gain":0.0,"event_name":"The Cleric","player_choice":"Card Removal","floor":2.0,"gold_loss":75.0,"damage_taken":0.0},{"damage_healed":0.0,"max_hp_gain":0.0,"max_hp_loss":0.0,"gold_gain":0.0,"event_name":"Big Fish","player_choice":"Box","floor":3.0,"gold_loss":0.0,"damage_taken":0.0,"relics_obtained":["Juzu Bracelet"],"cards_obtained":["Regret"]},{"damage_healed":0.0,"max_hp_gain":0.0,"max_hp_loss":7.0,"gold_gain":0.0,"event_name":"Golden Idol","player_choice":"Lose Max HP","floor":5.0,"gold_loss":0.0,"damage_taken":0.0,"relics_obtained":["Golden Idol"]},{"damage_healed":0.0,"max_hp_gain":0.0,"max_hp_loss":0.0,"gold_gain":275.0,"event_name":"Golden Shrine","player_choice":"Desecrate","floor":12.0,"gold_loss":0.0,"damage_taken":0.0,"cards_obtained":["Regret"]},{"damage_healed":0.0,"max_hp_gain":0.0,"max_hp_loss":0.0,"gold_gain":50.0,"event_name":"FaceTrader","player_choice":"Touch","floor":20.0,"gold_loss":0.0,"damage_taken":6.0}],"is_beta":true,"boss_relics":[{"not_picked":["FrozenCore","Ectoplasm"],"picked":"Nuclear Battery"}],"items_purged_floors":[],"is_endless":false,"potions_floor_spawned":[1,13,16],"killed_by":"Snake Plant","ascension_level":17}