{"gold_per_floor":[109,109,127,52,202,202,102,115,170,115,115,143,155,186,198,210],"floor_reached":16,"playtime":579,"items_purged":["Strike_R","Doubt"],"score":162,"play_id":"7741eb26-da83-449a-86e5-9432ad912b23","local_time":"20190519133539","is_ascension_mode":true,"campfire_choices":[{"data":"Rage","floor":6,"key":"SMITH"},{"data":"Body Slam","floor":15,"key":"SMITH"}],"neow_cost":"NONE","seed_source_timestamp":96049984892551,"circlet_count":0,"master_deck":["AscendersBane","Strike_R","Strike_R","Strike_R","Strike_R","Defend_R","Defend_R","Defend_R","Bash","Rage+1","Body Slam+1"],"relics":["Burning Blood","Anchor","MawBank"],"potions_floor_usage":[],"damage_taken":[{"damage":11,"enemies":"Jaw Worm","floor":1,"turns":4},{"damage":2,"enemies":"2 Louse","floor":3,"turns":3},{"damage":0,"enemies":"Cultist","floor":8,"turns":3},{"damage":9,"enemies":"Red Slaver","floor":12,"turns":4},{"damage":0,"enemies":"2 Fungi Beasts","floor":14,"turns":4},{"damage":95,"enemies":"Slime Boss","floor":16,"turns":12}],"seed_played":"6925403958777185850","potions_obtained":[{"floor":8,"key":"FearPotion"},{"floor":13,"key":"FairyPotion"},{"floor":13,"key":"Ancient Potion"}],"is_trial":false,"path_per_floor":["M","?","M","$","?","R","$","M","T","$","?","M","?","M","R","B"],"character_chosen":"IRONCLAD","items_purchased":["Body Slam"],"campfire_rested":0,"item_purchase_floors":[10],"current_hp_per_floor":[63,63,67,67,67,67,67,73,73,73,73,70,70,75,75,0],"gold":210,"neow_bonus":"REMOVE_CARD","is_prod":false,"is_daily":false,"chose_seed":false,"campfire_upgraded":2,"win_rate":0,"timestamp":1558262139,"path_taken":["M","?","M","$","?","R","$","?","T","$","?","?","?","M","R","BOSS"],"build_version":"2019-01-23","purchased_purges":2,"victory":false,"max_hp_per_floor":[75,75,75,75,75,75,75,75,75,75,75,75,75,75,75,75],"card_choices":[{"not_picked":["Anger","Iron Wave"],"picked":"Rage","floor":1},{"not_picked":["Evolve","Heavy Blade","Shockwave"],"picked":"SKIP","floor":3},{"not_picked":["Warcry","Wild Strike","Havoc"],"picked":"SKIP","floor":8},{"not_picked":["Body Slam","Sword Boomerang","Armaments"],"picked":"SKIP","floor":12},{"not_picked":["Armaments","Iron Wave","Offering"],"picked":"SKIP","floor":14}],"player_experience":1368790,"relics_obtained":[{"floor":9,"key":"Anchor"}],"event_choices":[{"damage_healed":0,"gold_gain":0,"player_choice":"Ignored","damage_taken":0,"max_hp_gain":0,"max_hp_loss":0,"event_name":"Golden Idol","floor":2,"gold_loss":0},{"damage_healed":0,"gold_gain":150,"player_choice":"AGREE","damage_taken":0,"max_hp_gain":0,"max_hp_loss":0,"event_name":"Liars Game","floor":5,"gold_loss":0,"cards_obtained":["Doubt"]},{"damage_healed":0,"gold_gain":0,"player_choice":"Gave Potion","damage_taken":0,"relics_obtained":["MawBank"],"max_hp_gain":0,"max_hp_loss":0,"event_name":"WeMeetAgain","floor":11,"gold_loss":0},{"damage_healed":0,"gold_gain":0,"player_choice":"Got Potions","damage_taken":0,"max_hp_gain":0,"max_hp_loss":0,"event_name":"Lab","floor":13,"gold_loss":0}],"is_beta":false,"boss_relics":[],"items_purged_floors":[4,7],"is_endless":false,"potions_floor_spawned":[8,14],"killed_by":"Slime Boss","ascension_level":16}