{"gold_per_floor":[213,213,213,227,246,246,257,257,309,320,320,320,345,357,357,435,435,409,409,426,56,86,117,25,25,49,59,59,88,88,8,8,85,85,95,195,212,226,249,284,284],"floor_reached":41,"playtime":2742,"items_purged":["Strike_G","Shame"],"score":920,"play_id":"abce9993-3259-4bec-a9c9-526ddbfc6ebe","local_time":"20190524062321","is_ascension_mode":true,"campfire_choices":[{"data":"Bouncing Flask","floor":6.0,"key":"SMITH"},{"data":"Dash","floor":8.0,"key":"SMITH"},{"data":"Footwork","floor":11.0,"key":"SMITH"},{"data":"Dash","floor":15.0,"key":"SMITH"},{"data":"Burst","floor":25.0,"key":"SMITH"},{"data":"Ghostly","floor":30.0,"key":"SMITH"},{"data":"Ghostly","floor":32.0,"key":"SMITH"}],"neow_cost":"NONE","seed_source_timestamp":0,"circlet_count":0,"master_deck":["AscendersBane","Defend_G","Defend_G","Defend_G","Defend_G","Defend_G","Strike_G","Strike_G","Strike_G","Strike_G","Survivor","Neutralize+1","Flying Knee","Leg Sweep","Bouncing Flask+1","Dash+1","Footwork+1","Dash+1","Burst+1","PiercingWail+1","Ghostly+1","Ghostly+1","Ghostly","Deadly Poison+1","PiercingWail","Footwork","Noxious Fumes","Night Terror","Calculated Gamble","Prepared+1"],"special_seed":0,"relics":["Ring of the Snake","Smiling Mask","Anchor","White Beast Statue","Orichalcum","Bronze Scales","Tiny Chest","Bag of Preparation","Happy Flower","Bottled Tornado","Coffee Dripper","Turnip","Tingsha"],"potions_floor_usage":[],"damage_taken":[{"damage":14.0,"enemies":"Jaw Worm","floor":1.0,"turns":9.0},{"damage":2.0,"enemies":"Cultist","floor":4.0,"turns":4.0},{"damage":1.0,"enemies":"Small Slimes","floor":5.0,"turns":3.0},{"damage":0.0,"enemies":"3 Louse","floor":7.0,"turns":6.0},{"damage":2.0,"enemies":"2 Fungi Beasts","floor":10.0,"turns":4.0},{"damage":18.0,"enemies":"Lagavulin","floor":13.0,"turns":9.0},{"damage":0.0,"enemies":"Looter","floor":14.0,"turns":4.0},{"damage":2.0,"enemies":"Hexaghost","floor":16.0,"turns":10.0},{"damage":4.0,"enemies":"2 Thieves","floor":18.0,"turns":4.0},{"damage":3.0,"enemies":"Shell Parasite","floor":20.0,"turns":9.0},{"damage":3.0,"enemies":"Slavers","floor":23.0,"turns":7.0},{"damage":0.0,"enemies":"Snecko","floor":27.0,"turns":6.0},{"damage":0.0,"enemies":"Gremlin Leader","floor":29.0,"turns":7.0},{"damage":2.0,"enemies":"Collector","floor":33.0,"turns":11.0},{"damage":0.0,"enemies":"3 Darklings","floor":35.0,"turns":6.0},{"damage":1.0,"enemies":"Mind Bloom Boss Battle","floor":36.0,"turns":12.0},{"damage":1.0,"enemies":"Orb Walker","floor":37.0,"turns":4.0},{"damage":0.0,"enemies":"Maw","floor":38.0,"turns":10.0},{"damage":3.0,"enemies":"Giant Head","floor":40.0,"turns":18.0},{"damage":37,"enemies":"3 Darklings","floor":41,"turns":4}],"seed_played":"7157964269073976054","potions_obtained":[{"floor":1.0,"key":"Regen Potion"},{"floor":7.0,"key":"AttackPotion"},{"floor":13.0,"key":"Weak Potion"},{"floor":14.0,"key":"GhostInAJar"},{"floor":16.0,"key":"LiquidBronze"},{"floor":23.0,"key":"Swift Potion"},{"floor":27.0,"key":"Regen Potion"},{"floor":29.0,"key":"GhostInAJar"},{"floor":33.0,"key":"Poison Potion"},{"floor":35.0,"key":"Regen Potion"},{"floor":36.0,"key":"Swift Potion"},{"floor":40.0,"key":"Regen Potion"}],"is_trial":false,"path_per_floor":["M","?","$","M","M","R","M","R","T","M","R","?","E","M","R","B",null,"M","?","M","$","?","E","$","R","T","M","?","E","R","$","R","B",null,"M","?","M","M","T","E","M"],"character_chosen":"THE_SILENT","items_purchased":["Orichalcum","Bronze Scales","Footwork","Noxious Fumes"],"campfire_rested":0,"item_purchase_floors":[21,21,24,31],"current_hp_per_floor":[45,45,45,43,42,42,42,42,42,40,40,40,22,22,22,35,58,54,33,30,30,30,27,27,27,27,27,27,27,27,27,27,25,31,31,30,29,29,29,33,0],"gold":284,"neow_bonus":"HUNDRED_GOLD","is_prod":false,"is_daily":false,"chose_seed":false,"campfire_upgraded":7,"win_rate":0,"timestamp":1558646601,"path_taken":["M","?","?","M","M","R","M","R","T","M","R","?","E","M","R","BOSS","M","?","M","$","?","E","$","R","T","M","?","E","R","$","R","BOSS","M","?","M","M","?","E","M"],"build_version":"2019-05-22","purchased_purges":2,"victory":false,"max_hp_per_floor":[66,66,66,66,66,66,66,66,66,66,66,66,66,66,66,66,66,66,33,33,33,33,33,33,33,33,33,33,33,33,33,33,33,33,33,33,33,33,33,33,33],"card_choices":[{"not_picked":["Expertise","Dodge and Roll"],"picked":"Flying Knee","floor":1.0},{"not_picked":["Underhanded Strike","Storm of Steel"],"picked":"Leg Sweep","floor":4.0},{"not_picked":["Predator","Dagger Spray"],"picked":"Bouncing Flask","floor":5.0},{"not_picked":["Expertise","Dagger Spray"],"picked":"Dash","floor":7.0},{"not_picked":["Tactician","Blade Dance"],"picked":"Footwork","floor":10.0},{"not_picked":["Reflex","Blade Dance"],"picked":"Dash","floor":13.0},{"not_picked":["Finisher","Outmaneuver","Cloak And Dagger"],"picked":"SKIP","floor":14.0},{"not_picked":["Venomology","Wraith Form v2"],"picked":"Burst","floor":16.0},{"not_picked":["Dagger Throw","Acrobatics"],"picked":"PiercingWail+1","floor":18.0},{"not_picked":["Terror","Acrobatics"],"picked":"Deadly Poison+1","floor":20.0},{"not_picked":["Predator","Envenom"],"picked":"PiercingWail","floor":23.0},{"not_picked":["Dash","Dagger Spray","Deflect"],"picked":"SKIP","floor":27.0},{"not_picked":["Prepared","Bane","Underhanded Strike"],"picked":"SKIP","floor":29.0},{"not_picked":["Tools of the Trade","Bullet Time"],"picked":"Night Terror","floor":33.0},{"not_picked":["Underhanded Strike","Flying Knee","Dash"],"picked":"SKIP","floor":35.0},{"not_picked":["Blade Dance+1","Reflex"],"picked":"Calculated Gamble","floor":36.0},{"not_picked":["Outmaneuver","Flying Knee"],"picked":"Prepared+1","floor":37.0},{"not_picked":["Deflect","Prepared","Acrobatics"],"picked":"SKIP","floor":38.0},{"not_picked":["Cloak And Dagger","Dodge and Roll","Tactician+1"],"picked":"SKIP","floor":40.0}],"player_experience":3321568,"relics_obtained":[{"floor":9.0,"key":"Smiling Mask"},{"floor":13.0,"key":"Anchor"},{"floor":23.0,"key":"Bag of Preparation"},{"floor":26.0,"key":"Happy Flower"},{"floor":29.0,"key":"Bottled Tornado"},{"floor":36.0,"key":"Turnip"},{"floor":40.0,"key":"Tingsha"}],"event_choices":[{"damage_healed":0.0,"max_hp_gain":0.0,"max_hp_loss":0.0,"gold_gain":0.0,"event_name":"Match and Keep!","player_choice":"0 cards matched","floor":2.0,"gold_loss":0.0,"damage_taken":0.0,"cards_obtained":[]},{"damage_healed":0.0,"max_hp_gain":0.0,"max_hp_loss":0.0,"gold_gain":0.0,"event_name":"Living Wall","player_choice":"Grow","floor":12.0,"gold_loss":0.0,"damage_taken":0.0,"cards_upgraded":["Neutralize"]},{"damage_healed":0.0,"max_hp_gain":0.0,"max_hp_loss":33.0,"gold_gain":0.0,"event_name":"Ghosts","player_choice":"Became a Ghost","floor":19.0,"gold_loss":0.0,"damage_taken":0.0,"cards_obtained":["Ghostly","Ghostly","Ghostly"]},{"damage_healed":0.0,"max_hp_gain":0.0,"max_hp_loss":0.0,"gold_gain":0.0,"event_name":"Addict","player_choice":"Stole Relic","floor":22.0,"gold_loss":0.0,"damage_taken":0.0,"relics_obtained":["Tiny Chest"],"cards_obtained":["Shame"]},{"damage_healed":0.0,"max_hp_gain":0.0,"max_hp_loss":0.0,"gold_gain":0.0,"event_name":"Beggar","player_choice":"Ignored","floor":28.0,"gold_loss":0.0,"damage_taken":0.0},{"damage_healed":0.0,"max_hp_gain":0.0,"max_hp_loss":0.0,"gold_gain":0.0,"event_name":"MindBloom","player_choice":"Fight","floor":36.0,"gold_loss":0.0,"damage_taken":0.0}],"is_beta":true,"boss_relics":[{"not_picked":["Ring of the Serpent","Empty Cage"],"picked":"White Beast Statue"},{"not_picked":["Pandora\u0027s Box","Eternal Feather"],"picked":"Coffee Dripper"}],"items_purged_floors":[21,24],"is_endless":false,"potions_floor_spawned":[1,7,13,14,16,18,20,23,27,29,33,35,36,37,38,40],"killed_by":"3 Darklings","ascension_level":18}