{"gold_per_floor":[115,132,102,119,138,138,169,187,187,187,204,204,48,60,60,136,136,146,157,176,0,0,0,50,50,75,75,75,89,89,103,103,175,175,193,134,134,146,246,274,274,285,310,310],"floor_reached":44,"playtime":1866,"items_purged":["Strike_B"],"score":980,"play_id":"350f3147-d444-40c2-946e-08ffe0012091","local_time":"20190525015436","is_ascension_mode":true,"campfire_choices":[{"data":"Sweeping Beam","floor":6,"key":"SMITH"},{"floor":10,"key":"REST"},{"data":"Beam Cell","floor":12,"key":"SMITH"},{"floor":15,"key":"REST"},{"data":"Self Repair","floor":23,"key":"SMITH"},{"data":"Self Repair","floor":28,"key":"SMITH"},{"data":"Dualcast","floor":32,"key":"SMITH"},{"floor":41,"key":"RECALL"}],"neow_cost":"PERCENT_DAMAGE","seed_source_timestamp":179347081326800,"circlet_count":0,"master_deck":["AscendersBane","Strike_B+1","Strike_B+1","Strike_B+1","Defend_B+1","Defend_B+1","Defend_B+1","Zap","Dualcast+1","Beam Cell+1","BootSequence","Reinforced Body","Sweeping Beam+1","Compile Driver","Ball Lightning","Melter","Ball Lightning","Fission+1","Turbo+1","Redo+1","Reinforced Body+1","Reinforced Body+1","Turbo+1","Self Repair+1","Self Repair+1","Undo+1","Ghostly+1","Ghostly+1","Ghostly+1","Doom and Gloom","Multi-Cast+1","Stack+1","Stack+1","White Noise+1","Auto Shields+1","Leap+1","Hologram+1","Coolheaded+1","Reinforced Body+1","Conserve Battery+1","Conserve Battery+1"],"relics":["Cracked Core","Calipers","Potion Belt","Toxic Egg 2","Coffee Dripper","Happy Flower","Orrery","Prayer Wheel","Mercury Hourglass"],"potions_floor_usage":[7,8,16,16,19,33,33,39,40,42],"damage_taken":[{"damage":2,"enemies":"Jaw Worm","floor":1,"turns":3},{"damage":1,"enemies":"Cultist","floor":2,"turns":3},{"damage":3,"enemies":"Small Slimes","floor":4,"turns":3},{"damage":0,"enemies":"2 Fungi Beasts","floor":5,"turns":4},{"damage":23,"enemies":"3 Sentries","floor":7,"turns":8},{"damage":1,"enemies":"3 Louse","floor":8,"turns":4},{"damage":9,"enemies":"Exordium Wildlife","floor":11,"turns":4},{"damage":0,"enemies":"2 Fungi Beasts","floor":14,"turns":2},{"damage":26,"enemies":"Slime Boss","floor":16,"turns":8},{"damage":0,"enemies":"3 Byrds","floor":18,"turns":5},{"damage":0,"enemies":"2 Thieves","floor":19,"turns":2},{"damage":38,"enemies":"Snecko","floor":20,"turns":9},{"damage":0,"enemies":"Centurion and Healer","floor":29,"turns":10},{"damage":3,"enemies":"Snake Plant","floor":31,"turns":5},{"damage":25,"enemies":"Collector","floor":33,"turns":17},{"damage":0,"enemies":"3 Shapes","floor":35,"turns":8},{"damage":15,"enemies":"3 Darklings","floor":38,"turns":8},{"damage":0,"enemies":"Mind Bloom Boss Battle","floor":39,"turns":10},{"damage":0,"enemies":"Nemesis","floor":40,"turns":15},{"damage":23,"enemies":"4 Shapes","floor":42,"turns":5},{"damage":51,"enemies":"Giant Head","floor":44,"turns":12}],"seed_played":"2309776278672204492","potions_obtained":[{"floor":3,"key":"FairyPotion"},{"floor":3,"key":"Poison Potion"},{"floor":5,"key":"Block Potion"},{"floor":8,"key":"FearPotion"},{"floor":11,"key":"FearPotion"},{"floor":16,"key":"Strength Potion"},{"floor":18,"key":"FearPotion"},{"floor":29,"key":"Block Potion"},{"floor":33,"key":"FocusPotion"},{"floor":35,"key":"LiquidBronze"},{"floor":39,"key":"Energy Potion"}],"is_trial":false,"path_per_floor":["M","M","?","M","M","R","E","M","T","R","M","R","$","M","R","B",null,"M","M","M","$","?","R","?","?","T","?","R","M","?","M","R","B",null,"M","$","?","M","?","E","R","M","T","E"],"character_chosen":"DEFECT","items_purchased":["Melter","Reinforced Body+1","Turbo+1","Self Repair","Coolheaded+1"],"campfire_rested":2,"item_purchase_floors":[13,21,21,21,36],"current_hp_per_floor":[44,43,43,40,40,40,17,16,16,37,28,28,28,28,49,23,59,59,59,21,21,21,21,21,21,21,21,21,41,35,35,35,30,34,35,35,33,33,33,33,33,20,20,0],"gold":310,"neow_bonus":"ONE_RARE_RELIC","is_prod":false,"is_daily":false,"chose_seed":false,"campfire_upgraded":5,"win_rate":0,"timestamp":1558716876,"path_taken":["M","M","?","M","?","R","E","M","T","R","M","R","$","M","R","BOSS","M","M","M","$","?","R","?","?","T","?","R","?","?","M","R","BOSS","M","$","?","M","?","E","R","M","T","E"],"build_version":"2019-01-23","purchased_purges":1,"victory":false,"max_hp_per_floor":[71,71,71,71,71,71,71,71,71,71,71,71,71,71,71,71,71,71,71,71,71,71,71,71,71,71,71,71,71,35,35,35,35,35,35,35,33,33,33,33,33,33,33,33],"card_choices":[{"not_picked":["Leap","Steam Power"],"picked":"Beam Cell","floor":1},{"not_picked":["Steam","Gash"],"picked":"BootSequence","floor":2},{"not_picked":["Storm","BootSequence"],"picked":"Reinforced Body","floor":4},{"not_picked":["Redo","Conserve Battery"],"picked":"Sweeping Beam","floor":5},{"not_picked":["Force Field","Barrage"],"picked":"Leap","floor":7},{"not_picked":["Stack","Machine Learning"],"picked":"Compile Driver","floor":8},{"not_picked":["Leap+1","Stack+1"],"picked":"Ball Lightning","floor":11},{"not_picked":["Hologram+1","Storm"],"picked":"Ball Lightning","floor":14},{"not_picked":["Seek+1","All For One"],"picked":"Fission+1","floor":16},{"not_picked":["Barrage","Sweeping Beam"],"picked":"Turbo+1","floor":18},{"not_picked":["Biased Cognition","Reprogram+1"],"picked":"Redo+1","floor":19},{"not_picked":["Conserve Battery+1","Rebound"],"picked":"Reinforced Body+1","floor":20},{"not_picked":["Compile Driver","Redo+1","Gash"],"picked":"SKIP","floor":29},{"not_picked":["Coolheaded+1","Stack+1"],"picked":"Doom and Gloom","floor":31},{"not_picked":["Buffer","All For One"],"picked":"Multi-Cast+1","floor":33},{"not_picked":["Force Field+1","Conserve Battery+1"],"picked":"Stack+1","floor":34},{"not_picked":["Gash","Beam Cell"],"picked":"Stack+1","floor":34},{"not_picked":["Biased Cognition","Barrage"],"picked":"White Noise+1","floor":34},{"not_picked":["Chaos+1","Melter+1"],"picked":"Auto Shields+1","floor":34},{"not_picked":["Tempest+1","Compile Driver"],"picked":"Leap+1","floor":34},{"not_picked":["Compile Driver","Gash+1"],"picked":"Hologram+1","floor":35},{"not_picked":["Redo+1","Gash"],"picked":"Reinforced Body+1","floor":38},{"not_picked":["Coolheaded+1","Rebound"],"picked":"Conserve Battery+1","floor":39},{"not_picked":["Streamline+1","Redo+1","Sweeping Beam"],"picked":"SKIP","floor":40},{"not_picked":["Amplify+1","Streamline"],"picked":"Conserve Battery+1","floor":42},{"not_picked":["Rebound","FTL","Heatsinks"],"picked":"SKIP","floor":42}],"player_experience":5142545,"relics_obtained":[{"floor":7,"key":"Potion Belt"},{"floor":9,"key":"Toxic Egg 2"},{"floor":26,"key":"Happy Flower"},{"floor":39,"key":"Prayer Wheel"},{"floor":40,"key":"Mercury Hourglass"}],"event_choices":[{"damage_healed":0,"gold_gain":0,"player_choice":"Bought 2 Potions","damage_taken":0,"max_hp_gain":0,"max_hp_loss":0,"event_name":"The Woman in Blue","floor":3,"gold_loss":0},{"damage_healed":0,"gold_gain":0,"player_choice":"Simplicity","damage_taken":0,"max_hp_gain":0,"max_hp_loss":0,"event_name":"Back to Basics","floor":22,"gold_loss":0,"cards_upgraded":["Strike_B","Strike_B","Strike_B","Defend_B","Defend_B","Defend_B","Defend_B"]},{"damage_healed":0,"gold_gain":50,"player_choice":"Stole From Cult","damage_taken":0,"max_hp_gain":0,"max_hp_loss":0,"event_name":"Nest","floor":24,"gold_loss":0},{"damage_healed":0,"gold_gain":0,"player_choice":"Ignored","damage_taken":0,"max_hp_gain":0,"max_hp_loss":0,"event_name":"Cursed Tome","floor":25,"gold_loss":0},{"damage_healed":0,"gold_gain":0,"cards_transformed":["Leap","Defend_B"],"player_choice":"Became Test Subject","damage_taken":0,"max_hp_gain":0,"max_hp_loss":0,"event_name":"Drug Dealer","floor":27,"gold_loss":0,"cards_obtained":["Self Repair","Undo"]},{"damage_healed":0,"gold_gain":0,"player_choice":"Became a Ghost","damage_taken":0,"max_hp_gain":0,"max_hp_loss":36,"event_name":"Ghosts","floor":30,"gold_loss":0,"cards_obtained":["Ghostly","Ghostly","Ghostly"]},{"damage_healed":0,"gold_gain":0,"player_choice":"Max HP","damage_taken":0,"max_hp_gain":0,"max_hp_loss":2,"event_name":"Winding Halls","floor":37,"gold_loss":0},{"damage_healed":0,"gold_gain":0,"player_choice":"Fight","damage_taken":0,"max_hp_gain":0,"max_hp_loss":0,"event_name":"MindBloom","floor":39,"gold_loss":0}],"is_beta":false,"boss_relics":[{"not_picked":["Eternal Feather","Snecko Eye"],"picked":"Coffee Dripper"},{"not_picked":["Busted Crown","Runic Dome"],"picked":"Orrery"}],"items_purged_floors":[13],"is_endless":false,"potions_floor_spawned":[5,8,11,16,18,29,33,35,39],"killed_by":"Giant Head","ascension_level":20}