{"gold_per_floor":[111,130,142,153,153,153,182,182,182,198,215,230,26,36,36,113,113,132,132,20,20,32,32,65,65,65,65,19,19,46,63,63,140,140,155,155,168,179,77,77],"floor_reached":40,"playtime":1807,"items_purged":["Strike_B"],"score":728,"play_id":"dfdf4368-1ecc-4eea-adb3-982d461b5a96","local_time":"20190601203025","is_ascension_mode":true,"campfire_choices":[{"data":"Defragment","floor":6.0,"key":"SMITH"},{"data":"Static Discharge","floor":8.0,"key":"SMITH"},{"floor":15.0,"key":"REST"},{"floor":23.0,"key":"REST"},{"floor":27,"key":"REST"},{"data":"Loop","floor":29,"key":"SMITH"},{"floor":32,"key":"REST"}],"neow_cost":"NONE","seed_source_timestamp":0,"circlet_count":0,"master_deck":["AscendersBane","Zap+1","Dualcast","Defragment+1","Static Discharge+1","Cold Snap","Reinforced Body","Biased Cognition","Undo","Ball Lightning","Chill","Defragment+1","Conserve Battery","Electrodynamics","Tempest","Loop","Turbo","Loop+1","Barrage","Genetic Algorithm","Sunder","Buffer","Barrage","Fission","Turbo","Leap+1","Amplify","Coolheaded","Self Repair","Coolheaded"],"special_seed":0,"relics":["Cracked Core","Pantograph","Sundial","DollysMirror","Inserter","Blue Candle","Bottled Tornado","The Courier","Pandora\u0027s Box"],"potions_floor_usage":[30,33,33],"damage_taken":[{"damage":0.0,"enemies":"Small Slimes","floor":1.0,"turns":3.0},{"damage":5.0,"enemies":"Cultist","floor":2.0,"turns":5.0},{"damage":1.0,"enemies":"Jaw Worm","floor":3.0,"turns":4.0},{"damage":19.0,"enemies":"Exordium Wildlife","floor":4.0,"turns":4.0},{"damage":12.0,"enemies":"Gremlin Nob","floor":7.0,"turns":4.0},{"damage":1.0,"enemies":"Looter","floor":10.0,"turns":3.0},{"damage":2.0,"enemies":"2 Fungi Beasts","floor":11.0,"turns":3.0},{"damage":0.0,"enemies":"Exordium Thugs","floor":12.0,"turns":4.0},{"damage":20.0,"enemies":"Gremlin Gang","floor":14.0,"turns":2.0},{"damage":3.0,"enemies":"The Guardian","floor":16.0,"turns":10.0},{"damage":12.0,"enemies":"3 Byrds","floor":18.0,"turns":2.0},{"damage":25.0,"enemies":"2 Thieves","floor":22.0,"turns":4.0},{"damage":19.0,"enemies":"Book of Stabbing","floor":24.0,"turns":5.0},{"damage":34,"enemies":"Slavers","floor":30,"turns":2},{"damage":2,"enemies":"Cultist and Chosen","floor":31,"turns":5},{"damage":37,"enemies":"Automaton","floor":33,"turns":8},{"damage":20,"enemies":"3 Darklings","floor":35,"turns":4},{"damage":16,"enemies":"Orb Walker","floor":37,"turns":5},{"damage":8,"enemies":"Maw","floor":38,"turns":7},{"damage":16,"enemies":"Reptomancer","floor":40,"turns":2}],"seed_played":"1211422606306560491","potions_obtained":[{"floor":1.0,"key":"FocusPotion"},{"floor":3.0,"key":"Block Potion"},{"floor":10.0,"key":"Strength Potion"},{"floor":11.0,"key":"Ancient Potion"},{"floor":30,"key":"AttackPotion"},{"floor":38,"key":"FearPotion"}],"is_trial":false,"path_per_floor":["M","M","M","M","?","R","E","R","T","M","M","M","$","M","R","B",null,"M","?","$","?","M","R","E","?","T","R","$","R","E","M","R","B",null,"M","?","M","M","$","E"],"character_chosen":"DEFECT","items_purchased":["DollysMirror","Loop","Barrage","Self Repair","Coolheaded"],"campfire_rested":4,"item_purchase_floors":[13,20,28,39,39],"current_hp_per_floor":[64,59,58,39,39,39,27,27,27,26,24,24,24,4,25,47,65,53,53,53,53,28,49,30,30,30,51,51,51,17,15,36,24,59,39,39,23,15,15,0],"gold":77,"neow_bonus":"UPGRADE_CARD","is_prod":false,"is_daily":false,"chose_seed":false,"campfire_upgraded":3,"win_rate":0,"timestamp":1559413825,"path_taken":["M","M","M","M","?","R","E","R","T","M","M","?","?","M","R","BOSS","M","?","$","?","M","R","E","?","T","R","$","R","E","M","R","BOSS","M","?","M","M","$","E"],"build_version":"2019-01-23","purchased_purges":1,"victory":false,"max_hp_per_floor":[71,71,71,71,71,71,71,71,71,71,71,71,71,71,71,71,71,71,71,71,71,71,71,71,71,71,71,71,71,71,71,71,71,71,71,71,71,71,71,71],"card_choices":[{"not_picked":["Go for the Eyes","Conserve Battery"],"picked":"Defragment","floor":1.0},{"not_picked":["Double Energy","Conserve Battery"],"picked":"Static Discharge","floor":2.0},{"not_picked":["Sweeping Beam","Go for the Eyes"],"picked":"Cold Snap","floor":3.0},{"not_picked":["Leap","Gash"],"picked":"Reinforced Body","floor":4.0},{"not_picked":["Loop","Rip and Tear"],"picked":"Undo","floor":7.0},{"not_picked":["Sweeping Beam","Redo","Streamline"],"picked":"SKIP","floor":10.0},{"not_picked":["Go for the Eyes","Static Discharge"],"picked":"Ball Lightning","floor":11.0},{"not_picked":["Go for the Eyes","Redo"],"picked":"Chill","floor":12.0},{"not_picked":["Ball Lightning","Rebound"],"picked":"Conserve Battery","floor":14.0},{"not_picked":["Multi-Cast","Machine Learning"],"picked":"Electrodynamics","floor":16.0},{"not_picked":["Skim","Cold Snap","Sweeping Beam"],"picked":"SKIP","floor":18.0},{"not_picked":["Sweeping Beam","Conserve Battery"],"picked":"Turbo","floor":22.0},{"not_picked":["Sweeping Beam","Go for the Eyes"],"picked":"Loop","floor":24},{"not_picked":["Thunder Strike","Barrage"],"picked":"Genetic Algorithm","floor":30},{"not_picked":["Chaos","Beam Cell","Compile Driver"],"picked":"SKIP","floor":31},{"not_picked":["Chill","Ball Lightning"],"picked":"Leap+1","floor":35},{"not_picked":["Heatsinks","Auto Shields","Beam Cell+1"],"picked":"SKIP","floor":37},{"not_picked":["Barrage","Sweeping Beam"],"picked":"Coolheaded","floor":38}],"player_experience":651429,"relics_obtained":[{"floor":7.0,"key":"Pantograph"},{"floor":9.0,"key":"Sundial"},{"floor":24,"key":"Blue Candle"},{"floor":26,"key":"Bottled Tornado"},{"floor":30,"key":"The Courier"}],"event_choices":[{"damage_healed":0.0,"max_hp_gain":0.0,"max_hp_loss":0.0,"gold_gain":0.0,"event_name":"Match and Keep!","player_choice":"1 cards matched","floor":5.0,"gold_loss":0.0,"damage_taken":0.0,"cards_obtained":["Biased Cognition"]},{"damage_healed":0.0,"max_hp_gain":0.0,"max_hp_loss":0.0,"gold_gain":0.0,"cards_transformed":["Strike_B","Strike_B"],"event_name":"Drug Dealer","player_choice":"Became Test Subject","floor":19.0,"gold_loss":0.0,"damage_taken":0.0,"cards_obtained":["Darkness","Tempest"]},{"damage_healed":0.0,"max_hp_gain":0.0,"max_hp_loss":0.0,"gold_gain":0.0,"event_name":"Vampires","player_choice":"Ignored","floor":21.0,"gold_loss":0.0,"damage_taken":0.0},{"damage_healed":0,"gold_gain":0,"player_choice":"Ignored","damage_taken":0,"max_hp_gain":0,"max_hp_loss":0,"event_name":"Ghosts","floor":25,"gold_loss":0},{"damage_healed":0,"gold_gain":0,"cards_transformed":["Darkness"],"player_choice":"Transformed","damage_taken":0,"max_hp_gain":0,"max_hp_loss":0,"event_name":"Transmorgrifier","floor":36,"gold_loss":0,"cards_obtained":["Amplify"]}],"is_beta":false,"boss_relics":[{"not_picked":["Snecko Eye","Ectoplasm"],"picked":"Inserter"},{"not_picked":["Lizard Tail","Coffee Dripper"],"picked":"Pandora\u0027s Box"}],"items_purged_floors":[20],"is_endless":false,"potions_floor_spawned":[1,3,10,11,14,16,30,38],"killed_by":"Reptomancer","ascension_level":14}