{"gold_per_floor":[111,126,141,11,86,86,102,119,119,19,19,39,59,85,85,159,159,178,89,4,22,35,63,63,63,63,75,75,34,68,79,79,79],"floor_reached":33,"playtime":1699,"items_purged":["Strike_B","Strike_B"],"score":520,"play_id":"49f3699b-5a00-41b6-a354-82bd009cbdfe","local_time":"20190214231629","is_ascension_mode":true,"campfire_choices":[{"data":"Sunder","floor":6,"key":"SMITH"},{"data":"Madness","floor":11,"key":"SMITH"},{"floor":15,"key":"REST"},{"floor":24,"key":"REST"},{"data":"Defragment","floor":28,"key":"SMITH"},{"data":"Buffer","floor":32,"key":"SMITH"}],"neow_cost":"NONE","seed_source_timestamp":4933456118711,"circlet_count":0,"master_deck":["AscendersBane","Defend_B","Defend_B","Defend_B","Defend_B","Zap","Dualcast","Madness+1","Sunder+1","Streamline","Conserve Battery","Coolheaded","Coolheaded","Glacier","Gash","Tempest","Conserve Battery","Buffer+1","Defragment+1","Auto Shields+1","Turbo+1","Blizzard+1","Cold Snap+1","White Noise","FTL+1","Gash+1"],"relics":["Cracked Core","DataDisk","Blood Vial","Empty Cage","Molten Egg 2","Omamori","Meat on the Bone","Potion Belt"],"potions_floor_usage":[12,14,18,23,30],"damage_taken":[{"damage":5,"enemies":"Cultist","floor":1,"turns":5},{"damage":0,"enemies":"2 Louse","floor":2,"turns":3},{"damage":9,"enemies":"Jaw Worm","floor":3,"turns":4},{"damage":0,"enemies":"Exordium Wildlife","floor":7,"turns":2},{"damage":0,"enemies":"Blue Slaver","floor":8,"turns":6},{"damage":5,"enemies":"Lots of Slimes","floor":12,"turns":6},{"damage":11,"enemies":"Large Slime","floor":13,"turns":6},{"damage":9,"enemies":"Lagavulin","floor":14,"turns":7},{"damage":14,"enemies":"The Guardian","floor":16,"turns":16},{"damage":20,"enemies":"3 Byrds","floor":18,"turns":5},{"damage":6,"enemies":"Chosen","floor":21,"turns":8},{"damage":5,"enemies":"Snecko","floor":22,"turns":5},{"damage":7,"enemies":"Book of Stabbing","floor":23,"turns":7},{"damage":7,"enemies":"Sentry and Sphere","floor":27,"turns":13},{"damage":4,"enemies":"Gremlin Leader","floor":30,"turns":8},{"damage":0,"enemies":"Shelled Parasite and Fungi","floor":31,"turns":8},{"damage":52,"enemies":"Automaton","floor":33,"turns":14}],"seed_played":"7831000036995676493","potions_obtained":[{"floor":1,"key":"Block Potion"},{"floor":2,"key":"SpeedPotion"},{"floor":13,"key":"Swift Potion"},{"floor":16,"key":"PowerPotion"},{"floor":18,"key":"LiquidBronze"}],"is_trial":false,"path_per_floor":["M","M","M","$","?","R","M","M","T","$","R","M","M","E","R","B",null,"M","$","?","M","M","E","R","?","T","M","R","$","E","M","R","B"],"character_chosen":"DEFECT","items_purchased":["Coolheaded","Defragment","White Noise"],"campfire_rested":2,"item_purchase_floors":[4,19,29],"current_hp_per_floor":[59,59,50,50,39,39,39,39,39,39,39,34,23,14,35,23,59,41,41,41,37,34,29,50,50,50,45,45,45,43,45,45,0],"gold":79,"neow_bonus":"RANDOM_COLORLESS","is_prod":false,"is_daily":false,"chose_seed":false,"campfire_upgraded":4,"win_rate":0,"timestamp":1550153789,"path_taken":["M","?","M","$","?","R","M","M","T","$","R","M","M","E","R","BOSS","M","$","?","M","M","E","R","?","T","M","R","?","E","M","R","BOSS"],"build_version":"2019-01-23","purchased_purges":2,"victory":false,"max_hp_per_floor":[71,71,71,71,71,71,71,71,71,71,71,71,71,71,71,71,71,71,71,71,71,71,71,71,71,71,71,71,71,71,71,71,71],"card_choices":[{"not_picked":["Darkness","Self Repair"],"picked":"Sunder","floor":1},{"not_picked":["Ball Lightning","Leap"],"picked":"Streamline","floor":2},{"not_picked":["Barrage","Melter"],"picked":"Conserve Battery","floor":3},{"not_picked":["Ball Lightning","Steam"],"picked":"Coolheaded","floor":7},{"not_picked":["Recycle","Rainbow"],"picked":"Glacier","floor":8},{"not_picked":["Storm","Static Discharge"],"picked":"Gash","floor":12},{"not_picked":["Coolheaded","Sweeping Beam"],"picked":"Tempest","floor":13},{"not_picked":["Rip and Tear","Fusion"],"picked":"Conserve Battery","floor":14},{"not_picked":["Amplify","Reboot"],"picked":"Buffer","floor":16},{"not_picked":["Steam Power","Streamline","Beam Cell"],"picked":"SKIP","floor":18},{"not_picked":["Hologram","Skim"],"picked":"Auto Shields+1","floor":21},{"not_picked":["Loop","Auto Shields"],"picked":"Turbo+1","floor":22},{"not_picked":["Barrage+1","Steam"],"picked":"Blizzard+1","floor":23},{"not_picked":["Hologram","Streamline+1"],"picked":"Cold Snap+1","floor":27},{"not_picked":["Self Repair","Go for the Eyes+1"],"picked":"FTL+1","floor":30},{"not_picked":["Cold Snap+1","Coolheaded"],"picked":"Gash+1","floor":31}],"player_experience":624787,"relics_obtained":[{"floor":9,"key":"DataDisk"},{"floor":14,"key":"Blood Vial"},{"floor":23,"key":"Omamori"},{"floor":26,"key":"Meat on the Bone"},{"floor":30,"key":"Potion Belt"}],"event_choices":[{"damage_healed":0,"gold_gain":75,"player_choice":"Gather Gold","damage_taken":11,"max_hp_gain":0,"max_hp_loss":0,"event_name":"World of Goop","floor":5,"gold_loss":0},{"damage_healed":0,"gold_gain":0,"player_choice":"Obtained Relic","damage_taken":0,"relics_obtained":["Molten Egg 2"],"max_hp_gain":0,"max_hp_loss":0,"event_name":"Addict","floor":20,"gold_loss":85},{"damage_healed":0,"gold_gain":0,"player_choice":"Ignored","damage_taken":0,"max_hp_gain":0,"max_hp_loss":0,"event_name":"Beggar","floor":25,"gold_loss":0}],"is_beta":false,"boss_relics":[{"not_picked":["Snecko Eye","Fusion Hammer"],"picked":"Empty Cage"}],"items_purged_floors":[4,10],"is_endless":false,"potions_floor_spawned":[1,2,13,16,18,21],"killed_by":"Automaton","ascension_level":16}