{"gold_per_floor":[109,12,22,34,50,83,113,113,136,148,148,181,193,232,244,356,368,394,421,167,167,186,186],"floor_reached":23,"playtime":1593,"items_purged":["Strike_R"],"score":306,"play_id":"31443014-df7e-4056-8aed-c477d244966c","local_time":"20190602172532","is_ascension_mode":true,"campfire_choices":[{"floor":8,"key":"REST"},{"floor":11,"key":"REST"},{"data":"Armaments","floor":13,"key":"SMITH"},{"floor":15,"key":"REST"}],"neow_cost":"TEN_PERCENT_HP_LOSS","seed_source_timestamp":164246305172467,"circlet_count":0,"master_deck":["Strike_R+1","Strike_R+1","Defend_R","Defend_R","Defend_R","Defend_R","Bash","Offering","Iron Wave","Feel No Pain","Clothesline","Iron Wave","Armaments+1","Shrug It Off","Feel No Pain","Combust","Iron Wave","Fiend Fire","Wild Strike+1","Clothesline+1","Glacier"],"relics":["Burning Blood","Bag of Preparation","Whetstone","MawBank","Ornamental Fan","Empty Cage","PrismaticShard"],"potions_floor_usage":[14,16,16,16],"damage_taken":[{"damage":0,"enemies":"Small Slimes","floor":1,"turns":3},{"damage":7,"enemies":"Cultist","floor":3,"turns":4},{"damage":2,"enemies":"Jaw Worm","floor":4,"turns":4},{"damage":21,"enemies":"Exordium Thugs","floor":5,"turns":6},{"damage":36,"enemies":"Lagavulin","floor":6,"turns":9},{"damage":13,"enemies":"Exordium Wildlife","floor":10,"turns":6},{"damage":12,"enemies":"3 Sentries","floor":12,"turns":10},{"damage":17,"enemies":"Gremlin Nob","floor":14,"turns":5},{"damage":26,"enemies":"Slime Boss","floor":16,"turns":10},{"damage":12,"enemies":"2 Thieves","floor":18,"turns":5},{"damage":21,"enemies":"3 Byrds","floor":19,"turns":6},{"damage":33,"enemies":"3 Cultists","floor":22,"turns":5},{"damage":24,"enemies":"Gremlin Leader","floor":23,"turns":4}],"seed_played":"4448816627635479873","potions_obtained":[{"floor":1,"key":"Strength Potion"},{"floor":3,"key":"Strength Potion"},{"floor":12,"key":"Block Potion"},{"floor":14,"key":"Energy Potion"}],"is_trial":false,"path_per_floor":["M","$","M","M","M","E","?","R","T","M","R","E","R","E","R","B",null,"M","M","$","?","M","E"],"character_chosen":"IRONCLAD","items_purchased":["Feel No Pain","Clothesline","PrismaticShard"],"campfire_rested":3,"item_purchase_floors":[2,2,20],"current_hp_per_floor":[72,72,71,72,57,27,27,48,48,41,62,56,56,45,66,46,66,60,45,45,38,11,0],"gold":186,"neow_bonus":"THREE_RARE_CARDS","is_prod":false,"is_daily":false,"chose_seed":false,"campfire_upgraded":1,"win_rate":0,"timestamp":1559510732,"path_taken":["M","$","M","M","M","E","?","R","T","M","R","E","R","E","R","BOSS","M","M","$","?","?","E"],"build_version":"2019-01-23","purchased_purges":1,"victory":false,"max_hp_per_floor":[72,72,72,72,72,72,72,72,72,72,72,72,72,72,72,72,72,72,72,72,72,72,72],"card_choices":[{"not_picked":["Berserk","Dark Embrace"],"picked":"Offering","floor":0},{"not_picked":["Twin Strike","Wild Strike"],"picked":"Iron Wave","floor":1},{"not_picked":["Headbutt","Body Slam"],"picked":"Iron Wave","floor":3},{"not_picked":["Warcry","Clash"],"picked":"Armaments","floor":4},{"not_picked":["Corruption","Body Slam"],"picked":"Shrug It Off","floor":5},{"not_picked":["Clash","Sword Boomerang","Flex"],"picked":"SKIP","floor":6},{"not_picked":["Flex","Headbutt"],"picked":"Feel No Pain","floor":10},{"not_picked":["Exhume","Heavy Blade"],"picked":"Combust","floor":12},{"not_picked":["Sword Boomerang","Inflame"],"picked":"Iron Wave","floor":14},{"not_picked":["Limit Break","Feed"],"picked":"Fiend Fire","floor":16},{"not_picked":["Clothesline","Sword Boomerang"],"picked":"Wild Strike+1","floor":18},{"not_picked":["Twin Strike","Thunderclap"],"picked":"Clothesline+1","floor":19},{"not_picked":["Self Repair","Phantasmal Killer"],"picked":"Glacier","floor":22}],"player_experience":362985,"relics_obtained":[{"floor":6,"key":"Bag of Preparation"},{"floor":9,"key":"Whetstone"},{"floor":12,"key":"MawBank"},{"floor":14,"key":"Ornamental Fan"}],"event_choices":[{"damage_healed":0,"gold_gain":30,"player_choice":"Searched \u00271\u0027 times","damage_taken":0,"max_hp_gain":0,"max_hp_loss":0,"event_name":"Dead Adventurer","floor":7,"gold_loss":0},{"damage_healed":0,"gold_gain":0,"player_choice":"","damage_taken":7,"max_hp_gain":0,"max_hp_loss":0,"event_name":"Knowing Skull","floor":21,"potions_obtained":[],"gold_loss":0,"cards_obtained":[]}],"is_beta":false,"boss_relics":[{"not_picked":["Orrery","Runic Pyramid"],"picked":"Empty Cage"}],"items_purged_floors":[20],"is_endless":false,"potions_floor_spawned":[1,3,12,14],"killed_by":"Gremlin Leader","ascension_level":9}