{"gold_per_floor":[109,119,43,58,74,74,94,94,94,144,169,185,110,144,144,222,222,238,257,307,307],"floor_reached":21,"playtime":1299,"items_purged":["Strike_G"],"score":353,"play_id":"7584a1b5-693d-4fe9-a2c1-df06330a45bd","local_time":"20190516123440","is_ascension_mode":true,"campfire_choices":[{"data":"Neutralize","floor":6,"key":"SMITH"},{"data":"Crippling Poison","floor":8,"key":"SMITH"},{"data":"Deadly Poison","floor":15,"key":"SMITH"}],"neow_cost":"NONE","seed_source_timestamp":1711962380123482,"circlet_count":0,"master_deck":["AscendersBane","Defend_G","Defend_G","Defend_G","Defend_G","Defend_G","Strike_G","Strike_G","Strike_G","Strike_G","Survivor","Neutralize+1","Crippling Poison+1","Heel Hook","Well Laid Plans","Blur","Quick Slash","Sucker Punch","Endless Agony","Deadly Poison+1","Well Laid Plans","Night Terror","Predator"],"relics":["Ring of the Serpent","Bottled Tornado","Orichalcum","The Courier"],"potions_floor_usage":[5,14,18,21],"damage_taken":[{"damage":1,"enemies":"2 Louse","floor":1,"turns":4},{"damage":3,"enemies":"Cultist","floor":2,"turns":6},{"damage":0,"enemies":"Small Slimes","floor":4,"turns":4},{"damage":0,"enemies":"Exordium Wildlife","floor":5,"turns":9},{"damage":0,"enemies":"Red Slaver","floor":7,"turns":5},{"damage":27,"enemies":"Lagavulin","floor":11,"turns":9},{"damage":3,"enemies":"Looter","floor":12,"turns":3},{"damage":9,"enemies":"3 Sentries","floor":14,"turns":11},{"damage":2,"enemies":"Hexaghost","floor":16,"turns":11},{"damage":13,"enemies":"Shell Parasite","floor":18,"turns":7},{"damage":26,"enemies":"Spheric Guardian","floor":19,"turns":8},{"damage":24,"enemies":"Snake Plant","floor":21,"turns":4}],"seed_played":"-7937508558070090223","potions_obtained":[{"floor":1,"key":"Weak Potion"},{"floor":2,"key":"SpeedPotion"},{"floor":11,"key":"Regen Potion"},{"floor":16,"key":"Block Potion"}],"is_trial":false,"path_per_floor":["M","M","$","M","M","R","M","R","T","?","E","M","$","E","R","B",null,"M","M","?","M"],"character_chosen":"THE_SILENT","items_purchased":["Well Laid Plans"],"campfire_rested":0,"item_purchase_floors":[3],"current_hp_per_floor":[64,61,61,61,61,61,61,61,61,61,34,31,31,37,37,35,63,50,24,24,0],"gold":307,"neow_bonus":"TEN_PERCENT_HP_BONUS","is_prod":false,"is_daily":false,"chose_seed":false,"campfire_upgraded":3,"win_rate":0,"timestamp":1557977680,"path_taken":["M","M","$","M","M","R","M","R","T","?","E","M","?","E","R","BOSS","M","M","?","M"],"build_version":"2019-05-07","purchased_purges":1,"victory":false,"max_hp_per_floor":[72,72,72,72,72,72,72,72,72,72,72,72,72,72,72,72,72,72,72,72,72],"card_choices":[{"not_picked":["Bane","Blade Dance"],"picked":"Crippling Poison","floor":1},{"not_picked":["Poisoned Stab","Riddle With Holes"],"picked":"Heel Hook","floor":2},{"not_picked":["All Out Attack","PiercingWail"],"picked":"Blur","floor":4},{"not_picked":["Poisoned Stab","Slice"],"picked":"Quick Slash","floor":5},{"not_picked":["Outmaneuver","Dagger Throw"],"picked":"Sucker Punch","floor":7},{"not_picked":["Outmaneuver","Eviscerate"],"picked":"Endless Agony","floor":11},{"not_picked":["Poisoned Stab","Infinite Blades"],"picked":"Deadly Poison","floor":12},{"not_picked":["Cloak And Dagger","Bane"],"picked":"Well Laid Plans","floor":14},{"not_picked":["Burst","Phantasmal Killer"],"picked":"Night Terror","floor":16},{"not_picked":["Skewer","Prepared"],"picked":"Predator","floor":18},{"not_picked":["Predator","Setup","Poisoned Stab"],"picked":"SKIP","floor":19}],"player_experience":3266405,"relics_obtained":[{"floor":9,"key":"Bottled Tornado"},{"floor":11,"key":"Orichalcum"},{"floor":14,"key":"The Courier"}],"event_choices":[{"damage_healed":0,"gold_gain":50,"player_choice":"Pray","damage_taken":0,"max_hp_gain":0,"max_hp_loss":0,"event_name":"Golden Shrine","floor":10,"gold_loss":0},{"damage_healed":0,"gold_gain":50,"player_choice":"Stole From Cult","damage_taken":0,"max_hp_gain":0,"max_hp_loss":0,"event_name":"Nest","floor":20,"gold_loss":0}],"is_beta":true,"boss_relics":[{"not_picked":["Orrery","Lizard Tail"],"picked":"Ring of the Serpent"}],"items_purged_floors":[13],"is_endless":false,"potions_floor_spawned":[1,2,11,16],"killed_by":"Snake Plant","ascension_level":17}