{"gold_per_floor":[112,132,132,57,68,86,117,117,140,140,140,140,140,150,150,150],"floor_reached":16,"playtime":289,"items_purged":["Strike_B"],"score":200,"play_id":"e2c7c884-04e2-400a-b478-05bd74dade31","local_time":"20190410000740","is_ascension_mode":true,"campfire_choices":[{"data":"Fusion","floor":8,"key":"SMITH"},{"floor":10,"key":"REST"},{"floor":15,"key":"REST"}],"neow_cost":"NONE","seed_source_timestamp":625490726673200,"circlet_count":0,"master_deck":["AscendersBane","Strike_B","Strike_B","Strike_B","Defend_B","Defend_B+1","Defend_B","Defend_B","Zap+1","Dualcast","Gash+1","Ball Lightning","Compile Driver","Biased Cognition","Fusion+1","Skim"],"relics":["Cracked Core","Juzu Bracelet","Bronze Scales","Centennial Puzzle","Meat on the Bone"],"potions_floor_usage":[7,14,16],"damage_taken":[{"damage":1,"enemies":"Cultist","floor":1,"turns":3},{"damage":7,"enemies":"Jaw Worm","floor":2,"turns":3},{"damage":0,"enemies":"Small Slimes","floor":5,"turns":2},{"damage":13,"enemies":"3 Louse","floor":6,"turns":3},{"damage":40,"enemies":"3 Sentries","floor":7,"turns":6},{"damage":1,"enemies":"Blue Slaver","floor":14,"turns":3},{"damage":27,"enemies":"The Guardian","floor":16,"turns":9}],"seed_played":"1167397648636501904","potions_obtained":[{"floor":5,"key":"Swift Potion"},{"floor":6,"key":"Weak Potion"},{"floor":14,"key":"SteroidPotion"}],"is_trial":false,"path_per_floor":["M","M","?","$","M","M","E","R","T","R","?","?","T","M","R","B"],"character_chosen":"DEFECT","items_purchased":[],"campfire_rested":2,"item_purchase_floors":[],"current_hp_per_floor":[63,56,56,56,56,43,3,3,3,24,24,3,3,14,35,8],"gold":150,"neow_bonus":"RANDOM_COMMON_RELIC","is_prod":false,"is_daily":false,"chose_seed":false,"campfire_upgraded":1,"win_rate":0,"timestamp":1554822460,"path_taken":["M","M","?","?","M","M","E","R","T","R","?","?","?","M","R","BOSS"],"build_version":"2019-01-23","purchased_purges":1,"victory":false,"max_hp_per_floor":[71,71,71,71,71,71,71,71,71,71,71,71,71,71,71,71],"card_choices":[{"not_picked":["Stack","Undo"],"picked":"Gash","floor":1},{"not_picked":["Redo","Turbo"],"picked":"Ball Lightning","floor":2},{"not_picked":["Conserve Battery","Barrage"],"picked":"Compile Driver","floor":5},{"not_picked":["Glacier","Conserve Battery"],"picked":"Biased Cognition","floor":6},{"not_picked":["Glacier","Chill"],"picked":"Fusion","floor":7},{"not_picked":["FTL","Conserve Battery"],"picked":"Skim","floor":14}],"player_experience":4739882,"relics_obtained":[{"floor":7,"key":"Bronze Scales"},{"floor":9,"key":"Centennial Puzzle"},{"floor":13,"key":"Meat on the Bone"}],"event_choices":[{"damage_healed":0,"gold_gain":0,"player_choice":"Forge","damage_taken":0,"max_hp_gain":0,"max_hp_loss":0,"event_name":"Accursed Blacksmith","floor":3,"gold_loss":0,"cards_upgraded":["Gash"]},{"damage_healed":0,"gold_gain":0,"player_choice":"Ignored","damage_taken":0,"max_hp_gain":0,"max_hp_loss":0,"event_name":"Liars Game","floor":11,"gold_loss":0},{"damage_healed":0,"gold_gain":0,"player_choice":"Entered Light","damage_taken":21,"max_hp_gain":0,"max_hp_loss":0,"event_name":"Shining Light","floor":12,"gold_loss":0,"cards_upgraded":["Zap","Defend_B"]}],"is_beta":false,"boss_relics":[],"items_purged_floors":[4],"is_endless":false,"potions_floor_spawned":[5,6,14],"killed_by":"The Guardian","ascension_level":20}