{"gold_per_floor":[110,129,129,147,72,72,72,101,126,146,146,159,159,186,186,260,260,277,277,277,6,20,20,30,30,30,61,79,106,106,119,119,194,194,208,208,308,308,95,126,126,153,153,164,164,192,142,159,159,159],"floor_reached":51,"playtime":3512,"items_purged":["Strike_R","Defend_R","Defend_R"],"score":1449,"play_id":"81df8a45-513f-4690-b4cd-a742eee1ffba","local_time":"20190329170737","is_ascension_mode":true,"campfire_choices":[{"data":"Armaments","floor":6.0,"key":"SMITH"},{"data":"Battle Trance","floor":11.0,"key":"SMITH"},{"floor":13.0,"key":"REST"},{"data":"Shockwave","floor":15.0,"key":"SMITH"},{"floor":23.0,"key":"REST"},{"data":"Impervious","floor":25.0,"key":"SMITH"},{"floor":32.0,"key":"REST"},{"data":"Barricade","floor":41,"key":"SMITH"},{"data":"Dark Embrace","floor":49,"key":"SMITH"}],"neow_cost":"PERCENT_DAMAGE","seed_source_timestamp":2561421953682068,"circlet_count":0,"master_deck":["AscendersBane","Defend_R","Bash","Whirlwind","Armaments+1","Spot Weakness","Immolate","Battle Trance+1","Seeing Red","Uppercut","Shockwave+1","Impervious+1","Twin Strike","RitualDagger","Shrug It Off","Barricade+1","Evolve","Bite","Bite","Bite","Bite","Bite","Exhume","Shrug It Off","Body Slam+1","Dark Embrace+1","Feel No Pain+1","Madness","Madness","Power Through+1"],"special_seed":0,"relics":["Black Blood","Smiling Mask","Happy Flower","White Beast Statue","Enchiridion","Strange Spoon","Pantograph","The Courier","Centennial Puzzle","Thread and Needle","Bottled Tornado","Pear","StoneCalendar","PreservedInsect","Boot"],"potions_floor_usage":[40,42,50],"damage_taken":[{"damage":7.0,"enemies":"2 Louse","floor":1.0,"turns":2.0},{"damage":0.0,"enemies":"Small Slimes","floor":2.0,"turns":2.0},{"damage":6.0,"enemies":"Cultist","floor":4.0,"turns":4.0},{"damage":20.0,"enemies":"Lagavulin","floor":8.0,"turns":5.0},{"damage":0.0,"enemies":"Exordium Wildlife","floor":10.0,"turns":1.0},{"damage":9.0,"enemies":"Exordium Thugs","floor":12.0,"turns":2.0},{"damage":0.0,"enemies":"3 Sentries","floor":14.0,"turns":2.0},{"damage":35.0,"enemies":"Hexaghost","floor":16.0,"turns":10.0},{"damage":21.0,"enemies":"Spheric Guardian","floor":18.0,"turns":6.0},{"damage":0.0,"enemies":"3 Byrds","floor":22.0,"turns":3.0},{"damage":5.0,"enemies":"Snecko","floor":24.0,"turns":5.0},{"damage":4.0,"enemies":"Gremlin Leader","floor":27.0,"turns":4.0},{"damage":2.0,"enemies":"Centurion and Healer","floor":28.0,"turns":6.0},{"damage":47.0,"enemies":"Book of Stabbing","floor":29.0,"turns":9.0},{"damage":12.0,"enemies":"Cultist and Chosen","floor":31.0,"turns":5.0},{"damage":36.0,"enemies":"Champ","floor":33.0,"turns":21.0},{"damage":20.0,"enemies":"Orb Walker","floor":35.0,"turns":4.0},{"damage":20.0,"enemies":"Mind Bloom Boss Battle","floor":37.0,"turns":8.0},{"damage":4,"enemies":"Nemesis","floor":40,"turns":11},{"damage":57,"enemies":"Reptomancer","floor":42,"turns":9},{"damage":0,"enemies":"3 Shapes","floor":44,"turns":7},{"damage":32,"enemies":"Nemesis","floor":46,"turns":11},{"damage":9,"enemies":"Spire Growth","floor":48,"turns":6},{"damage":35,"enemies":"Time Eater","floor":50,"turns":18}],"seed_played":"-2745128414930586379","potions_obtained":[{"floor":4.0,"key":"Strength Potion"},{"floor":8.0,"key":"Explosive Potion"},{"floor":10.0,"key":"Energy Potion"},{"floor":16.0,"key":"SteroidPotion"},{"floor":22.0,"key":"Dexterity Potion"},{"floor":27.0,"key":"Poison Potion"},{"floor":28.0,"key":"SteroidPotion"},{"floor":29.0,"key":"Weak Potion"},{"floor":31.0,"key":"Strength Potion"},{"floor":33.0,"key":"GamblersBrew"},{"floor":35.0,"key":"PowerPotion"},{"floor":40,"key":"Dexterity Potion"},{"floor":42,"key":"Explosive Potion"},{"floor":44,"key":"Dexterity Potion"}],"is_trial":false,"path_per_floor":["M","M","?","M","$","R","?","E","T","M","R","M","R","E","R","B",null,"M","?","?","$","M","R","M","R","T","E","M","E","?","M","R","B",null,"M","$","?","?","$","E","R","E","T","M","?","E","$","M","R","B",null],"character_chosen":"IRONCLAD","items_purchased":["Strange Spoon","Bottled Tornado"],"campfire_rested":3,"item_purchase_floors":[21,39],"current_hp_per_floor":[49,55,32,32,32,32,32,18,18,24,24,21,43,49,49,20,61,46,40,19,19,25,47,48,48,48,50,54,13,13,17,32,52,52,46,46,50,50,50,62,62,42,42,61,50,45,45,54,54,62],"gold":159,"neow_bonus":"REMOVE_TWO","is_prod":false,"is_daily":false,"chose_seed":false,"campfire_upgraded":6,"win_rate":0,"timestamp":1553846857,"path_taken":["M","M","?","M","$","R","?","E","T","M","R","M","R","E","R","BOSS","M","?","?","$","M","R","M","R","T","E","?","E","?","M","R","BOSS","M","$","?","?","?","E","R","E","T","M","?","E","$","M","R","BOSS"],"build_version":"2019-03-15","purchased_purges":3,"victory":true,"max_hp_per_floor":[75,75,75,75,75,75,75,75,75,75,75,75,75,75,75,75,75,75,75,75,75,75,75,75,75,75,75,75,75,52,52,52,52,52,52,52,52,52,52,62,62,62,62,62,62,62,62,62,62,62],"card_choices":[{"not_picked":["Sword Boomerang","Havoc"],"picked":"Whirlwind","floor":1.0},{"not_picked":["Dual Wield","Heavy Blade"],"picked":"Armaments","floor":2.0},{"not_picked":["Power Through","Dual Wield"],"picked":"Spot Weakness","floor":4.0},{"not_picked":["Havoc","Cleave"],"picked":"Battle Trance","floor":8.0},{"not_picked":["Anger","Havoc"],"picked":"Seeing Red","floor":10.0},{"not_picked":["Sentinel","Reckless Charge"],"picked":"Uppercut","floor":12.0},{"not_picked":["Fire Breathing","Seeing Red"],"picked":"Shockwave","floor":14.0},{"not_picked":["Bludgeon","Berserk"],"picked":"Impervious","floor":16.0},{"not_picked":["Thunderclap+1","Perfected Strike"],"picked":"Twin Strike","floor":18.0},{"not_picked":["Cleave","Rampage"],"picked":"Shrug It Off","floor":22.0},{"not_picked":["Armaments","Shrug It Off"],"picked":"Barricade","floor":24.0},{"not_picked":["Pummel","Armaments","Rupture+1"],"picked":"SKIP","floor":27.0},{"not_picked":["Clothesline","Blood for Blood+1","Power Through"],"picked":"SKIP","floor":28.0},{"not_picked":["Twin Strike","Metallicize"],"picked":"Evolve","floor":29.0},{"not_picked":["Flex","Cleave","Armaments"],"picked":"SKIP","floor":31.0},{"not_picked":["Immolate","Dark Embrace"],"picked":"Exhume","floor":33.0},{"not_picked":["Havoc+1","Clash+1"],"picked":"Shrug It Off","floor":35.0},{"not_picked":["Iron Wave+1","Infernal Blade"],"picked":"Body Slam+1","floor":40},{"not_picked":["Headbutt","Double Tap"],"picked":"Dark Embrace","floor":42},{"not_picked":["Second Wind+1","Rage"],"picked":"Feel No Pain+1","floor":44},{"not_picked":["Rupture+1","Pummel+1"],"picked":"Power Through+1","floor":46},{"not_picked":["Whirlwind","Wild Strike","Inflame"],"picked":"SKIP","floor":48}],"player_experience":2758572,"relics_obtained":[{"floor":8.0,"key":"Smiling Mask"},{"floor":14.0,"key":"Happy Flower"},{"floor":20.0,"key":"Enchiridion"},{"floor":26.0,"key":"Pantograph"},{"floor":27.0,"key":"The Courier"},{"floor":29.0,"key":"Centennial Puzzle"},{"floor":37.0,"key":"Thread and Needle"},{"floor":40,"key":"Pear"},{"floor":42,"key":"StoneCalendar"},{"floor":43,"key":"PreservedInsect"},{"floor":46,"key":"Boot"}],"event_choices":[{"damage_healed":0.0,"max_hp_gain":0.0,"max_hp_loss":0.0,"gold_gain":0.0,"event_name":"Shining Light","player_choice":"Entered Light","floor":3.0,"gold_loss":0.0,"damage_taken":23.0,"cards_upgraded":["Strike_R","Strike_R"]},{"damage_healed":0.0,"max_hp_gain":0.0,"max_hp_loss":0.0,"gold_gain":0.0,"cards_transformed":["Defend_R"],"event_name":"Transmorgrifier","player_choice":"Transformed","floor":7.0,"gold_loss":0.0,"damage_taken":0.0,"cards_obtained":["Immolate"]},{"damage_healed":0.0,"max_hp_gain":0.0,"max_hp_loss":0.0,"gold_gain":0.0,"event_name":"Nest","player_choice":"Joined the Cult","floor":19.0,"gold_loss":0.0,"damage_taken":6.0,"cards_obtained":["RitualDagger"]},{"damage_healed":0.0,"max_hp_gain":0.0,"max_hp_loss":0.0,"gold_gain":0.0,"event_name":"Cursed Tome","player_choice":"Obtained Book","floor":20.0,"gold_loss":0.0,"damage_taken":21.0},{"damage_healed":0.0,"max_hp_gain":0.0,"max_hp_loss":23.0,"gold_gain":0.0,"event_name":"Vampires","player_choice":"Became a vampire","floor":30.0,"gold_loss":0.0,"damage_taken":0.0,"cards_obtained":["Bite","Bite","Bite","Bite","Bite"]},{"damage_healed":0.0,"max_hp_gain":0.0,"max_hp_loss":0.0,"gold_gain":0.0,"event_name":"MindBloom","player_choice":"Fight","floor":37.0,"gold_loss":0.0,"damage_taken":0.0},{"damage_healed":0,"gold_gain":0,"player_choice":"Ignored","damage_taken":0,"max_hp_gain":0,"max_hp_loss":0,"event_name":"Mysterious Sphere","floor":38,"gold_loss":0},{"damage_healed":0,"gold_gain":0,"player_choice":"Embrace Madness","damage_taken":11,"max_hp_gain":0,"max_hp_loss":0,"event_name":"Winding Halls","floor":45,"gold_loss":0,"cards_obtained":["Madness","Madness"]}],"is_beta":true,"boss_relics":[{"not_picked":["Runic Dome","Eternal Feather"],"picked":"White Beast Statue"},{"not_picked":["Pandora\u0027s Box","Tiny House"],"picked":"Black Blood"}],"items_purged_floors":[5,21,47],"is_endless":false,"potions_floor_spawned":[4,8,10,16,18,22,24,27,28,29,31,33,35,37,40,42,44,46,48],"ascension_level":17}