{"gold_per_floor":[114,128,142,36,52,81,81,107,132,162,162,162,172,183,183,283,283,301,315,328,348,249,249,108,108,132,165,165,177,203,223,223,322,322,333,333,346,169,187,187],"floor_reached":40,"playtime":2900,"items_purged":["Strike_B","Strike_B","Strike_B"],"score":698,"play_id":"1226fa72-eede-410c-8096-ba798157c0c2","local_time":"20190513205853","is_ascension_mode":true,"campfire_choices":[{"floor":7.0,"key":"REST"},{"data":"Sunder","floor":11.0,"key":"SMITH"},{"data":"Zap","floor":15.0,"key":"SMITH"},{"data":"Stack","floor":23.0,"key":"SMITH"},{"floor":25,"key":"REST"},{"floor":32,"key":"REST"}],"neow_cost":"NONE","seed_source_timestamp":0,"circlet_count":0,"master_deck":["AscendersBane","Strike_B","Defend_B","Defend_B","Defend_B","Defend_B","Zap+1","Dualcast","Gash","Static Discharge+1","Coolheaded","Glacier","Genetic Algorithm","Reinforced Body","Ball Lightning","Sunder+1","Ball Lightning","Machine Learning","Leap","Ball Lightning","Defragment+1","Conserve Battery","Stack+1","Self Repair","Turbo+1","Chill","Go for the Eyes","Electrodynamics","BootSequence","Static Discharge+1","Leap","Leap"],"special_seed":0,"relics":["FrozenCore","Blood Vial","Regal Pillow","Orichalcum","Bronze Scales","Velvet Choker","Strawberry","Kunai","Dodecahedron"],"potions_floor_usage":[30,33,33,33],"damage_taken":[{"damage":0.0,"enemies":"Small Slimes","floor":1.0,"turns":3.0},{"damage":1.0,"enemies":"Cultist","floor":2.0,"turns":3.0},{"damage":4.0,"enemies":"2 Louse","floor":3.0,"turns":3.0},{"damage":14.0,"enemies":"2 Fungi Beasts","floor":5.0,"turns":4.0},{"damage":21.0,"enemies":"Lagavulin","floor":6.0,"turns":9.0},{"damage":17.0,"enemies":"3 Sentries","floor":8.0,"turns":9.0},{"damage":12.0,"enemies":"Gremlin Nob","floor":10.0,"turns":5.0},{"damage":0.0,"enemies":"3 Louse","floor":13.0,"turns":3.0},{"damage":0.0,"enemies":"Blue Slaver","floor":14.0,"turns":3.0},{"damage":14.0,"enemies":"Hexaghost","floor":16.0,"turns":9.0},{"damage":10.0,"enemies":"Shell Parasite","floor":18.0,"turns":4.0},{"damage":5.0,"enemies":"3 Byrds","floor":19.0,"turns":2.0},{"damage":8.0,"enemies":"Centurion and Healer","floor":20.0,"turns":9.0},{"damage":13.0,"enemies":"3 Cultists","floor":21.0,"turns":4.0},{"damage":37,"enemies":"Gremlin Leader","floor":27,"turns":6},{"damage":5,"enemies":"Snecko","floor":29,"turns":5},{"damage":20,"enemies":"Slavers","floor":30,"turns":6},{"damage":7,"enemies":"Centurion and Healer","floor":31,"turns":8},{"damage":58,"enemies":"Champ","floor":33,"turns":13},{"damage":39,"enemies":"3 Darklings","floor":35,"turns":5},{"damage":0,"enemies":"Orb Walker","floor":37,"turns":5},{"damage":19,"enemies":"Sphere and 2 Shapes","floor":39,"turns":6},{"damage":43,"enemies":"Giant Head","floor":40,"turns":9}],"seed_played":"-2218554843555329058","potions_obtained":[{"floor":0.0,"key":"SkillPotion"},{"floor":0.0,"key":"EssenceOfSteel"},{"floor":8.0,"key":"FearPotion"},{"floor":16.0,"key":"Fire Potion"},{"floor":18.0,"key":"GamblersBrew"},{"floor":31,"key":"EntropicBrew"},{"floor":39,"key":"SteroidPotion"}],"is_trial":false,"path_per_floor":["M","M","M","$","M","E","R","E","T","E","R","?","M","M","R","B",null,"M","M","M","M","$","R","$","R","T","E","?","M","E","M","R","B",null,"M","?","M","$","M","E"],"character_chosen":"DEFECT","items_purchased":["Glacier","Genetic Algorithm","Stack","Self Repair","Leap"],"campfire_rested":3,"item_purchase_floors":[4,4,22,24,38],"current_hp_per_floor":[68,67,63,63,49,28,50,35,35,25,25,25,27,29,29,17,61,53,50,44,33,33,33,33,70,77,49,33,30,19,21,62,13,69,39,39,48,48,38,0],"gold":187,"neow_bonus":"THREE_SMALL_POTIONS","is_prod":false,"is_daily":false,"chose_seed":false,"campfire_upgraded":3,"win_rate":0,"timestamp":1557773933,"path_taken":["M","M","M","$","M","E","R","E","T","E","R","?","M","M","R","BOSS","M","M","M","?","$","R","?","R","T","E","?","M","E","M","R","BOSS","M","?","M","$","M","E"],"build_version":"2019-01-23","purchased_purges":3,"victory":false,"max_hp_per_floor":[75,75,75,75,75,75,75,75,75,75,75,75,75,75,75,75,75,75,75,75,75,75,75,75,75,82,82,87,87,87,87,87,87,87,87,87,87,87,87,87],"card_choices":[{"not_picked":["Compile Driver","Hologram"],"picked":"Gash","floor":1.0},{"not_picked":["BootSequence","Genetic Algorithm"],"picked":"Static Discharge","floor":2.0},{"not_picked":["Hello World","White Noise"],"picked":"Coolheaded","floor":3.0},{"not_picked":["Sunder","Hologram"],"picked":"Reinforced Body","floor":5.0},{"not_picked":["Glacier","Conserve Battery"],"picked":"Ball Lightning","floor":6.0},{"not_picked":["Fusion","Beam Cell"],"picked":"Sunder","floor":8.0},{"not_picked":["Rebound","Double Energy","Conserve Battery"],"picked":"SKIP","floor":10.0},{"not_picked":["Doom and Gloom","Auto Shields"],"picked":"Ball Lightning","floor":13.0},{"not_picked":["Consume","White Noise","Lockon"],"picked":"SKIP","floor":14.0},{"not_picked":["Creative AI","Thunder Strike"],"picked":"Machine Learning","floor":16.0},{"not_picked":["White Noise","Beam Cell"],"picked":"Leap","floor":18.0},{"not_picked":["Coolheaded","Rebound"],"picked":"Ball Lightning","floor":19.0},{"not_picked":["Compile Driver","Beam Cell"],"picked":"Defragment+1","floor":20.0},{"not_picked":["Coolheaded","Hologram"],"picked":"Conserve Battery","floor":21.0},{"not_picked":["White Noise","Blizzard"],"picked":"Turbo+1","floor":27},{"not_picked":["Undo","Redo"],"picked":"Chill","floor":29},{"not_picked":["Lockon","Turbo"],"picked":"Go for the Eyes","floor":30},{"not_picked":["Thunder Strike","Streamline","Sunder"],"picked":"SKIP","floor":31},{"not_picked":["Amplify","Thunder Strike"],"picked":"Electrodynamics","floor":33},{"not_picked":["Leap+1","Redo+1"],"picked":"BootSequence","floor":35},{"not_picked":["Compile Driver","Lockon"],"picked":"Static Discharge+1","floor":37},{"not_picked":["Cold Snap","Barrage"],"picked":"Leap","floor":39}],"player_experience":578254,"relics_obtained":[{"floor":6.0,"key":"Blood Vial"},{"floor":8.0,"key":"Regal Pillow"},{"floor":9.0,"key":"Orichalcum"},{"floor":10.0,"key":"Bronze Scales"},{"floor":26,"key":"Strawberry"},{"floor":27,"key":"Kunai"},{"floor":30,"key":"Dodecahedron"}],"event_choices":[{"damage_healed":0.0,"max_hp_gain":0.0,"max_hp_loss":0.0,"gold_gain":0.0,"event_name":"Accursed Blacksmith","player_choice":"Forge","floor":12.0,"gold_loss":0.0,"damage_taken":0.0,"cards_upgraded":["Static Discharge"]},{"damage_healed":0,"gold_gain":0,"player_choice":"Shed Blood","damage_taken":21,"max_hp_gain":5,"max_hp_loss":0,"event_name":"Forgotten Altar","floor":28,"gold_loss":0},{"damage_healed":0,"gold_gain":0,"player_choice":"Ignored","damage_taken":0,"max_hp_gain":0,"max_hp_loss":0,"event_name":"Mysterious Sphere","floor":36,"gold_loss":0}],"is_beta":false,"boss_relics":[{"not_picked":["Black Star","Astrolabe"],"picked":"Velvet Choker"},{"not_picked":["Coffee Dripper","Snecko Eye"],"picked":"FrozenCore"}],"items_purged_floors":[22,24,38],"is_endless":false,"potions_floor_spawned":[3,5,8,16,18,19,27,31,39],"killed_by":"Giant Head","ascension_level":11}