{"gold_per_floor":[110,130,150,75,0,0,10,10,78,107,78,78,90,101,101,178,178,192,202,202,202,217,217,229,229,276,276,8,8,23,36,36,113,113,127,138,138,38,50,50,78,78,78,78,103,117,128,128],"floor_reached":48,"playtime":3256,"items_purged":["Strike_G","Defend_G"],"score":1006,"play_id":"ea6d7513-59af-4394-844c-d27cdaa56415","local_time":"20190513212747","is_ascension_mode":true,"campfire_choices":[{"data":"Blade Dance","floor":6.0,"key":"SMITH"},{"data":"After Image","floor":8.0,"key":"SMITH"},{"floor":12.0,"key":"REST"},{"data":"Neutralize","floor":15.0,"key":"SMITH"},{"floor":23.0,"key":"REST"},{"data":"Cloak And Dagger","floor":25.0,"key":"SMITH"},{"data":"Cloak And Dagger","floor":27.0,"key":"SMITH"},{"floor":32.0,"key":"REST"},{"floor":40.0,"key":"REST"},{"floor":42.0,"key":"REST"},{"floor":44.0,"key":"REST"}],"neow_cost":"PERCENT_DAMAGE","seed_source_timestamp":1482540385527342,"circlet_count":0,"master_deck":["AscendersBane","Defend_G","Defend_G","Defend_G","Defend_G","Survivor","Neutralize+1","After Image+1","Blade Dance+1","Flying Knee","Blur","PiercingWail","Cloak And Dagger+1","Blur","Infinite Blades","Envenom","Cloak And Dagger+1","Cloak And Dagger+1","Caltrops","Tools of the Trade","Flechettes","A Thousand Cuts","Dagger Spray+1","Reflex+1","Phantasmal Killer+1","Infinite Blades","PiercingWail"],"special_seed":0,"relics":["Ring of the Serpent","Shuriken","Vajra","Ornamental Fan","Astrolabe","Bronze Scales","Blue Candle","FossilizedHelix"],"potions_floor_usage":[45,45,46],"damage_taken":[{"damage":0.0,"enemies":"2 Louse","floor":1.0,"turns":4.0},{"damage":0.0,"enemies":"Jaw Worm","floor":2.0,"turns":7.0},{"damage":1.0,"enemies":"Cultist","floor":3.0,"turns":4.0},{"damage":10.0,"enemies":"Gremlin Gang","floor":7.0,"turns":6.0},{"damage":24.0,"enemies":"3 Sentries","floor":10.0,"turns":12.0},{"damage":0.0,"enemies":"Large Slime","floor":13.0,"turns":5.0},{"damage":0.0,"enemies":"Looter","floor":14.0,"turns":4.0},{"damage":0.0,"enemies":"Hexaghost","floor":16.0,"turns":10.0},{"damage":3.0,"enemies":"3 Byrds","floor":18.0,"turns":6.0},{"damage":3.0,"enemies":"Shell Parasite","floor":19.0,"turns":6.0},{"damage":6.0,"enemies":"Snecko","floor":22.0,"turns":6.0},{"damage":10.0,"enemies":"Centurion and Healer","floor":24.0,"turns":7.0},{"damage":8.0,"enemies":"3 Cultists","floor":30.0,"turns":6.0},{"damage":20.0,"enemies":"Chosen and Byrds","floor":31.0,"turns":7.0},{"damage":20.0,"enemies":"Collector","floor":33.0,"turns":12.0},{"damage":0.0,"enemies":"3 Shapes","floor":35.0,"turns":4.0},{"damage":17.0,"enemies":"Orb Walker","floor":36.0,"turns":5.0},{"damage":8.0,"enemies":"4 Shapes","floor":39.0,"turns":14.0},{"damage":44.0,"enemies":"Reptomancer","floor":41.0,"turns":7.0},{"damage":24,"enemies":"Giant Head","floor":45,"turns":8},{"damage":0,"enemies":"Transient","floor":46,"turns":6},{"damage":20,"enemies":"3 Darklings","floor":47,"turns":6},{"damage":15,"enemies":"4 Shapes","floor":48,"turns":3}],"seed_played":"73914270995363306","potions_obtained":[{"floor":2.0,"key":"GamblersBrew"},{"floor":14.0,"key":"Dexterity Potion"},{"floor":16.0,"key":"SteroidPotion"},{"floor":30.0,"key":"SteroidPotion"},{"floor":33.0,"key":"FearPotion"},{"floor":35.0,"key":"Dexterity Potion"},{"floor":45,"key":"GamblersBrew"},{"floor":47,"key":"Strength Potion"}],"is_trial":false,"path_per_floor":["M","M","M","?","$","R","M","R","T","E","$","R","M","M","R","B",null,"M","M","?","?","M","R","M","R","T","R","$","?","M","M","R","B",null,"M","M","$","$","M","R","E","R","T","R","E","M","M","M"],"character_chosen":"THE_SILENT","items_purchased":["Cloak And Dagger","Ornamental Fan"],"campfire_rested":6,"item_purchase_floors":[11,28],"current_hp_per_floor":[44,44,43,43,43,43,33,33,33,9,9,28,28,28,28,28,57,54,51,33,33,27,48,38,38,38,38,38,38,30,10,31,11,56,56,39,39,39,31,52,8,29,29,50,26,26,6,0],"gold":128,"neow_bonus":"THREE_RARE_CARDS","is_prod":false,"is_daily":false,"chose_seed":false,"campfire_upgraded":5,"win_rate":0,"timestamp":1557750467,"path_taken":["M","M","M","?","$","R","M","R","T","E","$","R","M","M","R","BOSS","M","M","?","?","M","R","M","R","T","R","$","?","M","M","R","BOSS","M","M","?","$","?","R","E","R","T","R","E","M","M","M"],"build_version":"2019-05-07","purchased_purges":2,"victory":false,"max_hp_per_floor":[66,66,66,66,66,66,66,66,66,66,66,66,66,66,66,66,66,66,66,71,71,71,71,71,71,71,71,71,71,71,71,71,71,71,71,71,71,71,71,71,71,71,71,71,71,71,71,71],"card_choices":[{"not_picked":["Burst","Storm of Steel"],"picked":"After Image","floor":0.0},{"not_picked":["Sucker Punch","Acrobatics"],"picked":"Blade Dance","floor":1.0},{"not_picked":["Quick Slash","Sucker Punch"],"picked":"Flying Knee","floor":2.0},{"not_picked":["Deflect","Catalyst","Poisoned Stab"],"picked":"SKIP","floor":3.0},{"not_picked":["PiercingWail","Sucker Punch"],"picked":"Blur","floor":7.0},{"not_picked":["Underhanded Strike","Bane"],"picked":"PiercingWail","floor":10.0},{"not_picked":["Dagger Throw","Grand Finale"],"picked":"Blur","floor":13.0},{"not_picked":["Masterful Stab","Flying Knee"],"picked":"Infinite Blades","floor":14.0},{"not_picked":["Bullet Time","Venomology"],"picked":"Envenom","floor":16.0},{"not_picked":["Dagger Spray","Acrobatics"],"picked":"Cloak And Dagger+1","floor":18.0},{"not_picked":["Concentrate","Unload","Outmaneuver"],"picked":"SKIP","floor":19.0},{"not_picked":["Poisoned Stab","Flechettes"],"picked":"Caltrops","floor":22.0},{"not_picked":["Deflect+1","Slice","Tactician+1"],"picked":"SKIP","floor":24.0},{"not_picked":["Flying Knee","Blade Dance","Deflect"],"picked":"SKIP","floor":30.0},{"not_picked":["Poisoned Stab","Dagger Spray"],"picked":"Flechettes","floor":31.0},{"not_picked":["Bullet Time","Unload"],"picked":"A Thousand Cuts","floor":33.0},{"not_picked":["Acrobatics","Predator","All Out Attack+1"],"picked":"SKIP","floor":35.0},{"not_picked":["Distraction","Crippling Poison","Sucker Punch+1"],"picked":"SKIP","floor":36.0},{"not_picked":["Caltrops","Deadly Poison","Masterful Stab"],"picked":"SKIP","floor":39.0},{"not_picked":["Acrobatics","Bouncing Flask","Sucker Punch"],"picked":"SKIP","floor":41.0},{"not_picked":["Skewer","Deadly Poison"],"picked":"Infinite Blades","floor":45},{"not_picked":["Bane","Flying Knee"],"picked":"PiercingWail","floor":46},{"not_picked":["Deflect","Caltrops","Blur"],"picked":"SKIP","floor":47}],"player_experience":3229680,"relics_obtained":[{"floor":9.0,"key":"Shuriken"},{"floor":10.0,"key":"Vajra"},{"floor":41.0,"key":"Bronze Scales"},{"floor":43.0,"key":"Blue Candle"},{"floor":45,"key":"FossilizedHelix"}],"event_choices":[{"cards_removed":["Strike_G"],"damage_healed":0.0,"max_hp_gain":0.0,"max_hp_loss":0.0,"gold_gain":0.0,"event_name":"The Cleric","player_choice":"Card Removal","floor":4.0,"gold_loss":75.0,"damage_taken":0.0},{"damage_healed":0.0,"max_hp_gain":5.0,"max_hp_loss":0.0,"gold_gain":0.0,"event_name":"Forgotten Altar","player_choice":"Shed Blood","floor":20.0,"gold_loss":0.0,"damage_taken":23.0},{"damage_healed":0.0,"max_hp_gain":0.0,"max_hp_loss":0.0,"gold_gain":0.0,"event_name":"The Library","player_choice":"Read","floor":21.0,"gold_loss":0.0,"damage_taken":0.0,"cards_obtained":["Cloak And Dagger"]},{"damage_healed":0.0,"max_hp_gain":0.0,"max_hp_loss":0.0,"gold_gain":0.0,"event_name":"Match and Keep!","player_choice":"1 cards matched","floor":29.0,"gold_loss":0.0,"damage_taken":0.0,"cards_obtained":["Tools of the Trade"]}],"is_beta":true,"boss_relics":[{"not_picked":["Eternal Feather","Coffee Dripper"],"picked":"Ring of the Serpent"},{"not_picked":["Black Star","Philosopher\u0027s Stone"],"picked":"Astrolabe"}],"items_purged_floors":[5,38],"is_endless":false,"potions_floor_spawned":[2,14,16,30,33,35,36,45,47],"killed_by":"4 Shapes","ascension_level":17}