{"gold_per_floor":[12,12,32,52,17,51,51,77,100,133,5,5,5,18,18,94,94,114,114,4,18,38,38,72,72,98,110,137,160,172,201,213,225],"floor_reached":33,"playtime":973,"items_purged":["Strike_B"],"score":570,"play_id":"37239ee9-fc6c-4fc6-b8cb-87fd3389cbc7","local_time":"20190405020648","is_ascension_mode":true,"campfire_choices":[{"floor":7.0,"key":"REST"},{"floor":13.0,"key":"REST"},{"data":"Defragment","floor":15.0,"key":"SMITH"},{"floor":23.0,"key":"REST"},{"data":"Hologram","floor":25.0,"key":"SMITH"},{"floor":27.0,"key":"REST"},{"data":"Darkness","floor":30.0,"key":"SMITH"},{"floor":32.0,"key":"REST"}],"neow_cost":"NO_GOLD","seed_source_timestamp":199659810100800,"circlet_count":0,"master_deck":["AscendersBane","Strike_B","Defend_B","Defend_B","Zap","Dualcast","Compile Driver","Doom and Gloom","Melter","Hologram","Steam","Conserve Battery+1","Defragment+1","Seek","Conserve Battery","Turbo","Rebound","Echo Form","Go for the Eyes","BootSequence","Hologram+1","Darkness+1","Skim+1","Coolheaded"],"special_seed":0,"relics":["Cracked Core","Vajra","Bag of Marbles","Anchor","Cables","Orrery","Sundial","MawBank"],"potions_floor_usage":[],"damage_taken":[{"damage":5.0,"enemies":"Small Slimes","floor":1.0,"turns":4.0},{"damage":7.0,"enemies":"Jaw Worm","floor":3.0,"turns":4.0},{"damage":1.0,"enemies":"Cultist","floor":4.0,"turns":3.0},{"damage":50.0,"enemies":"3 Sentries","floor":6.0,"turns":8.0},{"damage":38.0,"enemies":"Gremlin Nob","floor":8.0,"turns":4.0},{"damage":13.0,"enemies":"Lagavulin","floor":10.0,"turns":5.0},{"damage":0.0,"enemies":"Gremlin Gang","floor":14.0,"turns":4.0},{"damage":21.0,"enemies":"Slime Boss","floor":16.0,"turns":5.0},{"damage":0.0,"enemies":"Spheric Guardian","floor":18.0,"turns":1.0},{"damage":5.0,"enemies":"Shell Parasite","floor":21.0,"turns":4.0},{"damage":19.0,"enemies":"Cultist and Chosen","floor":22.0,"turns":6.0},{"damage":36.0,"enemies":"Gremlin Leader","floor":24.0,"turns":7.0},{"damage":5.0,"enemies":"Chosen and Byrds","floor":28.0,"turns":3.0},{"damage":17.0,"enemies":"Snake Plant","floor":29.0,"turns":5.0},{"damage":32.0,"enemies":"3 Cultists","floor":31.0,"turns":6.0},{"damage":32,"enemies":"Collector","floor":33,"turns":6}],"seed_played":"6404092131610479070","potions_obtained":[{"floor":4.0,"key":"LiquidBronze"},{"floor":6.0,"key":"Swift Potion"},{"floor":8.0,"key":"Dexterity Potion"},{"floor":14.0,"key":"Poison Potion"},{"floor":28.0,"key":"SpeedPotion"}],"is_trial":false,"path_per_floor":["M","?","M","M","?","E","R","E","T","E","$","?","R","M","R","B",null,"M","?","?","M","M","R","E","R","T","R","M","M","R","M","R","B"],"character_chosen":"DEFECT","items_purchased":["Conserve Battery"],"campfire_rested":5,"item_purchase_floors":[11],"current_hp_per_floor":[73,73,66,65,85,35,60,22,22,9,9,9,34,34,34,13,67,67,67,67,62,43,68,32,32,32,57,52,35,35,3,28,0],"gold":225,"neow_bonus":"TWENTY_PERCENT_HP_BONUS","is_prod":false,"is_daily":false,"chose_seed":false,"campfire_upgraded":3,"win_rate":0,"timestamp":1554397608,"path_taken":["M","?","M","M","?","E","R","E","T","E","$","?","R","?","R","BOSS","M","?","?","M","M","R","E","R","T","R","M","?","R","?","R","BOSS"],"build_version":"2019-01-23","purchased_purges":1,"victory":false,"max_hp_per_floor":[85,85,85,85,85,85,85,85,85,85,85,85,85,85,85,85,85,85,85,85,85,85,85,85,85,85,85,85,85,85,85,85,85],"card_choices":[{"not_picked":["Go for the Eyes","Scrape"],"picked":"Compile Driver","floor":1.0},{"not_picked":["Lockon","Capacitor"],"picked":"Doom and Gloom","floor":3.0},{"not_picked":["Stack","Compile Driver"],"picked":"Melter","floor":4.0},{"not_picked":["Chaos","Reinforced Body"],"picked":"Hologram","floor":6.0},{"not_picked":["Capacitor","Rebound"],"picked":"Steam","floor":8.0},{"not_picked":["Beam Cell","Scrape","Barrage"],"picked":"SKIP","floor":10.0},{"not_picked":["Glacier","Blizzard"],"picked":"Defragment","floor":14.0},{"not_picked":["Rainbow","Meteor Strike"],"picked":"Seek","floor":16.0},{"not_picked":["Barrage","Steam"],"picked":"Conserve Battery","floor":17.0},{"not_picked":["Static Discharge","Rebound"],"picked":"Turbo","floor":17.0},{"not_picked":["Rip and Tear","Ball Lightning"],"picked":"Rebound","floor":17.0},{"not_picked":["Leap","Redo"],"picked":"Echo Form","floor":18.0},{"not_picked":["Tempest","Streamline"],"picked":"Hologram","floor":21.0},{"not_picked":["Redo","Go for the Eyes"],"picked":"Darkness","floor":22.0},{"not_picked":["Reinforced Body","Consume"],"picked":"Skim+1","floor":24.0},{"not_picked":["Beam Cell+1","Ball Lightning","Streamline+1"],"picked":"SKIP","floor":28.0},{"not_picked":["Turbo","Redo","Hologram"],"picked":"SKIP","floor":29.0},{"not_picked":["Darkness","Gash"],"picked":"Coolheaded","floor":31.0}],"player_experience":4708639,"relics_obtained":[{"floor":6.0,"key":"Vajra"},{"floor":8.0,"key":"Bag of Marbles"},{"floor":9.0,"key":"Anchor"},{"floor":10.0,"key":"Cables"},{"floor":24.0,"key":"Sundial"},{"floor":26.0,"key":"MawBank"}],"event_choices":[{"damage_healed":0.0,"max_hp_gain":0.0,"max_hp_loss":0.0,"gold_gain":0.0,"event_name":"Liars Game","player_choice":"Ignored","floor":2.0,"gold_loss":0.0,"damage_taken":0.0},{"damage_healed":21.0,"max_hp_gain":0.0,"max_hp_loss":0.0,"gold_gain":0.0,"event_name":"The Cleric","player_choice":"Healed","floor":5.0,"gold_loss":35.0,"damage_taken":0.0},{"cards_removed":["Strike_B"],"damage_healed":0.0,"max_hp_gain":0.0,"max_hp_loss":0.0,"gold_gain":0.0,"event_name":"Living Wall","player_choice":"Forget","floor":12.0,"gold_loss":0.0,"damage_taken":0.0},{"damage_healed":0.0,"max_hp_gain":0.0,"max_hp_loss":0.0,"gold_gain":0.0,"cards_transformed":["Defend_B","Defend_B"],"event_name":"Drug Dealer","player_choice":"Became Test Subject","floor":19.0,"gold_loss":0.0,"damage_taken":0.0,"cards_obtained":["Go for the Eyes","BootSequence"]},{"cards_removed":["Strike_B"],"damage_healed":0.0,"max_hp_gain":0.0,"max_hp_loss":0.0,"gold_gain":0.0,"event_name":"Designer","player_choice":"Upgrade and Remove","floor":20.0,"gold_loss":110.0,"damage_taken":0.0,"cards_upgraded":["Conserve Battery"]}],"is_beta":false,"boss_relics":[{"not_picked":["Philosopher\u0027s Stone","Eternal Feather"],"picked":"Orrery"}],"items_purged_floors":[11],"is_endless":false,"potions_floor_spawned":[4,6,8,14,21,22,28],"killed_by":"Collector","ascension_level":20}