{"gold_per_floor":[114,39,59,79,92,92,123,123,123,123,23,23,38,55,55,132,132,147,147,147,164,181,181,181,181,181,56,74,91,91,15,15,89,89,108,108,127,142,65,65,95,95,170,199,212,226,242,259,259,259,259,259,259,43,74,74],"floor_reached":57,"playtime":2708,"items_purged":["Strike_B","Strike_B","Defend_B"],"score":3057,"play_id":"0ab56e88-372f-4e19-862c-e2d1cde9b583","local_time":"20190518023605","is_ascension_mode":true,"campfire_choices":[{"data":"Body Slam","floor":6.0,"key":"SMITH"},{"data":"Leap","floor":8.0,"key":"SMITH"},{"floor":12.0,"key":"REST"},{"data":"Barricade","floor":15.0,"key":"SMITH"},{"floor":23.0,"key":"REST"},{"data":"Coolheaded","floor":25.0,"key":"SMITH"},{"data":"Consume","floor":30.0,"key":"SMITH"},{"data":"Capacitor","floor":32.0,"key":"SMITH"},{"data":"Electrodynamics","floor":40.0,"key":"SMITH"},{"floor":42.0,"key":"REST"},{"floor":49,"key":"RECALL"},{"floor":53,"key":"REST"}],"neow_cost":"","seed_source_timestamp":0,"circlet_count":0,"master_deck":["Barricade+1","Body Slam+1","Dualcast","Zap","Defend_B","Defend_B","Strike_B+1","Strike_B","Rebound+1","Chill","Leap+1","Rip and Tear","Coolheaded+1","Conserve Battery+1","Genetic Algorithm","Hyperbeam+1","Hologram+1","Creative AI","Consume+1","Capacitor+1","Electrodynamics+1","Glacier","Amplify","Glacier"],"special_seed":0,"relics":["Cracked Core","Pocketwatch","Turnip","Snecko Eye","Incense Burner","Velvet Choker","Nunchaku","Gambling Chip","Runic Capacitor","Bag of Preparation"],"potions_floor_usage":[55,56],"damage_taken":[{"damage":3.0,"enemies":"Small Slimes","floor":1.0,"turns":5.0},{"damage":7.0,"enemies":"Jaw Worm","floor":3.0,"turns":4.0},{"damage":0.0,"enemies":"Cultist","floor":4.0,"turns":5.0},{"damage":3.0,"enemies":"3 Louse","floor":5.0,"turns":4.0},{"damage":16.0,"enemies":"Lagavulin","floor":7.0,"turns":10.0},{"damage":2.0,"enemies":"Exordium Thugs","floor":13.0,"turns":3.0},{"damage":3.0,"enemies":"2 Fungi Beasts","floor":14.0,"turns":4.0},{"damage":0.0,"enemies":"The Guardian","floor":16.0,"turns":10.0},{"damage":27.0,"enemies":"3 Byrds","floor":18.0,"turns":5.0},{"damage":3.0,"enemies":"Chosen","floor":21.0,"turns":8.0},{"damage":8.0,"enemies":"Centurion and Healer","floor":22.0,"turns":5.0},{"damage":15.0,"enemies":"Snake Plant","floor":28.0,"turns":10.0},{"damage":0.0,"enemies":"Snecko","floor":29.0,"turns":6.0},{"damage":4.0,"enemies":"Champ","floor":33.0,"turns":19.0},{"damage":25.0,"enemies":"Orb Walker","floor":35.0,"turns":5.0},{"damage":0.0,"enemies":"3 Darklings","floor":37.0,"turns":7.0},{"damage":0.0,"enemies":"Writhing Mass","floor":38.0,"turns":12.0},{"damage":16.0,"enemies":"Nemesis","floor":41.0,"turns":30.0},{"damage":0.0,"enemies":"Giant Head","floor":44.0,"turns":17.0},{"damage":21,"enemies":"Transient","floor":45,"turns":6},{"damage":0,"enemies":"Sphere and 2 Shapes","floor":46,"turns":6},{"damage":0,"enemies":"4 Shapes","floor":47,"turns":4},{"damage":7,"enemies":"Writhing Mass","floor":48,"turns":8},{"damage":0,"enemies":"Time Eater","floor":50,"turns":12},{"damage":0,"enemies":"Donu and Deca","floor":51,"turns":12},{"damage":31,"enemies":"Shield and Spear","floor":55,"turns":18},{"damage":0,"enemies":"The Heart","floor":56,"turns":12}],"seed_played":"3993147539124279374","potions_obtained":[{"floor":13.0,"key":"PowerPotion"},{"floor":14.0,"key":"Fire Potion"},{"floor":16.0,"key":"AttackPotion"},{"floor":18.0,"key":"AttackPotion"},{"floor":41.0,"key":"GamblersBrew"},{"floor":45,"key":"FocusPotion"}],"is_trial":true,"path_per_floor":["M","$","M","M","M","R","E","R","T","?","$","R","M","M","R","B",null,"M","?","?","M","M","R","?","R","T","$","M","M","R","$","R","B",null,"M","?","M","M","$","R","E","R","T","E","M","M","M","M","R","B","B",null,"R","$","E","B",null],"character_chosen":"DEFECT","items_purchased":["Capacitor","Amplify","Runic Capacitor"],"campfire_rested":4,"item_purchase_floors":[31,39,54],"current_hp_per_floor":[61,61,54,54,51,51,35,35,35,14,14,35,33,30,30,30,61,34,34,34,31,23,44,44,44,44,44,29,29,29,29,29,25,60,35,35,35,35,35,35,19,40,40,40,19,19,19,12,12,12,12,56,71,71,40,40],"gold":74,"neow_bonus":"","is_prod":false,"is_daily":false,"chose_seed":false,"campfire_upgraded":7,"win_rate":0,"timestamp":1558114565,"path_taken":["M","$","M","M","M","R","E","R","T","?","$","R","M","M","R","BOSS","M","?","?","?","M","R","?","R","T","$","M","M","R","?","R","BOSS","M","?","?","?","$","R","E","R","T","E","M","M","M","M","R","BOSS","BOSS","R","$","E","BOSS"],"build_version":"2019-01-23","purchased_purges":3,"victory":true,"max_hp_per_floor":[71,71,71,71,71,71,71,71,71,71,71,71,71,71,71,71,71,71,71,71,71,71,71,71,71,71,71,71,71,71,71,71,71,71,71,71,71,71,71,71,71,71,71,71,71,71,71,71,71,71,71,71,71,71,71,71],"card_choices":[{"not_picked":["Go for the Eyes","Redo"],"picked":"Rebound","floor":1.0},{"not_picked":["Storm","Beam Cell"],"picked":"Chill","floor":3.0},{"not_picked":["Steam","Aggregate"],"picked":"Leap","floor":4.0},{"not_picked":["Rebound","Streamline"],"picked":"Rip and Tear","floor":5.0},{"not_picked":["Beam Cell","Sunder"],"picked":"Coolheaded","floor":7.0},{"not_picked":["Turbo","Barrage"],"picked":"Conserve Battery","floor":13.0},{"not_picked":["Rainbow","Blizzard"],"picked":"Genetic Algorithm","floor":14.0},{"not_picked":["Buffer","Multi-Cast"],"picked":"Hyperbeam","floor":16.0},{"not_picked":["Ball Lightning+1","Stack","Steam"],"picked":"SKIP","floor":18.0},{"not_picked":["Redo","Cold Snap"],"picked":"Hologram+1","floor":21.0},{"not_picked":["Ball Lightning","Compile Driver","Conserve Battery"],"picked":"SKIP","floor":22.0},{"not_picked":["Barrage","Steam"],"picked":"Creative AI","floor":28.0},{"not_picked":["Rip and Tear","Rebound"],"picked":"Consume","floor":29.0},{"not_picked":["Machine Learning","Rainbow"],"picked":"Electrodynamics","floor":33.0},{"not_picked":["Leap+1","Heatsinks"],"picked":"Glacier","floor":35.0},{"not_picked":["Turbo","Chill","Ball Lightning"],"picked":"SKIP","floor":37.0},{"not_picked":["Undo","Steam","Streamline+1"],"picked":"SKIP","floor":38.0},{"not_picked":["Compile Driver","Sunder"],"picked":"Glacier","floor":41.0},{"not_picked":["Sunder+1","Gash","Beam Cell"],"picked":"SKIP","floor":44.0},{"not_picked":["Ball Lightning","Cold Snap","Stack+1"],"picked":"SKIP","floor":45},{"not_picked":["Turbo","Gash","Hologram"],"picked":"SKIP","floor":46},{"not_picked":["Genetic Algorithm","Doom and Gloom+1","Chaos"],"picked":"SKIP","floor":47},{"not_picked":["Undo","Hello World+1","Reprogram"],"picked":"SKIP","floor":48},{"not_picked":["Hyperbeam","Ball Lightning+1","Double Energy+1"],"picked":"SKIP","floor":55}],"player_experience":5064726,"relics_obtained":[{"floor":7.0,"key":"Pocketwatch"},{"floor":9.0,"key":"Turnip"},{"floor":26.0,"key":"Incense Burner"},{"floor":41.0,"key":"Nunchaku"},{"floor":44.0,"key":"Gambling Chip"},{"floor":55,"key":"Bag of Preparation"}],"event_choices":[{"damage_healed":0.0,"max_hp_gain":0.0,"max_hp_loss":0.0,"gold_gain":0.0,"event_name":"Shining Light","player_choice":"Entered Light","floor":10.0,"gold_loss":0.0,"damage_taken":21.0,"cards_upgraded":["Strike_B","Rebound"]},{"damage_healed":0.0,"max_hp_gain":0.0,"max_hp_loss":0.0,"gold_gain":0.0,"event_name":"Cursed Tome","player_choice":"Ignored","floor":19.0,"gold_loss":0.0,"damage_taken":0.0},{"damage_healed":0.0,"max_hp_gain":0.0,"max_hp_loss":0.0,"gold_gain":0.0,"event_name":"Accursed Blacksmith","player_choice":"Forge","floor":20.0,"gold_loss":0.0,"damage_taken":0.0,"cards_upgraded":["Conserve Battery"]},{"damage_healed":0.0,"max_hp_gain":0.0,"max_hp_loss":0.0,"gold_gain":0.0,"event_name":"Upgrade Shrine","player_choice":"Upgraded","floor":24.0,"gold_loss":0.0,"damage_taken":0.0,"cards_upgraded":["Hyperbeam"]},{"cards_removed":["Defend_B"],"damage_healed":0.0,"max_hp_gain":0.0,"max_hp_loss":0.0,"gold_gain":0.0,"event_name":"Purifier","player_choice":"Purged","floor":36.0,"gold_loss":0.0,"damage_taken":0.0}],"is_beta":false,"boss_relics":[{"not_picked":["Cursed Key","Black Star"],"picked":"Snecko Eye"},{"not_picked":["Eternal Feather","Lizard Tail"],"picked":"Velvet Choker"}],"items_purged_floors":[2,11,27],"is_endless":false,"potions_floor_spawned":[13,14,16,18,41,44,45,47],"ascension_level":20}