{"gold_per_floor":[113,113,132,82,93,93,103,103,127,159,175,175,186,219,219,297,297,313,89,89,106,126,126,126],"floor_reached":24,"playtime":1236,"items_purged":["Strike_G"],"score":379,"play_id":"ca83f27b-e8cb-4752-b544-f4ad292415e5","local_time":"20190208221837","is_ascension_mode":true,"campfire_choices":[{"data":"Neutralize","floor":6.0,"key":"SMITH"},{"floor":8.0,"key":"REST"},{"data":"Footwork","floor":12.0,"key":"SMITH"},{"data":"All Out Attack","floor":15.0,"key":"SMITH"},{"data":"Envenom","floor":23,"key":"SMITH"}],"neow_cost":"PERCENT_DAMAGE","seed_source_timestamp":2531704516342798,"circlet_count":0,"master_deck":["AscendersBane","Defend_G","Defend_G","Defend_G","Defend_G","Defend_G","Strike_G","Survivor","Neutralize+1","Flying Knee","All Out Attack+1","Blade Dance","Adrenaline","Footwork+1","Poisoned Stab","Backstab","Backflip","Envenom+1","PiercingWail","Ghostly","Ghostly","Ghostly","Ghostly","Ghostly","Dash"],"special_seed":0,"relics":["Ring of the Snake","Pen Nib","Dream Catcher","Bag of Marbles","Empty Cage","Blood Vial"],"potions_floor_usage":[16,24],"damage_taken":[{"damage":5.0,"enemies":"2 Louse","floor":1.0,"turns":4.0},{"damage":3.0,"enemies":"Jaw Worm","floor":3.0,"turns":6.0},{"damage":6.0,"enemies":"Small Slimes","floor":5.0,"turns":5.0},{"damage":14.0,"enemies":"Gremlin Gang","floor":7.0,"turns":5.0},{"damage":22.0,"enemies":"Gremlin Nob","floor":10.0,"turns":5.0},{"damage":3.0,"enemies":"Large Slime","floor":11.0,"turns":8.0},{"damage":0.0,"enemies":"Blue Slaver","floor":13.0,"turns":3.0},{"damage":7.0,"enemies":"Lagavulin","floor":14.0,"turns":7.0},{"damage":20,"enemies":"Slime Boss","floor":16,"turns":11},{"damage":25,"enemies":"Spheric Guardian","floor":18,"turns":4},{"damage":28,"enemies":"Chosen","floor":21,"turns":10},{"damage":4,"enemies":"Centurion and Healer","floor":22,"turns":8},{"damage":20,"enemies":"Gremlin Leader","floor":24,"turns":6}],"seed_played":"-3543860265361104540","potions_obtained":[{"floor":1.0,"key":"SmokeBomb"},{"floor":5.0,"key":"EssenceOfSteel"},{"floor":7.0,"key":"SneckoOil"},{"floor":10.0,"key":"LiquidBronze"},{"floor":14.0,"key":"Energy Potion"},{"floor":16,"key":"Dexterity Potion"}],"is_trial":false,"path_per_floor":["M","?","M","?","M","R","M","R","T","E","M","R","M","E","R","B",null,"M","$","?","M","M","R","E"],"character_chosen":"THE_SILENT","items_purchased":["Blood Vial"],"campfire_rested":1,"item_purchase_floors":[19],"current_hp_per_floor":[51,56,53,53,47,47,33,57,57,35,32,32,32,25,25,5,64,39,39,39,13,11,11,0],"gold":126,"neow_bonus":"TWENTY_PERCENT_HP_BONUS","is_prod":false,"is_daily":false,"chose_seed":false,"campfire_upgraded":4,"win_rate":0,"timestamp":1549631917,"path_taken":["M","?","M","?","M","R","?","R","T","E","M","R","M","E","R","BOSS","M","$","?","M","M","R","E"],"build_version":"2019-01-23","purchased_purges":1,"victory":false,"max_hp_per_floor":[78,83,83,83,83,83,83,83,83,83,83,83,83,83,83,83,83,83,83,41,41,41,41,41],"card_choices":[{"not_picked":["Endless Agony","Finisher"],"picked":"Flying Knee","floor":1.0},{"not_picked":["Acrobatics","Prepared"],"picked":"All Out Attack","floor":3.0},{"not_picked":["Outmaneuver","Tactician"],"picked":"Blade Dance","floor":5.0},{"not_picked":["Deadly Poison","Acrobatics"],"picked":"Adrenaline","floor":7.0},{"not_picked":["Night Terror","Flying Knee"],"picked":"Footwork","floor":10.0},{"not_picked":["Blade Dance","Eviscerate"],"picked":"Poisoned Stab","floor":11.0},{"not_picked":["Tactician","Quick Slash"],"picked":"Backstab","floor":13.0},{"not_picked":["Dash","Bane"],"picked":"Backflip","floor":14.0},{"not_picked":["Bullet Time","Burst"],"picked":"Envenom","floor":16},{"not_picked":["Outmaneuver","Flying Knee"],"picked":"PiercingWail","floor":18},{"not_picked":["Slice","Flechettes","Sucker Punch"],"picked":"SKIP","floor":21},{"not_picked":["Acrobatics+1","Slice"],"picked":"Dash","floor":22}],"player_experience":571389,"relics_obtained":[{"floor":9.0,"key":"Pen Nib"},{"floor":10.0,"key":"Dream Catcher"},{"floor":14.0,"key":"Bag of Marbles"}],"event_choices":[{"damage_healed":0.0,"max_hp_gain":5.0,"max_hp_loss":0.0,"gold_gain":0.0,"event_name":"Big Fish","player_choice":"Donut","floor":2.0,"gold_loss":0.0,"damage_taken":0.0},{"cards_removed":["Strike_G"],"damage_healed":0.0,"max_hp_gain":0.0,"max_hp_loss":0.0,"gold_gain":0.0,"event_name":"The Cleric","player_choice":"Card Removal","floor":4.0,"gold_loss":50.0,"damage_taken":0.0},{"damage_healed":0,"gold_gain":0,"player_choice":"Became a Ghost","damage_taken":0,"max_hp_gain":0,"max_hp_loss":42,"event_name":"Ghosts","floor":20,"gold_loss":0,"cards_obtained":["Ghostly","Ghostly","Ghostly","Ghostly","Ghostly"]}],"is_beta":false,"boss_relics":[{"not_picked":["Calling Bell","Velvet Choker"],"picked":"Empty Cage"}],"items_purged_floors":[19],"is_endless":false,"potions_floor_spawned":[1,5,7,10,14,16,21,22],"killed_by":"Gremlin Leader","ascension_level":14}