{"gold_per_floor":[111,73,89,89,99,99,112,112,112,131,131,111,111,129,129,226,226,237,249,29,48,48,48,68,68,121,131,182,216,232,232,232,337,337,354,371,389,389,389,389,409,409,409,78,78,98,198,73,73,73],"floor_reached":51,"playtime":4197,"items_purged":["Strike_B","Strike_B+1","Strike_B+1"],"score":609,"play_id":"6b333922-6a3e-45ad-a6be-4f4ddaab57db","local_time":"20181207014522","is_ascension_mode":false,"campfire_choices":[{"data":"White Noise","floor":6,"key":"SMITH"},{"data":"Dualcast","floor":11,"key":"SMITH"},{"data":"Zap","floor":13,"key":"SMITH"},{"floor":15,"key":"REST"},{"floor":23,"key":"REST"},{"floor":25,"key":"REST"},{"floor":32,"key":"REST"},{"data":"Madness","floor":40,"key":"SMITH"},{"data":"White Noise","floor":42,"key":"SMITH"},{"data":"Thunder Strike","floor":45,"key":"SMITH"},{"floor":49,"key":"REST"}],"neow_cost":"NONE","seed_source_timestamp":385013051813456,"circlet_count":0,"master_deck":["Strike_B+1","Defend_B+1","Defend_B+1","Defend_B+1","Defend_B+1","Zap+1","Dualcast+1","Seek+1","Ball Lightning","White Noise+1","Melter","Beam Cell","Core Surge","Conserve Battery","White Noise+1","Auto Shields+1","Thunder Strike+1","Leap+1","Storm+1","Enlightenment","Madness+1","Madness+1","Tempest","Redo+1"],"relics":["Cracked Core","Kunai","Sundial","Sozu","Blood Vial","Vajra","Juzu Bracelet","Matryoshka","Runic Pyramid","Centennial Puzzle","Bag of Preparation","War Paint","Pocketwatch"],"potions_floor_usage":[16,16,33],"damage_taken":[{"damage":6,"enemies":"2 Louse","floor":1,"turns":2},{"damage":6,"enemies":"Jaw Worm","floor":3,"turns":2},{"damage":6,"enemies":"Cultist","floor":5,"turns":3},{"damage":10,"enemies":"Looter","floor":7,"turns":2},{"damage":2,"enemies":"Gremlin Gang","floor":10,"turns":4},{"damage":0,"enemies":"2 Fungi Beasts","floor":14,"turns":2},{"damage":28,"enemies":"The Guardian","floor":16,"turns":8},{"damage":13,"enemies":"Shell Parasite","floor":18,"turns":5},{"damage":10,"enemies":"2 Thieves","floor":19,"turns":3},{"damage":24,"enemies":"Shelled Parasite and Fungi","floor":21,"turns":5},{"damage":19,"enemies":"Centurion and Healer","floor":24,"turns":4},{"damage":0,"enemies":"3 Cultists","floor":27,"turns":6},{"damage":7,"enemies":"Slavers","floor":29,"turns":4},{"damage":6,"enemies":"Shelled Parasite and Fungi","floor":30,"turns":5},{"damage":6,"enemies":"Colosseum Slavers","floor":31,"turns":4},{"damage":62,"enemies":"Collector","floor":33,"turns":9},{"damage":19,"enemies":"3 Darklings","floor":35,"turns":5},{"damage":3,"enemies":"3 Shapes","floor":36,"turns":3},{"damage":7,"enemies":"Transient","floor":37,"turns":5},{"damage":0,"enemies":"Maw","floor":41,"turns":7},{"damage":12,"enemies":"Sphere and 2 Shapes","floor":46,"turns":2},{"damage":0,"enemies":"Mind Bloom Boss Battle","floor":47,"turns":5},{"damage":26,"enemies":"Awakened One","floor":50,"turns":11}],"seed_played":"3755567066943682360","potions_obtained":[{"floor":5,"key":"FearPotion"},{"floor":12,"key":"Fire Potion"},{"floor":14,"key":"Energy Potion"}],"is_trial":false,"path_per_floor":["M","$","M","?","M","R","M","T","T","M","R","?","R","M","R","B",null,"M","M","$","M","?","R","M","R","T","M","T","E","M","?","R","B",null,"M","M","M","?","?","R","M","R","T","$","R","M","?","$","R","B",null],"character_chosen":"DEFECT","items_purchased":["White Noise","Blood Vial","War Paint","Tempest"],"campfire_rested":5,"item_purchase_floors":[2,20,44,44],"current_hp_per_floor":[69,69,63,63,57,57,47,47,47,45,45,45,45,45,67,39,75,62,52,52,30,30,52,35,57,57,59,59,54,50,46,68,8,75,56,55,50,50,41,41,43,43,43,43,43,33,35,35,57,33],"gold":73,"neow_bonus":"ONE_RANDOM_RARE_CARD","is_prod":false,"is_daily":false,"chose_seed":false,"campfire_upgraded":6,"win_rate":0.0,"timestamp":1544114722,"path_taken":["M","$","M","?","M","R","M","?","T","?","R","?","R","M","R","BOSS","M","?","$","M","?","R","M","R","T","M","?","E","M","?","R","BOSS","M","M","M","?","?","R","M","R","T","$","R","M","?","?","R","BOSS"],"build_version":"2018-11-15","purchased_purges":3,"victory":true,"max_hp_per_floor":[75,75,75,75,75,75,75,75,75,75,75,75,75,75,75,75,75,75,75,75,75,75,75,75,75,75,75,75,75,75,75,75,75,75,75,75,75,75,75,75,75,75,75,75,75,75,75,75,75,75],"card_choices":[{"not_picked":["Hologram","Gash"],"picked":"Ball Lightning","floor":1},{"not_picked":["Capacitor","Consume"],"picked":"Melter","floor":3},{"not_picked":["Compile Driver","Hello World","Leap"],"picked":"SKIP","floor":5},{"not_picked":["Undo","Capacitor"],"picked":"Beam Cell","floor":7},{"not_picked":["Blizzard","Rip and Tear","Consume"],"picked":"SKIP","floor":10},{"not_picked":["Ball Lightning","Blizzard","Rebound"],"picked":"SKIP","floor":14},{"not_picked":["Reboot","Hyperbeam"],"picked":"Core Surge","floor":16},{"not_picked":["Capacitor","Coolheaded"],"picked":"Conserve Battery","floor":18},{"not_picked":["Redo","Barrage"],"picked":"White Noise","floor":19},{"not_picked":["Scrape","Skim","Streamline"],"picked":"SKIP","floor":21},{"not_picked":["Rip and Tear","Sunder"],"picked":"Auto Shields+1","floor":24},{"not_picked":["Chill+1","Stack+1","Compile Driver"],"picked":"SKIP","floor":27},{"not_picked":["Turbo+1","Chill+1"],"picked":"Thunder Strike","floor":29},{"not_picked":["Darkness+1","Cold Snap","Stack"],"picked":"SKIP","floor":30},{"not_picked":["Turbo+1","Steam"],"picked":"Leap+1","floor":35},{"not_picked":["Steam Power","Meteor Strike"],"picked":"Storm+1","floor":36},{"not_picked":["Skim+1","Recycle","Darkness"],"picked":"SKIP","floor":37},{"not_picked":["Finesse","Secret Weapon"],"picked":"Enlightenment","floor":38},{"not_picked":["Ball Lightning+1","Consume","Steam+1"],"picked":"SKIP","floor":41},{"not_picked":["Scrape+1","Sunder","Consume"],"picked":"SKIP","floor":46},{"not_picked":["Hello World","Sweeping Beam+1"],"picked":"Redo+1","floor":47}],"player_experience":128137,"relics_obtained":[{"floor":8,"key":"Kunai"},{"floor":9,"key":"Sundial"},{"floor":26,"key":"Vajra"},{"floor":28,"key":"Juzu Bracelet"},{"floor":29,"key":"Matryoshka"},{"floor":43,"key":"Centennial Puzzle"},{"floor":43,"key":"Bag of Preparation"},{"floor":47,"key":"Pocketwatch"}],"event_choices":[{"damage_healed":0,"gold_gain":0,"player_choice":"Ignored","damage_taken":0,"max_hp_gain":0,"max_hp_loss":0,"event_name":"Golden Idol","floor":4,"gold_loss":0},{"damage_healed":0,"gold_gain":0,"player_choice":"Bought 1 Potion","damage_taken":0,"max_hp_gain":0,"max_hp_loss":0,"event_name":"The Woman in Blue","floor":12,"gold_loss":0},{"damage_healed":0,"gold_gain":0,"player_choice":"Simplicity","damage_taken":0,"max_hp_gain":0,"max_hp_loss":0,"event_name":"Back to Basics","floor":22,"gold_loss":0,"cards_upgraded":["Strike_B","Strike_B","Strike_B","Defend_B","Defend_B","Defend_B","Defend_B"]},{"damage_healed":0,"gold_gain":0,"player_choice":"Fight","damage_taken":0,"max_hp_gain":0,"max_hp_loss":0,"event_name":"Colosseum","floor":31,"gold_loss":0},{"damage_healed":0,"gold_gain":0,"player_choice":"Fled From Nobs","damage_taken":0,"max_hp_gain":0,"max_hp_loss":0,"event_name":"Colosseum","floor":31,"gold_loss":0},{"damage_healed":0,"gold_gain":0,"player_choice":"Memory 1","damage_taken":0,"max_hp_gain":0,"max_hp_loss":0,"event_name":"SensoryStone","floor":38,"gold_loss":0},{"damage_healed":0,"gold_gain":0,"player_choice":"Embrace Madness","damage_taken":9,"max_hp_gain":0,"max_hp_loss":0,"event_name":"Winding Halls","floor":39,"gold_loss":0,"cards_obtained":["Madness","Madness"]},{"damage_healed":0,"gold_gain":0,"player_choice":"Fight","damage_taken":0,"max_hp_gain":0,"max_hp_loss":0,"event_name":"MindBloom","floor":47,"gold_loss":0}],"is_beta":false,"boss_relics":[{"not_picked":["Velvet Choker","Snecko Eye"],"picked":"Sozu"},{"not_picked":["Empty Cage","Philosopher\u0027s Stone"],"picked":"Runic Pyramid"}],"items_purged_floors":[20,44,48],"is_endless":false,"potions_floor_spawned":[5,14,18,30,31,33,35,37],"ascension_level":0}