{"gold_per_floor":[116,131,131,131,147,147,159,5,5,5,23,23,23,48,48,48],"floor_reached":16,"playtime":921,"items_purged":[],"score":185,"play_id":"edb31fe5-b046-49ad-86a9-46cb54ae3325","local_time":"20190401190053","is_ascension_mode":true,"campfire_choices":[{"data":"Flechettes","floor":6,"key":"SMITH"},{"floor":10,"key":"REST"},{"floor":13,"key":"REST"},{"data":"Well Laid Plans","floor":15,"key":"SMITH"}],"neow_cost":"PERCENT_DAMAGE","seed_source_timestamp":2830276687149367,"circlet_count":0,"master_deck":["AscendersBane","Defend_G+1","Defend_G","Defend_G","Defend_G","Defend_G","Strike_G","Strike_G","Strike_G","Survivor","Neutralize+1","Backflip","Flechettes+1","Dodge and Roll","Leg Sweep","Decay","Backflip","Escape Plan","Blur","Well Laid Plans+1","Outmaneuver","Backflip"],"relics":["Ring of the Snake","Pear","Darkstone Periapt"],"potions_floor_usage":[14,16],"damage_taken":[{"damage":0,"enemies":"Jaw Worm","floor":1,"turns":4},{"damage":2,"enemies":"Small Slimes","floor":2,"turns":4},{"damage":6,"enemies":"Cultist","floor":5,"turns":6},{"damage":13,"enemies":"Gremlin Gang","floor":7,"turns":8},{"damage":0,"enemies":"Red Slaver","floor":11,"turns":7},{"damage":24,"enemies":"3 Sentries","floor":14,"turns":17},{"damage":13,"enemies":"Hexaghost","floor":16,"turns":12}],"seed_played":"1768744417651881583","potions_obtained":[{"floor":11,"key":"AttackPotion"},{"floor":14,"key":"GamblersBrew"}],"is_trial":false,"path_per_floor":["M","M","?","?","M","R","M","$","T","R","M","?","R","E","R","B"],"character_chosen":"THE_SILENT","items_purchased":["Blur","Well Laid Plans"],"campfire_rested":2,"item_purchase_floors":[8,8],"current_hp_per_floor":[44,42,22,22,16,16,3,3,13,35,35,35,57,33,33,20],"gold":48,"neow_bonus":"TRANSFORM_TWO_CARDS","is_prod":false,"is_daily":false,"chose_seed":false,"campfire_upgraded":2,"win_rate":0,"timestamp":1554112853,"path_taken":["M","M","?","?","?","R","?","?","T","R","M","?","R","E","R","BOSS"],"build_version":"2019-03-15","purchased_purges":0,"victory":false,"max_hp_per_floor":[66,66,66,66,66,66,66,66,76,76,76,76,76,76,76,76],"card_choices":[{"not_picked":["Blade Dance","Slice"],"picked":"Dodge and Roll","floor":1},{"not_picked":["Escape Plan","Bane"],"picked":"Leg Sweep","floor":2},{"not_picked":["Slice","Skewer"],"picked":"Backflip","floor":5},{"not_picked":["Endless Agony","Accuracy"],"picked":"Escape Plan","floor":7},{"not_picked":["Sucker Punch","Dagger Throw"],"picked":"Outmaneuver","floor":11},{"not_picked":["Choke","Prepared"],"picked":"Backflip","floor":14}],"player_experience":2798524,"relics_obtained":[{"floor":9,"key":"Pear"},{"floor":14,"key":"Darkstone Periapt"}],"event_choices":[{"damage_healed":0,"gold_gain":0,"player_choice":"Entered Light","damage_taken":20,"max_hp_gain":0,"max_hp_loss":0,"event_name":"Shining Light","floor":3,"gold_loss":0,"cards_upgraded":["Neutralize","Defend_G"]},{"damage_healed":0,"gold_gain":0,"player_choice":"Cursed","damage_taken":0,"max_hp_gain":0,"max_hp_loss":0,"event_name":"Wheel of Change","floor":4,"gold_loss":0,"cards_obtained":["Decay"]},{"damage_healed":0,"gold_gain":0,"player_choice":"Ignored","damage_taken":0,"max_hp_gain":0,"max_hp_loss":0,"event_name":"Liars Game","floor":12,"gold_loss":0}],"is_beta":true,"boss_relics":[],"items_purged_floors":[],"is_endless":false,"potions_floor_spawned":[11,14],"killed_by":"Hexaghost","ascension_level":17}