{"gold_per_floor":[117,117,128,128,45,45,80,155,155,155,80,111,135,135,135,208,208,208,48,98,109,121,121,46,0,0,0,0,12,43,54,54,127,127,145,445,465,482,382,382,277,304,356,356,371,371,371,404,404,404,404,404,80,107,107],"floor_reached":55,"playtime":2931,"items_purged":["Strike_G","Strike_G","Strike_G"],"score":1474,"play_id":"2603260f-634d-4d92-9cac-b35403f212b2","local_time":"20190515150726","is_ascension_mode":true,"campfire_choices":[{"data":"Noxious Fumes","floor":6.0,"key":"SMITH"},{"data":"Neutralize","floor":10.0,"key":"SMITH"},{"floor":15.0,"key":"REST"},{"data":"Venomology","floor":23.0,"key":"SMITH"},{"data":"Blur","floor":27.0,"key":"SMITH"},{"floor":32,"key":"REST"},{"floor":40,"key":"REST"},{"data":"Catalyst","floor":44,"key":"SMITH"},{"floor":46,"key":"REST"},{"floor":49,"key":"RECALL"},{"data":"Footwork","floor":52,"key":"SMITH"}],"neow_cost":"NONE","seed_source_timestamp":1633072089066333,"circlet_count":0,"master_deck":["AscendersBane","Defend_G","Defend_G","Defend_G","Defend_G","Defend_G","Strike_G","Survivor","Neutralize+1","Deadly Poison","Noxious Fumes+1","Backstab","Flying Knee","Venomology+1","Blur+1","Backflip","Calculated Gamble","Catalyst+1","A Thousand Cuts","Bane+1","Cloak And Dagger+1","Catalyst+1","PiercingWail","Footwork+1","Caltrops"],"special_seed":0,"relics":["Ring of the Serpent","NeowsBlessing","Centennial Puzzle","Potion Belt","Pear","Bronze Scales","Odd Mushroom","White Beast Statue","Happy Flower","Snake Skull","Lantern","Orichalcum","Ninja Scroll","Anchor"],"potions_floor_usage":[33,33,33,33,35,37,37,38,42,42,42,42,42,42,45,48,50,50,50,54,54,54,55,55,55],"damage_taken":[{"damage":0.0,"enemies":"Jaw Worm","floor":1.0,"turns":1.0},{"damage":0.0,"enemies":"Cultist","floor":3.0,"turns":1.0},{"damage":0.0,"enemies":"Gremlin Nob","floor":7.0,"turns":1.0},{"damage":28.0,"enemies":"Lagavulin","floor":12.0,"turns":8.0},{"damage":18.0,"enemies":"The Mushroom Lair","floor":13.0,"turns":4.0},{"damage":1.0,"enemies":"The Guardian","floor":16.0,"turns":9.0},{"damage":0.0,"enemies":"Spheric Guardian","floor":18.0,"turns":3.0},{"damage":12.0,"enemies":"Chosen","floor":21.0,"turns":5.0},{"damage":2.0,"enemies":"Snecko","floor":22.0,"turns":6.0},{"damage":26.0,"enemies":"Centurion and Healer","floor":29.0,"turns":9.0},{"damage":3.0,"enemies":"Gremlin Leader","floor":30.0,"turns":6.0},{"damage":18,"enemies":"Snake Plant","floor":31,"turns":4},{"damage":22,"enemies":"Champ","floor":33,"turns":15},{"damage":0,"enemies":"3 Shapes","floor":35,"turns":6},{"damage":4,"enemies":"Orb Walker","floor":37,"turns":4},{"damage":22,"enemies":"Transient","floor":38,"turns":6},{"damage":0,"enemies":"Nemesis","floor":42,"turns":5},{"damage":19,"enemies":"Maw","floor":45,"turns":5},{"damage":0,"enemies":"Giant Head","floor":48,"turns":5},{"damage":39,"enemies":"Awakened One","floor":50,"turns":18},{"damage":55,"enemies":"Shield and Spear","floor":54,"turns":8},{"damage":13,"enemies":"The Heart","floor":55,"turns":2}],"seed_played":"3094853288520532019","potions_obtained":[{"floor":12.0,"key":"SmokeBomb"},{"floor":16.0,"key":"AttackPotion"},{"floor":21.0,"key":"SkillPotion"},{"floor":22.0,"key":"Regen Potion"},{"floor":29.0,"key":"Explosive Potion"},{"floor":30.0,"key":"Strength Potion"},{"floor":31,"key":"GamblersBrew"},{"floor":33,"key":"Fire Potion"},{"floor":35,"key":"EssenceOfSteel"},{"floor":37,"key":"Swift Potion"},{"floor":38,"key":"SkillPotion"},{"floor":42,"key":"AttackPotion"},{"floor":45,"key":"Poison Potion"},{"floor":48,"key":"Explosive Potion"},{"floor":54,"key":"Weak Potion"}],"is_trial":false,"path_per_floor":["M","?","M","$","$","R","E","?","T","R","?","E","?","?","R","B",null,"M","$","?","M","M","R","$","?","T","R","$","M","E","M","R","B",null,"M","?","M","M","$","R","$","E","T","R","M","R","?","E","R","B",null,"R","$","E","B"],"character_chosen":"THE_SILENT","items_purchased":["Noxious Fumes","Happy Flower","EntropicBrew","Energy Potion","Block Potion","Caltrops"],"campfire_rested":4,"item_purchase_floors":[5,19,41,53,53,53],"current_hp_per_floor":[59,59,59,59,59,59,59,48,58,58,58,30,12,12,34,33,65,65,65,65,53,51,51,51,51,51,51,51,40,37,19,41,19,62,62,62,58,36,36,58,58,58,58,58,39,61,61,61,61,22,63,63,63,8,0],"gold":107,"neow_bonus":"THREE_ENEMY_KILL","is_prod":false,"is_daily":false,"chose_seed":false,"campfire_upgraded":6,"win_rate":0,"timestamp":1557900446,"path_taken":["M","?","M","?","$","R","E","?","T","R","?","E","?","?","R","BOSS","M","$","?","M","M","R","$","?","T","R","?","M","E","?","R","BOSS","M","?","M","M","$","R","$","E","T","R","?","R","?","E","R","BOSS","R","$","E","BOSS"],"build_version":"2019-05-07","purchased_purges":3,"victory":false,"max_hp_per_floor":[66,66,66,66,66,66,66,66,76,76,76,76,76,76,76,76,76,76,76,76,76,76,76,76,76,76,76,76,76,76,76,76,76,76,76,76,76,76,76,76,76,76,76,76,76,76,76,76,76,76,76,76,76,76,76],"card_choices":[{"not_picked":["Dagger Throw","Quick Slash"],"picked":"Poisoned Stab","floor":1.0},{"not_picked":["Endless Agony","Prepared"],"picked":"Deadly Poison","floor":3.0},{"not_picked":["Cloak And Dagger","Skewer"],"picked":"Backstab","floor":7.0},{"not_picked":["Unload","Dagger Throw","Underhanded Strike"],"picked":"SKIP","floor":12.0},{"not_picked":["Deflect","Slice"],"picked":"Flying Knee","floor":13.0},{"not_picked":["Glass Knife","Grand Finale"],"picked":"Venomology","floor":16.0},{"not_picked":["Bane","Flying Knee","Dodge and Roll"],"picked":"SKIP","floor":21.0},{"not_picked":["Expertise","Masterful Stab"],"picked":"Blur","floor":22.0},{"not_picked":["Prepared","Riddle With Holes"],"picked":"Backflip","floor":29.0},{"not_picked":["Endless Agony","Cloak And Dagger"],"picked":"Calculated Gamble","floor":30.0},{"not_picked":["Acrobatics","Dash"],"picked":"Catalyst","floor":31},{"not_picked":["Storm of Steel","Envenom"],"picked":"A Thousand Cuts","floor":33},{"not_picked":["Flying Knee","Deadly Poison"],"picked":"Bane+1","floor":35},{"not_picked":["Deadly Poison+1","All Out Attack"],"picked":"Cloak And Dagger+1","floor":37},{"not_picked":["Prepared","Caltrops"],"picked":"Catalyst+1","floor":38},{"not_picked":["Terror","Dagger Throw","Sucker Punch"],"picked":"SKIP","floor":42},{"not_picked":["Underhanded Strike","Slice"],"picked":"PiercingWail","floor":45},{"not_picked":["Heel Hook","All Out Attack+1"],"picked":"Footwork","floor":48},{"not_picked":["Glass Knife","Underhanded Strike","Choke"],"picked":"SKIP","floor":54}],"player_experience":3245231,"relics_obtained":[{"floor":7.0,"key":"Potion Belt"},{"floor":9.0,"key":"Pear"},{"floor":12.0,"key":"Bronze Scales"},{"floor":13.0,"key":"Odd Mushroom"},{"floor":30.0,"key":"Snake Skull"},{"floor":42,"key":"Lantern"},{"floor":43,"key":"Orichalcum"},{"floor":48,"key":"Ninja Scroll"},{"floor":54,"key":"Anchor"}],"event_choices":[{"cards_removed":["Poisoned Stab"],"damage_healed":0.0,"max_hp_gain":0.0,"max_hp_loss":0.0,"gold_gain":0.0,"event_name":"WeMeetAgain","player_choice":"Gave Card","floor":2.0,"gold_loss":0.0,"damage_taken":0.0,"relics_obtained":["Centennial Puzzle"]},{"damage_healed":0.0,"max_hp_gain":0.0,"max_hp_loss":0.0,"gold_gain":75.0,"event_name":"World of Goop","player_choice":"Gather Gold","floor":8.0,"gold_loss":0.0,"damage_taken":11.0},{"cards_removed":["Strike_G"],"damage_healed":0.0,"max_hp_gain":0.0,"max_hp_loss":0.0,"gold_gain":0.0,"event_name":"The Cleric","player_choice":"Card Removal","floor":11.0,"gold_loss":75.0,"damage_taken":0.0},{"damage_healed":0.0,"max_hp_gain":0.0,"max_hp_loss":0.0,"gold_gain":0.0,"event_name":"Mushrooms","player_choice":"Fought Mushrooms","floor":13.0,"gold_loss":0.0,"damage_taken":0.0},{"damage_healed":0.0,"max_hp_gain":0.0,"max_hp_loss":0.0,"gold_gain":0.0,"event_name":"Liars Game","player_choice":"Ignored","floor":14.0,"gold_loss":0.0,"damage_taken":0.0},{"damage_healed":0.0,"max_hp_gain":0.0,"max_hp_loss":0.0,"gold_gain":50.0,"event_name":"Nest","player_choice":"Stole From Cult","floor":20.0,"gold_loss":0.0,"damage_taken":0.0},{"damage_healed":0.0,"max_hp_gain":0.0,"max_hp_loss":0.0,"gold_gain":0.0,"event_name":"Masked Bandits","player_choice":"Paid Fearfully","floor":25.0,"gold_loss":46.0,"damage_taken":0.0},{"damage_healed":0,"gold_gain":300,"player_choice":"Gold","damage_taken":0,"max_hp_gain":0,"max_hp_loss":0,"event_name":"Wheel of Change","floor":36,"gold_loss":0},{"damage_healed":0,"gold_gain":0,"player_choice":"Ignored","damage_taken":0,"max_hp_gain":0,"max_hp_loss":0,"event_name":"Tomb of Lord Red Mask","floor":47,"gold_loss":0}],"is_beta":true,"boss_relics":[{"not_picked":["Coffee Dripper","Sozu"],"picked":"White Beast Statue"},{"not_picked":["Philosopher\u0027s Stone","Velvet Choker"],"picked":"Ring of the Serpent"}],"items_purged_floors":[24,39,53],"is_endless":false,"potions_floor_spawned":[12,16,18,21,22,29,30,31,33,35,37,38,42,45,48,54],"killed_by":"The Heart","ascension_level":17}