{"gold_per_floor":[118,118,118,118,118,118,131,161,215,215,240,165,165,33,33,33],"floor_reached":16,"playtime":187,"items_purged":["Defend_B"],"score":258,"play_id":"ab5c876e-a222-4569-b3e6-19b32e853989","local_time":"20190326020728","is_ascension_mode":true,"campfire_choices":[{"data":"Doom and Gloom","floor":6,"key":"SMITH"},{"data":"Coolheaded","floor":10,"key":"SMITH"},{"data":"Recycle","floor":13,"key":"SMITH"},{"data":"Turbo","floor":15,"key":"SMITH"}],"neow_cost":"NONE","seed_source_timestamp":1045334689058600,"circlet_count":0,"master_deck":["AscendersBane","Strike_B","Strike_B","Defend_B","Defend_B","Defend_B+1","Zap","Dualcast","Doom and Gloom+1","Chill+1","Coolheaded+1","Recycle+1","Compile Driver","Turbo+1"],"relics":["Cracked Core","NeowsBlessing","Boot","Bottled Lightning","Oddly Smooth Stone","Orichalcum"],"potions_floor_usage":[],"damage_taken":[{"damage":0,"enemies":"2 Louse","floor":1,"turns":1},{"damage":0,"enemies":"Small Slimes","floor":7,"turns":1},{"damage":0,"enemies":"Gremlin Nob","floor":8,"turns":1},{"damage":5,"enemies":"Lagavulin","floor":11,"turns":6},{"damage":30,"enemies":"Slime Boss","floor":16,"turns":5}],"seed_played":"2631068838017786310","potions_obtained":[],"is_trial":false,"path_per_floor":["M","?","?","?","?","R","M","E","T","R","E","?","R","$","R","B"],"character_chosen":"DEFECT","items_purchased":["Turbo"],"campfire_rested":0,"item_purchase_floors":[14],"current_hp_per_floor":[64,64,43,43,38,38,38,38,38,38,33,33,33,33,33,3],"gold":33,"neow_bonus":"THREE_ENEMY_KILL","is_prod":false,"is_daily":false,"chose_seed":false,"campfire_upgraded":4,"win_rate":0,"timestamp":1553533648,"path_taken":["M","?","?","?","?","R","M","E","T","R","E","?","R","$","R","BOSS"],"build_version":"2019-01-23","purchased_purges":1,"victory":false,"max_hp_per_floor":[71,71,71,71,71,71,71,71,71,71,71,71,71,71,71,71],"card_choices":[{"not_picked":["Rebound","Coolheaded"],"picked":"Doom and Gloom","floor":1},{"not_picked":["Turbo","Barrage"],"picked":"Coolheaded","floor":7},{"not_picked":["Steam","Go for the Eyes"],"picked":"Recycle","floor":8},{"not_picked":["Barrage","Compile Driver","Coolheaded"],"picked":"SKIP","floor":11},{"not_picked":["Barrage","Coolheaded"],"picked":"Compile Driver","floor":11}],"player_experience":4630288,"relics_obtained":[{"floor":8,"key":"Bottled Lightning"},{"floor":9,"key":"Oddly Smooth Stone"},{"floor":11,"key":"Orichalcum"}],"event_choices":[{"damage_healed":0,"gold_gain":0,"cards_transformed":["Strike_B"],"player_choice":"Change","damage_taken":0,"max_hp_gain":0,"max_hp_loss":0,"event_name":"Living Wall","floor":2,"gold_loss":0,"cards_obtained":["Chill"]},{"damage_healed":0,"gold_gain":0,"player_choice":"Entered Light","damage_taken":21,"max_hp_gain":0,"max_hp_loss":0,"event_name":"Shining Light","floor":3,"gold_loss":0,"cards_upgraded":["Defend_B","Chill"]},{"damage_healed":0,"gold_gain":0,"player_choice":"Ignored","damage_taken":0,"max_hp_gain":0,"max_hp_loss":0,"event_name":"Liars Game","floor":4,"gold_loss":0},{"damage_healed":0,"gold_gain":0,"player_choice":"Success","damage_taken":5,"relics_obtained":["Boot"],"max_hp_gain":0,"max_hp_loss":0,"event_name":"Scrap Ooze","floor":5,"gold_loss":0},{"cards_removed":["Strike_B"],"damage_healed":0,"gold_gain":0,"player_choice":"Card Removal","damage_taken":0,"max_hp_gain":0,"max_hp_loss":0,"event_name":"The Cleric","floor":12,"gold_loss":75}],"is_beta":false,"boss_relics":[],"items_purged_floors":[14],"is_endless":false,"potions_floor_spawned":[],"killed_by":"Slime Boss","ascension_level":20}