{"gold_per_floor":[116,130,205,205,12,41,41,73,100,275,289,309,309,309,309,309],"floor_reached":16,"playtime":1064,"items_purged":[],"score":198,"play_id":"3a124140-6e3c-4360-aff0-a65e1fc27f54","local_time":"20190430204455","is_ascension_mode":true,"campfire_choices":[{"data":"Feel No Pain","floor":13,"key":"SMITH"},{"floor":15,"key":"REST"}],"neow_cost":"NONE","seed_source_timestamp":1652581436323455,"circlet_count":0,"master_deck":["AscendersBane","Strike_R","Strike_R","Strike_R","Strike_R","Strike_R","Defend_R","Defend_R","Defend_R","Defend_R","Bash","Feel No Pain","Feel No Pain","Transmutation+1","Feel No Pain+1","Feed","Doubt","Sentinel"],"special_seed":0,"relics":["Burning Blood","Juzu Bracelet","Orichalcum","Smiling Mask","Golden Idol"],"potions_floor_usage":[11],"damage_taken":[{"damage":4.0,"enemies":"2 Louse","floor":1.0,"turns":4.0},{"damage":0.0,"enemies":"Small Slimes","floor":2.0,"turns":3.0},{"damage":3.0,"enemies":"3 Sentries","floor":6.0,"turns":17.0},{"damage":32.0,"enemies":"Lagavulin","floor":8.0,"turns":8.0},{"damage":5,"enemies":"Cultist","floor":11,"turns":5},{"damage":6,"enemies":"2 Fungi Beasts","floor":12,"turns":3},{"damage":69,"enemies":"The Guardian","floor":16,"turns":13}],"seed_played":"5888911513795605322","potions_obtained":[{"floor":1.0,"key":"SkillPotion"},{"floor":2.0,"key":"Explosive Potion"}],"is_trial":false,"path_per_floor":["M","M","?","?","$","E","?","E","T","?","M","M","R","?","R","B"],"character_chosen":"IRONCLAD","items_purchased":["Transmutation"],"campfire_rested":1,"item_purchase_floors":[5],"current_hp_per_floor":[82,88,77,77,77,80,80,54,54,54,58,62,62,39,67,0],"gold":309,"neow_bonus":"TEN_PERCENT_HP_BONUS","is_prod":false,"is_daily":false,"chose_seed":false,"campfire_upgraded":1,"win_rate":0,"timestamp":1556646295,"path_taken":["M","M","?","?","$","E","?","E","T","?","M","M","R","?","R","BOSS"],"build_version":"2019-01-23","purchased_purges":0,"victory":false,"max_hp_per_floor":[88,88,88,88,88,88,88,88,88,88,91,95,95,95,95,95],"card_choices":[{"not_picked":["Headbutt","Fire Breathing"],"picked":"Feel No Pain","floor":1.0},{"not_picked":["Searing Blow","Body Slam"],"picked":"Feel No Pain","floor":2.0},{"not_picked":["Wild Strike","Cleave"],"picked":"Feel No Pain","floor":6.0},{"not_picked":["Thunderclap","Headbutt"],"picked":"Feed","floor":8.0},{"not_picked":["Hemokinesis","Searing Blow"],"picked":"Sentinel","floor":11},{"not_picked":["Iron Wave","Entrench","Dropkick"],"picked":"SKIP","floor":12}],"player_experience":1276957,"relics_obtained":[{"floor":6.0,"key":"Juzu Bracelet"},{"floor":8.0,"key":"Orichalcum"},{"floor":9.0,"key":"Smiling Mask"}],"event_choices":[{"damage_healed":0.0,"max_hp_gain":0.0,"max_hp_loss":0.0,"gold_gain":75.0,"event_name":"World of Goop","player_choice":"Gather Gold","floor":3.0,"gold_loss":0.0,"damage_taken":11.0},{"damage_healed":0.0,"max_hp_gain":0.0,"max_hp_loss":0.0,"gold_gain":0.0,"event_name":"The Woman in Blue","player_choice":"Bought 0 Potions","floor":4.0,"gold_loss":0.0,"damage_taken":0.0},{"damage_healed":0.0,"max_hp_gain":0.0,"max_hp_loss":0.0,"gold_gain":0.0,"event_name":"Living Wall","player_choice":"Grow","floor":7.0,"gold_loss":0.0,"damage_taken":0.0,"cards_upgraded":["Transmutation"]},{"damage_healed":0.0,"max_hp_gain":0.0,"max_hp_loss":0.0,"gold_gain":175.0,"event_name":"Liars Game","player_choice":"AGREE","floor":10.0,"gold_loss":0.0,"damage_taken":0.0,"cards_obtained":["Doubt"]},{"damage_healed":0,"gold_gain":0,"player_choice":"Take Damage","damage_taken":23,"relics_obtained":["Golden Idol"],"max_hp_gain":0,"max_hp_loss":0,"event_name":"Golden Idol","floor":14,"gold_loss":0}],"is_beta":false,"boss_relics":[],"items_purged_floors":[],"is_endless":false,"potions_floor_spawned":[1,2],"killed_by":"The Guardian","ascension_level":12}