{"gold_per_floor":[111,111,129,229,86,101,130,148,178,5,23,23,38,50,50,50],"floor_reached":16,"playtime":1223,"items_purged":["Strike_G","Strike_G"],"score":151,"play_id":"9202d308-f77d-438c-a490-969aa3bd53ff","local_time":"20190113201717","is_ascension_mode":true,"campfire_choices":[{"floor":12.0,"key":"REST"},{"data":"Envenom","floor":15,"key":"SMITH"}],"neow_cost":"NONE","seed_source_timestamp":278275509052892,"circlet_count":0,"master_deck":["Defend_G","Defend_G","Defend_G","Defend_G","Defend_G","Strike_G","Strike_G","Survivor","Neutralize","Quick Slash","Slice","Blur","Bouncing Flask","Escape Plan","Underhanded Strike","Deadly Poison","Crippling Poison","Blur","Outmaneuver","Envenom+1"],"special_seed":0,"relics":["Ring of the Snake","NeowsBlessing","Blood Vial","Tiny Chest"],"potions_floor_usage":[16,16],"damage_taken":[{"damage":0.0,"enemies":"Jaw Worm","floor":1.0,"turns":1.0},{"damage":0.0,"enemies":"2 Louse","floor":3.0,"turns":1.0},{"damage":0.0,"enemies":"Cultist","floor":6.0,"turns":1.0},{"damage":51.0,"enemies":"Gremlin Nob","floor":7.0,"turns":5.0},{"damage":4.0,"enemies":"Red Slaver","floor":8.0,"turns":4.0},{"damage":0.0,"enemies":"2 Fungi Beasts","floor":11.0,"turns":3.0},{"damage":1.0,"enemies":"Looter","floor":13.0,"turns":4.0},{"damage":2,"enemies":"Lots of Slimes","floor":14,"turns":5},{"damage":36,"enemies":"Slime Boss","floor":16,"turns":8}],"seed_played":"-5962571476869604876","potions_obtained":[{"floor":1.0,"key":"SmokeBomb"},{"floor":7.0,"key":"LiquidBronze"},{"floor":11.0,"key":"Fire Potion"},{"floor":13.0,"key":"Block Potion"}],"is_trial":false,"path_per_floor":["M","?","M","?","$","M","E","M","T","$","M","R","M","M","R","B"],"character_chosen":"THE_SILENT","items_purchased":["Bouncing Flask","Crippling Poison"],"campfire_rested":1,"item_purchase_floors":[5,10],"current_hp_per_floor":[63,63,63,63,63,63,12,10,10,10,12,33,34,34,34,0],"gold":50,"neow_bonus":"THREE_ENEMY_KILL","is_prod":false,"is_daily":false,"chose_seed":false,"campfire_upgraded":1,"win_rate":0,"timestamp":1547378237,"path_taken":["M","?","M","?","$","?","E","M","T","?","M","R","M","M","R","BOSS"],"build_version":"2019-01-10","purchased_purges":2,"victory":false,"max_hp_per_floor":[70,70,70,70,70,70,70,70,70,70,70,70,70,70,70,70],"card_choices":[{"not_picked":["Acrobatics","Deflect"],"picked":"Quick Slash","floor":1.0},{"not_picked":["Sucker Punch","Quick Slash"],"picked":"Blur","floor":3.0},{"not_picked":["Calculated Gamble","Poisoned Stab"],"picked":"Escape Plan","floor":6.0},{"not_picked":["Predator","Caltrops"],"picked":"Underhanded Strike","floor":7.0},{"not_picked":["Terror","Acrobatics"],"picked":"Deadly Poison","floor":8.0},{"not_picked":["Underhanded Strike","Calculated Gamble"],"picked":"Blur","floor":11.0},{"not_picked":["Choke","Cloak And Dagger"],"picked":"Outmaneuver","floor":13.0},{"not_picked":["Acrobatics","Concentrate"],"picked":"Envenom","floor":14}],"player_experience":363716,"relics_obtained":[{"floor":7.0,"key":"Blood Vial"},{"floor":9.0,"key":"Tiny Chest"}],"event_choices":[{"damage_healed":0.0,"max_hp_gain":0.0,"max_hp_loss":0.0,"gold_gain":0.0,"cards_transformed":["Strike_G"],"event_name":"Living Wall","player_choice":"Change","floor":2.0,"gold_loss":0.0,"damage_taken":0.0,"cards_obtained":["Slice"]},{"damage_healed":0.0,"max_hp_gain":0.0,"max_hp_loss":0.0,"gold_gain":100.0,"event_name":"Golden Shrine","player_choice":"Pray","floor":4.0,"gold_loss":0.0,"damage_taken":0.0}],"is_beta":false,"boss_relics":[],"items_purged_floors":[5,10],"is_endless":false,"potions_floor_spawned":[1,7,11,13],"killed_by":"Slime Boss","ascension_level":9}