{"gold_per_floor":[115,115,130,130,144,144,176,176,176,176,49,65,65,80,80,153,153,163,163,182,192,264,264,282,282,282,282,332,350,26,43,43,120,120,131,131,6,23,23,23],"floor_reached":40,"playtime":1050,"items_purged":["Strike_B","Consume","Doom and Gloom+1"],"score":872,"play_id":"26d3bdc8-ba98-4416-a64e-6d5a82c6fe16","local_time":"20190501014828","is_ascension_mode":true,"campfire_choices":[{"data":"Zap","floor":6.0,"key":"SMITH"},{"data":"Doom and Gloom","floor":8.0,"key":"SMITH"},{"floor":10.0,"key":"REST"},{"floor":15.0,"key":"REST"},{"data":"Redo","floor":23.0,"key":"SMITH"},{"data":"Double Energy","floor":27.0,"key":"SMITH"},{"floor":32.0,"key":"REST"}],"neow_cost":"PERCENT_DAMAGE","seed_source_timestamp":858523061288600,"circlet_count":0,"master_deck":["AscendersBane","Zap+1","Dualcast","Redo+1","Electrodynamics","Streamline","FTL","Chill","Chill","Double Energy+1","Steam","Fission"],"special_seed":0,"relics":["Cracked Core","Mercury Hourglass","Unceasing Top","Pandora\u0027s Box","Cables","Sundial","TheAbacus","Sozu"],"potions_floor_usage":[],"damage_taken":[{"damage":7.0,"enemies":"Jaw Worm","floor":1.0,"turns":3.0},{"damage":0.0,"enemies":"Cultist","floor":3.0,"turns":3.0},{"damage":2.0,"enemies":"Small Slimes","floor":5.0,"turns":3.0},{"damage":50.0,"enemies":"3 Sentries","floor":7.0,"turns":7.0},{"damage":20.0,"enemies":"Gremlin Gang","floor":12.0,"turns":2.0},{"damage":15.0,"enemies":"Exordium Wildlife","floor":14.0,"turns":3.0},{"damage":0.0,"enemies":"Slime Boss","floor":16.0,"turns":5.0},{"damage":7.0,"enemies":"Spheric Guardian","floor":18.0,"turns":3.0},{"damage":1.0,"enemies":"3 Byrds","floor":20.0,"turns":2.0},{"damage":22.0,"enemies":"Cultist and Chosen","floor":21.0,"turns":4.0},{"damage":6.0,"enemies":"3 Cultists","floor":24.0,"turns":3.0},{"damage":9.0,"enemies":"Shelled Parasite and Fungi","floor":29.0,"turns":4.0},{"damage":13.0,"enemies":"Snake Plant","floor":31.0,"turns":2.0},{"damage":17,"enemies":"Collector","floor":33,"turns":6},{"damage":0,"enemies":"3 Darklings","floor":35,"turns":2},{"damage":0,"enemies":"3 Shapes","floor":38,"turns":2},{"damage":73,"enemies":"Nemesis","floor":40,"turns":4}],"seed_played":"2539231656536305723","potions_obtained":[{"floor":3.0,"key":"Strength Potion"},{"floor":14.0,"key":"Strength Potion"},{"floor":18.0,"key":"Energy Potion"},{"floor":21.0,"key":"Weak Potion"}],"is_trial":false,"path_per_floor":["M","?","M","?","M","R","E","R","T","R","$","M","?","M","R","B",null,"M","?","M","M","T","R","M","?","T","R","?","M","$","M","R","B",null,"M","?","$","M","?","E"],"character_chosen":"DEFECT","items_purchased":["Redo","TheAbacus"],"campfire_rested":3,"item_purchase_floors":[11,30],"current_hp_per_floor":[39,32,32,71,69,69,19,19,19,40,40,20,20,5,26,26,60,53,53,52,30,30,30,24,24,24,24,24,15,15,2,23,6,55,55,55,55,55,60,0],"gold":23,"neow_bonus":"REMOVE_TWO","is_prod":false,"is_daily":false,"chose_seed":false,"campfire_upgraded":4,"win_rate":0,"timestamp":1556642908,"path_taken":["M","?","M","?","?","R","E","R","T","R","$","M","?","?","R","BOSS","M","?","?","M","?","R","?","?","T","R","?","?","$","M","R","BOSS","M","?","$","M","?","E"],"build_version":"2019-01-23","purchased_purges":3,"victory":false,"max_hp_per_floor":[71,71,71,71,71,71,71,71,71,71,71,71,71,71,71,71,71,71,71,71,71,71,71,71,71,71,71,71,71,71,71,71,71,71,71,67,67,67,67,67],"card_choices":[{"not_picked":["Steam","Heatsinks","Coolheaded"],"picked":"SKIP","floor":1.0},{"not_picked":["Rebound","Turbo"],"picked":"Doom and Gloom","floor":3.0},{"not_picked":["Barrage","Blizzard","Stack"],"picked":"SKIP","floor":5.0},{"not_picked":["Rebound","Stack","Gash"],"picked":"SKIP","floor":7.0},{"not_picked":["Stack","Gash"],"picked":"Rebound","floor":7.0},{"not_picked":["Ball Lightning","Hologram"],"picked":"Consume","floor":12.0},{"not_picked":["Doom and Gloom","Skim","Rebound"],"picked":"SKIP","floor":14.0},{"not_picked":["Capacitor","Stack","Hologram"],"picked":"SKIP","floor":18.0},{"not_picked":["Skim","Compile Driver","Stack"],"picked":"SKIP","floor":20.0},{"not_picked":["Turbo","Go for the Eyes"],"picked":"Double Energy","floor":21.0},{"not_picked":["Leap","Rip and Tear","Compile Driver+1"],"picked":"SKIP","floor":24.0},{"not_picked":["Conserve Battery","Rebound","Steam Power"],"picked":"SKIP","floor":29.0},{"not_picked":["Glacier","Streamline"],"picked":"Steam","floor":31.0},{"not_picked":["Electrodynamics","Buffer"],"picked":"Fission","floor":33},{"not_picked":["Gash","Fusion","Turbo+1"],"picked":"SKIP","floor":35},{"not_picked":["Hologram","Conserve Battery","Storm"],"picked":"SKIP","floor":38}],"player_experience":4881674,"relics_obtained":[{"floor":9.0,"key":"Mercury Hourglass"},{"floor":22.0,"key":"Cables"},{"floor":26.0,"key":"Sundial"}],"event_choices":[{"cards_removed":["Defend_B"],"damage_healed":0.0,"max_hp_gain":0.0,"max_hp_loss":0.0,"gold_gain":0.0,"event_name":"Golden Wing","player_choice":"Card Removal","floor":2.0,"gold_loss":0.0,"damage_taken":7.0},{"damage_healed":39.0,"max_hp_gain":0.0,"max_hp_loss":0.0,"gold_gain":0.0,"event_name":"Wheel of Change","player_choice":"Full Heal","floor":4.0,"gold_loss":0.0,"damage_taken":0.0},{"damage_healed":0.0,"max_hp_gain":0.0,"max_hp_loss":0.0,"gold_gain":0.0,"event_name":"WeMeetAgain","player_choice":"Gave Potion","floor":13.0,"gold_loss":0.0,"damage_taken":0.0,"relics_obtained":["Unceasing Top"]},{"damage_healed":0.0,"max_hp_gain":0.0,"max_hp_loss":0.0,"gold_gain":0.0,"event_name":"Duplicator","player_choice":"Copied","floor":19.0,"gold_loss":0.0,"damage_taken":0.0,"cards_obtained":["Chill"]},{"damage_healed":0.0,"max_hp_gain":0.0,"max_hp_loss":0.0,"gold_gain":0.0,"event_name":"The Mausoleum","player_choice":"Ignored","floor":25.0,"gold_loss":0.0,"damage_taken":0.0},{"damage_healed":0.0,"max_hp_gain":0.0,"max_hp_loss":0.0,"gold_gain":50.0,"event_name":"Golden Shrine","player_choice":"Pray","floor":28.0,"gold_loss":0.0,"damage_taken":0.0},{"damage_healed":0,"gold_gain":0,"player_choice":"Max HP","damage_taken":0,"max_hp_gain":0,"max_hp_loss":4,"event_name":"Winding Halls","floor":36,"gold_loss":0},{"cards_removed":["Rebound"],"damage_healed":5,"gold_gain":0,"player_choice":"Offered Common","damage_taken":0,"max_hp_gain":0,"max_hp_loss":0,"event_name":"Bonfire Elementals","floor":39,"gold_loss":0},{"cards_removed":["Rebound"],"damage_healed":5,"gold_gain":0,"player_choice":"Offered Special","damage_taken":0,"max_hp_gain":0,"max_hp_loss":0,"event_name":"Bonfire Elementals","floor":39,"gold_loss":0}],"is_beta":false,"boss_relics":[{"not_picked":["Eternal Feather","Runic Dome"],"picked":"Pandora\u0027s Box"},{"not_picked":["Velvet Choker","Inserter"],"picked":"Sozu"}],"items_purged_floors":[11,30,37],"is_endless":false,"potions_floor_spawned":[3,14,18,21,38],"killed_by":"Nemesis","ascension_level":20}