{"gold_per_floor":[113,113,123,123,178,209,209,15,15,44,44,44,62,105,105,105],"floor_reached":16,"playtime":673,"items_purged":[],"score":247,"play_id":"d45121e2-d016-4078-a1bf-71025c47a4bb","local_time":"20190304072240","is_ascension_mode":true,"campfire_choices":[{"data":"Skewer","floor":7,"key":"SMITH"},{"data":"Neutralize","floor":11,"key":"SMITH"},{"data":"Noxious Fumes","floor":15,"key":"SMITH"}],"neow_cost":"NONE","seed_source_timestamp":369474033291565,"circlet_count":0,"master_deck":["AscendersBane","Defend_G","Defend_G","Defend_G","Defend_G","Defend_G","Strike_G","Strike_G","Strike_G","Strike_G","Strike_G","Survivor","Neutralize+1","Skewer+1","Predator","Backflip","Dagger Spray","Noxious Fumes+1"],"relics":["Ring of the Snake","NeowsBlessing","Letter Opener","Membership Card","Pear","Golden Idol","Blood Vial"],"potions_floor_usage":[10,14],"damage_taken":[{"damage":0,"enemies":"Jaw Worm","floor":1,"turns":1},{"damage":0,"enemies":"Cultist","floor":3,"turns":1},{"damage":0,"enemies":"Lagavulin","floor":6,"turns":1},{"damage":25,"enemies":"3 Sentries","floor":10,"turns":8},{"damage":1,"enemies":"2 Louse","floor":13,"turns":2},{"damage":17,"enemies":"Lagavulin","floor":14,"turns":7},{"damage":49,"enemies":"Hexaghost","floor":16,"turns":10}],"seed_played":"-742326782665571364","potions_obtained":[{"floor":1,"key":"Regen Potion"},{"floor":3,"key":"SteroidPotion"},{"floor":14,"key":"Dexterity Potion"}],"is_trial":false,"path_per_floor":["M","?","M","$","?","E","R","$","T","E","R","?","M","E","R","B"],"character_chosen":"THE_SILENT","items_purchased":["Membership Card"],"campfire_rested":0,"item_purchase_floors":[8],"current_hp_per_floor":[59,66,66,66,66,66,66,66,66,65,65,65,64,47,47,0],"gold":105,"neow_bonus":"THREE_ENEMY_KILL","is_prod":false,"is_daily":false,"chose_seed":false,"campfire_upgraded":3,"win_rate":0,"timestamp":1551651760,"path_taken":["M","?","M","?","?","E","R","$","T","E","R","?","M","E","R","BOSS"],"build_version":"2019-02-06","purchased_purges":0,"victory":false,"max_hp_per_floor":[66,66,66,66,66,66,66,66,66,76,76,69,69,69,69,69],"card_choices":[{"not_picked":["Prepared","Underhanded Strike"],"picked":"Skewer","floor":1},{"not_picked":["Backflip","Distraction"],"picked":"Predator","floor":3},{"not_picked":["Outmaneuver","Accuracy","Slice"],"picked":"SKIP","floor":6},{"not_picked":["Dodge and Roll","Flying Knee"],"picked":"Backflip","floor":10},{"not_picked":["Bane","Prepared"],"picked":"Dagger Spray","floor":13},{"not_picked":["Backflip","Setup"],"picked":"Noxious Fumes","floor":14}],"player_experience":2636411,"relics_obtained":[{"floor":6,"key":"Letter Opener"},{"floor":10,"key":"Pear"},{"floor":14,"key":"Blood Vial"}],"event_choices":[{"damage_healed":7,"gold_gain":0,"player_choice":"Full Heal","damage_taken":0,"max_hp_gain":0,"max_hp_loss":0,"event_name":"Wheel of Change","floor":2,"gold_loss":0},{"damage_healed":0,"gold_gain":55,"player_choice":"Gained Gold","damage_taken":0,"max_hp_gain":0,"max_hp_loss":0,"event_name":"Golden Wing","floor":5,"gold_loss":0},{"damage_healed":0,"gold_gain":0,"player_choice":"Lose Max HP","damage_taken":0,"relics_obtained":["Golden Idol"],"max_hp_gain":0,"max_hp_loss":7,"event_name":"Golden Idol","floor":12,"gold_loss":0}],"is_beta":true,"boss_relics":[],"items_purged_floors":[],"is_endless":false,"potions_floor_spawned":[1,3,14],"killed_by":"Hexaghost","ascension_level":15}