{"gold_per_floor":[117,133,151,151,163,188,188,199,223,223,243,243,259,206,206,280,280,298,298],"floor_reached":19,"playtime":1037,"items_purged":[],"score":282,"play_id":"dfec95e3-48ae-4584-9aa7-0d24ae34bc3f","local_time":"20190507190432","is_ascension_mode":true,"campfire_choices":[{"data":"Warcry","floor":7,"key":"SMITH"},{"floor":10,"key":"REST"},{"floor":15,"key":"REST"}],"neow_cost":"NONE","seed_source_timestamp":2251450041786432,"circlet_count":0,"master_deck":["AscendersBane","Strike_R","Strike_R","Strike_R","Strike_R","Strike_R","Defend_R","Defend_R","Defend_R","Defend_R","Bash","Shrug It Off","Warcry+1","Shockwave","Headbutt","Havoc","Warcry","Demon Form","Sword Boomerang","Demon Form","Warcry+1"],"relics":["Burning Blood","Paper Frog","Potion Belt","Vajra","Black Star"],"potions_floor_usage":[6,8],"damage_taken":[{"damage":6,"enemies":"Cultist","floor":1,"turns":3},{"damage":7,"enemies":"Jaw Worm","floor":2,"turns":4},{"damage":5,"enemies":"2 Louse","floor":3,"turns":3},{"damage":3,"enemies":"Looter","floor":5,"turns":3},{"damage":27,"enemies":"Lagavulin","floor":6,"turns":6},{"damage":16,"enemies":"Exordium Wildlife","floor":8,"turns":7},{"damage":25,"enemies":"Exordium Thugs","floor":11,"turns":5},{"damage":8,"enemies":"Blue Slaver","floor":13,"turns":2},{"damage":22,"enemies":"Slime Boss","floor":16,"turns":10},{"damage":44,"enemies":"Shell Parasite","floor":18,"turns":7},{"damage":0,"enemies":"Spheric Guardian","floor":19,"turns":2}],"seed_played":"1137498609533533515","potions_obtained":[{"floor":2,"key":"SkillPotion"},{"floor":6,"key":"Energy Potion"},{"floor":13,"key":"Ancient Potion"}],"is_trial":false,"path_per_floor":["M","M","M","?","M","E","R","M","T","R","M","$","M","$","R","B",null,"M","M"],"character_chosen":"IRONCLAD","items_purchased":["Sword Boomerang"],"campfire_rested":2,"item_purchase_floors":[14],"current_hp_per_floor":[80,79,80,77,80,59,59,49,49,75,56,56,54,54,80,64,82,44,44],"gold":298,"neow_bonus":"TEN_PERCENT_HP_BONUS","is_prod":false,"is_daily":false,"chose_seed":false,"campfire_upgraded":1,"win_rate":0,"timestamp":1557245072,"path_taken":["M","?","?","?","M","E","R","M","T","R","M","$","M","$","R","BOSS","M","M"],"build_version":"2019-01-23","purchased_purges":0,"victory":false,"max_hp_per_floor":[88,88,88,88,88,88,88,88,88,88,88,88,88,88,88,88,88,88,88],"card_choices":[{"not_picked":["Sword Boomerang","Cleave"],"picked":"Shrug It Off","floor":1},{"not_picked":["Armaments","Iron Wave"],"picked":"Warcry","floor":2},{"not_picked":["Carnage","Body Slam"],"picked":"Shockwave","floor":3},{"not_picked":["True Grit","Shrug It Off"],"picked":"Headbutt","floor":5},{"not_picked":["Power Through","Armaments","Twin Strike"],"picked":"SKIP","floor":6},{"not_picked":["Sword Boomerang","Clash"],"picked":"Havoc","floor":8},{"not_picked":["Iron Wave","Cleave"],"picked":"Warcry","floor":11},{"not_picked":["Perfected Strike","Clash"],"picked":"Demon Form","floor":13},{"not_picked":["Impervious","Immolate"],"picked":"Demon Form","floor":16},{"not_picked":["Twin Strike","Body Slam"],"picked":"Warcry+1","floor":18}],"player_experience":1306571,"relics_obtained":[{"floor":6,"key":"Potion Belt"},{"floor":9,"key":"Vajra"}],"event_choices":[{"damage_healed":0,"gold_gain":0,"player_choice":"Success","damage_taken":3,"relics_obtained":["Paper Frog"],"max_hp_gain":0,"max_hp_loss":0,"event_name":"Scrap Ooze","floor":4,"gold_loss":0}],"is_beta":false,"boss_relics":[{"not_picked":["Busted Crown","Runic Dome"],"picked":"Black Star"}],"items_purged_floors":[],"is_endless":false,"potions_floor_spawned":[2,6,13],"killed_by":"Spheric Guardian","ascension_level":13}