{"gold_per_floor":[142,153,167,181,195,195,214,214,214,80,80,93,109,59,59,133,133,148,43,43,53,53,53,53],"floor_reached":24,"playtime":1083,"items_purged":["Strike_G","Strike_G","Strike_G"],"score":352,"play_id":"24eb52ad-6793-4356-adeb-fea56e2aa02e","local_time":"20190419195947","is_ascension_mode":true,"campfire_choices":[{"data":"Neutralize","floor":6.0,"key":"SMITH"},{"data":"Finisher","floor":8.0,"key":"SMITH"},{"data":"Footwork","floor":11.0,"key":"SMITH"},{"data":"Cloak And Dagger","floor":15.0,"key":"SMITH"},{"floor":23.0,"key":"REST"}],"neow_cost":"NONE","seed_source_timestamp":618893601680933,"circlet_count":0,"master_deck":["AscendersBane","Defend_G","Defend_G","Defend_G","Defend_G","Defend_G","Survivor","Neutralize+1","Flying Knee","Backstab","Finisher+1","Dagger Spray","Tools of the Trade","Footwork+1","Blade Dance","Cloak And Dagger+1","Night Terror","Calculated Gamble"],"special_seed":0,"relics":["Ring of the Snake","Tiny Chest","Smiling Mask","Empty Cage","Question Card"],"potions_floor_usage":[24,24],"damage_taken":[{"damage":7.0,"enemies":"Cultist","floor":1.0,"turns":4.0},{"damage":1.0,"enemies":"Small Slimes","floor":2.0,"turns":4.0},{"damage":2.0,"enemies":"Jaw Worm","floor":3.0,"turns":3.0},{"damage":9.0,"enemies":"Red Slaver","floor":4.0,"turns":6.0},{"damage":0.0,"enemies":"Looter","floor":5.0,"turns":3.0},{"damage":8.0,"enemies":"Large Slime","floor":7.0,"turns":6.0},{"damage":0.0,"enemies":"Blue Slaver","floor":12.0,"turns":5.0},{"damage":7.0,"enemies":"Exordium Thugs","floor":13.0,"turns":5.0},{"damage":3.0,"enemies":"Slime Boss","floor":16.0,"turns":8.0},{"damage":12.0,"enemies":"3 Byrds","floor":18.0,"turns":6.0},{"damage":17.0,"enemies":"Spheric Guardian","floor":21.0,"turns":4.0},{"damage":45,"enemies":"Book of Stabbing","floor":24,"turns":11}],"seed_played":"-5365879831830992829","potions_obtained":[{"floor":1.0,"key":"SpeedPotion"},{"floor":3.0,"key":"Strength Potion"},{"floor":13.0,"key":"Ancient Potion"}],"is_trial":false,"path_per_floor":["M","M","M","M","M","R","M","R","T","$","R","M","M","$","R","B",null,"M","$","?","M","T","R","E"],"character_chosen":"THE_SILENT","items_purchased":["Footwork","SpeedPotion"],"campfire_rested":1,"item_purchase_floors":[10,19],"current_hp_per_floor":[52,51,49,40,40,40,32,32,32,32,32,32,25,25,25,22,55,43,43,43,26,26,45,0],"gold":53,"neow_bonus":"RANDOM_COMMON_RELIC","is_prod":false,"is_daily":false,"chose_seed":false,"campfire_upgraded":4,"win_rate":0,"timestamp":1555671587,"path_taken":["M","M","M","M","M","R","M","R","T","$","R","M","?","$","R","BOSS","M","$","?","M","?","R","E"],"build_version":"2019-04-04","purchased_purges":3,"victory":false,"max_hp_per_floor":[66,66,66,66,66,66,66,66,66,66,66,66,66,66,66,66,66,66,66,66,66,66,66,66],"card_choices":[{"not_picked":["Slice","Poisoned Stab"],"picked":"Flying Knee","floor":1.0},{"not_picked":["Flying Knee","Bane"],"picked":"Backstab","floor":2.0},{"not_picked":["Dagger Throw","Bouncing Flask"],"picked":"Finisher","floor":3.0},{"not_picked":["Dagger Throw","Masterful Stab"],"picked":"Dagger Spray","floor":4.0},{"not_picked":["Accuracy","Blade Dance","Poisoned Stab"],"picked":"SKIP","floor":5.0},{"not_picked":["Terror","Quick Slash"],"picked":"Tools of the Trade","floor":7.0},{"not_picked":["Expertise","Quick Slash"],"picked":"Blade Dance","floor":12.0},{"not_picked":["Escape Plan","Flying Knee"],"picked":"Cloak And Dagger","floor":13.0},{"not_picked":["Storm of Steel","Grand Finale"],"picked":"Night Terror","floor":16.0},{"not_picked":["Bane","Deadly Poison","Slice"],"picked":"SKIP","floor":18.0},{"not_picked":["Setup","Bane"],"picked":"Calculated Gamble","floor":21.0}],"player_experience":2986673,"relics_obtained":[{"floor":9.0,"key":"Smiling Mask"},{"floor":22.0,"key":"Question Card"}],"event_choices":[{"damage_healed":0.0,"max_hp_gain":0.0,"max_hp_loss":0.0,"gold_gain":0.0,"event_name":"Ghosts","player_choice":"Ignored","floor":20.0,"gold_loss":0.0,"damage_taken":0.0}],"is_beta":true,"boss_relics":[{"not_picked":["Busted Crown","Velvet Choker"],"picked":"Empty Cage"}],"items_purged_floors":[10,14,19],"is_endless":false,"potions_floor_spawned":[1,3,5,7,13],"killed_by":"Book of Stabbing","ascension_level":17}