{"gold_per_floor":[109,184,198,218,237,237,266,266,266,285,300,327,327,14,14,91,91,106,119,138,138,156,156,156,156,156,56,74,84,119,119,119,119],"floor_reached":33,"playtime":795,"items_purged":["Strike_B","Defend_B"],"score":558,"play_id":"a2c99c79-6288-493a-bc2c-831b165ca3ce","local_time":"20190525121321","is_ascension_mode":true,"campfire_choices":[{"data":"Static Discharge","floor":6,"key":"SMITH"},{"floor":8,"key":"REST"},{"data":"Static Discharge","floor":15,"key":"SMITH"},{"floor":23,"key":"REST"},{"data":"Self Repair","floor":25,"key":"SMITH"},{"floor":32,"key":"REST"}],"neow_cost":"NONE","seed_source_timestamp":217546177389300,"circlet_count":0,"master_deck":["AscendersBane","Defend_B","Defend_B","Zap","Dualcast","Chill","Conserve Battery","Cold Snap","Static Discharge+1","Ball Lightning","Streamline","Self Repair+1","Beam Cell","Static Discharge+1","Sunder+1","Blizzard+1","Electrodynamics+1","Consume+1","Self Repair","Electrodynamics","Leap"],"relics":["Cracked Core","Singing Bowl","Symbiotic Virus","Lantern","Astrolabe","Enchiridion","Molten Egg 2","Smiling Mask","Oddly Smooth Stone"],"potions_floor_usage":[10,12,16,22,22,22],"damage_taken":[{"damage":5,"enemies":"Jaw Worm","floor":1,"turns":4},{"damage":3,"enemies":"2 Louse","floor":3,"turns":3},{"damage":0,"enemies":"Cultist","floor":4,"turns":4},{"damage":4,"enemies":"Exordium Thugs","floor":5,"turns":7},{"damage":28,"enemies":"Gremlin Nob","floor":7,"turns":4},{"damage":0,"enemies":"3 Louse","floor":10,"turns":1},{"damage":2,"enemies":"Blue Slaver","floor":11,"turns":4},{"damage":7,"enemies":"3 Sentries","floor":12,"turns":7},{"damage":40,"enemies":"Slime Boss","floor":16,"turns":9},{"damage":0,"enemies":"Spheric Guardian","floor":18,"turns":3},{"damage":1,"enemies":"3 Byrds","floor":19,"turns":1},{"damage":28,"enemies":"Centurion and Healer","floor":20,"turns":2},{"damage":13,"enemies":"Chosen and Byrds","floor":22,"turns":4},{"damage":8,"enemies":"Cultist and Chosen","floor":28,"turns":3},{"damage":5,"enemies":"Snecko","floor":29,"turns":3},{"damage":16,"enemies":"Slavers","floor":30,"turns":2},{"damage":56,"enemies":"Collector","floor":33,"turns":6}],"seed_played":"-8668510743502643034","potions_obtained":[{"floor":1,"key":"Explosive Potion"},{"floor":7,"key":"SpeedPotion"},{"floor":11,"key":"Block Potion"},{"floor":16,"key":"SkillPotion"},{"floor":20,"key":"EntropicBrew"},{"floor":29,"key":"Explosive Potion"}],"is_trial":false,"path_per_floor":["M","?","M","M","M","R","E","R","T","M","M","E","?","$","R","B",null,"M","M","M","?","M","R","?","R","T","$","M","M","E","T","R","B"],"character_chosen":"DEFECT","items_purchased":["Lantern","Static Discharge"],"campfire_rested":3,"item_purchase_floors":[14,14],"current_hp_per_floor":[59,48,45,45,41,41,13,34,34,34,39,41,41,41,41,10,59,66,65,39,18,19,42,42,42,42,42,34,31,17,17,41,0],"gold":119,"neow_bonus":"TRANSFORM_CARD","is_prod":false,"is_daily":false,"chose_seed":false,"campfire_upgraded":3,"win_rate":0,"timestamp":1558754001,"path_taken":["M","?","M","M","M","R","E","R","T","M","M","E","?","$","R","BOSS","M","M","M","?","M","R","?","R","T","$","?","M","E","?","R","BOSS"],"build_version":"2019-01-23","purchased_purges":2,"victory":false,"max_hp_per_floor":[71,71,71,71,71,71,71,71,71,71,71,73,73,73,73,75,75,75,75,77,77,77,77,77,77,77,77,77,79,81,81,81,81],"card_choices":[{"not_picked":["Force Field","Coolheaded"],"picked":"Conserve Battery","floor":1},{"not_picked":["Redo","Genetic Algorithm"],"picked":"Cold Snap","floor":3},{"not_picked":["Chaos","Loop"],"picked":"Static Discharge","floor":4},{"not_picked":["Capacitor","Compile Driver"],"picked":"Ball Lightning","floor":5},{"not_picked":["Go for the Eyes","Scrape"],"picked":"Streamline","floor":7},{"not_picked":["Hologram","Static Discharge"],"picked":"Self Repair","floor":10},{"not_picked":["Ball Lightning","Barrage"],"picked":"Beam Cell","floor":11},{"not_picked":["Rebound","Gash","Hello World"],"picked":"Singing Bowl","floor":12},{"not_picked":["Hyperbeam","Buffer","Multi-Cast"],"picked":"Singing Bowl","floor":16},{"not_picked":["Rebound","Go for the Eyes"],"picked":"Consume","floor":18},{"not_picked":["Rebound","Barrage"],"picked":"Self Repair","floor":19},{"not_picked":["Force Field","Compile Driver","Redo"],"picked":"Singing Bowl","floor":20},{"not_picked":["Reprogram+1","Hello World"],"picked":"Electrodynamics","floor":22},{"not_picked":["Coolheaded","Ball Lightning+1"],"picked":"Leap","floor":28},{"not_picked":["Sweeping Beam+1","Loop","Stack"],"picked":"Singing Bowl","floor":29},{"not_picked":["Sweeping Beam+1","Fusion","Redo"],"picked":"Singing Bowl","floor":30}],"player_experience":5153002,"relics_obtained":[{"floor":7,"key":"Singing Bowl"},{"floor":12,"key":"Symbiotic Virus"},{"floor":21,"key":"Enchiridion"},{"floor":26,"key":"Molten Egg 2"},{"floor":30,"key":"Smiling Mask"},{"floor":31,"key":"Oddly Smooth Stone"}],"event_choices":[{"damage_healed":0,"gold_gain":75,"player_choice":"Gather Gold","damage_taken":11,"max_hp_gain":0,"max_hp_loss":0,"event_name":"World of Goop","floor":2,"gold_loss":0},{"damage_healed":0,"gold_gain":0,"player_choice":"Ignored","damage_taken":0,"max_hp_gain":0,"max_hp_loss":0,"event_name":"Liars Game","floor":13,"gold_loss":0},{"damage_healed":0,"gold_gain":0,"player_choice":"Obtained Book","damage_taken":21,"max_hp_gain":0,"max_hp_loss":0,"event_name":"Cursed Tome","floor":21,"gold_loss":0},{"damage_healed":0,"gold_gain":0,"player_choice":"Upgraded","damage_taken":0,"max_hp_gain":0,"max_hp_loss":0,"event_name":"Upgrade Shrine","floor":24,"gold_loss":0,"cards_upgraded":["Consume"]}],"is_beta":false,"boss_relics":[{"not_picked":["Philosopher\u0027s Stone","Ectoplasm"],"picked":"Astrolabe"}],"items_purged_floors":[14,27],"is_endless":false,"potions_floor_spawned":[1,7,11,16,20,29,30],"killed_by":"Collector","ascension_level":20}