{"path_per_floor":["M","M","$","M","M","E","R","E","T","M","R","?","R","?","R","B",null,"M","$","M","?","?","R"],"character_chosen":"THE_SILENT","items_purchased":["Dagger Throw","Concentrate","Masterful Stab"],"gold_per_floor":[117,132,33,43,58,91,91,117,117,134,134,134,134,134,134,238,238,222,14,26,26,26,26],"floor_reached":24,"campfire_rested":5,"playtime":1234,"current_hp_per_floor":[70,70,70,70,70,37,58,7,7,7,28,28,49,49,70,5,70,51,51,50,37,37,59],"items_purged":["Strike_G","Normality"],"gold":26,"score":214,"play_id":"6b61cce6-27de-4eaa-9bff-5246c746aed4","local_time":"20180314215247","is_prod":false,"is_daily":false,"is_ascension_mode":true,"campfire_upgraded":0,"timestamp":1521057167,"path_taken":["M","M","$","M","M","E","R","E","T","M","R","?","R","?","R","BOSS","M","$","M","?","?","R","E"],"build_version":"2018-03-09","purchased_purges":2,"victory":false,"master_deck":["Defend_G","Defend_G","Defend_G","Defend_G","Strike_G","Strike_G","Strike_G","Strike_G","Survivor","Neutralize","Reflex","Unload","Dagger Throw","Prepared","Infinite Blades","Slice","Slice","Eviscerate","Adrenaline","Pain","Parasite","Tactician+1","Concentrate+1","Masterful Stab","Blur+1"],"max_hp_per_floor":[70,70,70,70,70,70,70,70,70,70,70,70,70,70,70,70,70,70,70,70,75,75,75],"relics":["Ring of the Snake","NeowsBlessing","Bag of Preparation","Letter Opener","Juzu Bracelet","Calling Bell","Orichalcum","Meat on the Bone","Toxic Egg 2"],"card_choices":[{"not_picked":["Backflip","Sucker Punch"],"picked":"Reflex"},{"not_picked":["Sucker Punch","Bane"],"picked":"Unload"},{"not_picked":["Backstab","Flying Knee"],"picked":"Prepared"},{"not_picked":["Poisoned Stab","Dodge and Roll"],"picked":"Infinite Blades"},{"not_picked":["Envenom","Catalyst"],"picked":"Slice"},{"not_picked":["All Out Attack","Flechettes"],"picked":"Slice"},{"not_picked":["Backflip","Poisoned Stab"],"picked":"Eviscerate"},{"not_picked":["Burst","Corpse Explosion"],"picked":"Adrenaline"},{"not_picked":["Blade Dance","Acrobatics"],"picked":"Tactician"}],"player_experience":299110,"potions_floor_usage":[5,16,16,20,24],"damage_taken":[{"damage":0,"enemies":"Small Slimes","floor":1,"turns":1},{"damage":0,"enemies":"Jaw Worm","floor":2,"turns":1},{"damage":0,"enemies":"2 Louse","floor":4,"turns":1},{"damage":0,"enemies":"2 Fungi Beasts","floor":5,"turns":2},{"damage":33,"enemies":"Gremlin Nob","floor":6,"turns":5},{"damage":51,"enemies":"Lagavulin","floor":8,"turns":7},{"damage":0,"enemies":"Blue Slaver","floor":10,"turns":3},{"damage":65,"enemies":"Hexaghost","floor":16,"turns":11},{"damage":19,"enemies":"2 Thieves","floor":18,"turns":4},{"damage":1,"enemies":"Spheric Guardian","floor":20,"turns":3},{"damage":59,"enemies":"Slavers","floor":24,"turns":5}],"event_choices":[{"event_name":"Dead Adventurer","player_choice":"Searched \u00270\u0027 times","floor":12,"damage_taken":0},{"event_name":"Shining Light","player_choice":"Ignored","floor":14,"damage_taken":0},{"event_name":"Forgotten Altar","player_choice":"Shed Blood","floor":21,"damage_taken":0},{"event_name":"Transmorgrifier","player_choice":"Transform","floor":22,"damage_taken":0}],"boss_relics":[{"not_picked":["Runic Pyramid","The Specimen"],"picked":"Calling Bell"}],"potions_floor_spawned":[1,5,8,16,18],"seed_played":"6196479859094865483","killed_by":"Slavers","ascension_level":1,"is_trial":false}