{"gold_per_floor":[110,110,110,110,122,149,149,149,149,149,172,172,212,34,34,133,133,153,0,19,19,19,19,19],"floor_reached":24,"playtime":948,"items_purged":["Strike_R"],"score":416,"play_id":"ccddaa9b-629f-4c74-99d6-a977577d33f8","local_time":"20190503224820","is_ascension_mode":true,"campfire_choices":[{"data":"Armaments","floor":7.0,"key":"SMITH"},{"data":"Disarm","floor":12.0,"key":"SMITH"},{"floor":15.0,"key":"REST"},{"floor":23,"key":"REST"}],"neow_cost":"NONE","seed_source_timestamp":625846905371652,"circlet_count":0,"master_deck":["AscendersBane","Strike_R","Strike_R","Strike_R","Defend_R","Defend_R","Defend_R","Defend_R","Bash","Armaments+1","Ghostly Armor","Disarm+1","Impervious","Dropkick","True Grit","Juggernaut","Headbutt","Flame Barrier"],"special_seed":0,"relics":["Burning Blood","NeowsBlessing","Pear","Dodecahedron","Golden Idol","Sundial","Happy Flower","Singing Bowl","Lizard Tail"],"potions_floor_usage":[24],"damage_taken":[{"damage":0.0,"enemies":"Small Slimes","floor":1.0,"turns":1.0},{"damage":0.0,"enemies":"Cultist","floor":5.0,"turns":1.0},{"damage":0.0,"enemies":"Gremlin Nob","floor":6.0,"turns":1.0},{"damage":0.0,"enemies":"Jaw Worm","floor":11.0,"turns":4.0},{"damage":37.0,"enemies":"3 Sentries","floor":13.0,"turns":13.0},{"damage":31.0,"enemies":"The Guardian","floor":16.0,"turns":20.0},{"damage":26.0,"enemies":"Chosen","floor":18.0,"turns":8.0},{"damage":14,"enemies":"2 Thieves","floor":20,"turns":4},{"damage":123,"enemies":"Slavers","floor":24,"turns":8}],"seed_played":"3949448542696249283","potions_obtained":[{"floor":6.0,"key":"GamblersBrew"},{"floor":16.0,"key":"SkillPotion"},{"floor":20,"key":"FearPotion"}],"is_trial":false,"path_per_floor":["M","?","?","?","M","E","R","?","T","?","M","R","E","$","R","B",null,"M","?","M","?","$","R","E"],"character_chosen":"IRONCLAD","items_purchased":["Dropkick","True Grit"],"campfire_rested":2,"item_purchase_floors":[14,14],"current_hp_per_floor":[74,66,66,66,72,78,78,49,49,49,55,55,24,24,49,24,70,50,50,42,42,42,67,0],"gold":19,"neow_bonus":"THREE_ENEMY_KILL","is_prod":false,"is_daily":false,"chose_seed":false,"campfire_upgraded":2,"win_rate":0,"timestamp":1556891300,"path_taken":["M","?","?","?","M","E","R","?","T","?","M","R","E","$","R","BOSS","M","?","M","?","$","R","E"],"build_version":"2019-04-23","purchased_purges":1,"victory":false,"max_hp_per_floor":[75,85,85,85,85,85,85,85,85,85,85,85,85,85,85,85,85,85,85,85,85,85,85,85],"card_choices":[{"not_picked":["Body Slam","Flex"],"picked":"Armaments","floor":1.0},{"not_picked":["Heavy Blade","Clash","Burning Pact"],"picked":"SKIP","floor":5.0},{"not_picked":["Twin Strike","Wild Strike"],"picked":"Ghostly Armor","floor":6.0},{"not_picked":["Clothesline","Feel No Pain"],"picked":"Disarm","floor":11.0},{"not_picked":["Iron Wave","Second Wind"],"picked":"Impervious","floor":13.0},{"not_picked":["Exhume","Double Tap"],"picked":"Juggernaut","floor":16.0},{"not_picked":["Warcry","Clash"],"picked":"Headbutt","floor":18.0},{"not_picked":["Wild Strike","Fire Breathing"],"picked":"Flame Barrier","floor":20}],"player_experience":3149384,"relics_obtained":[{"floor":6.0,"key":"Dodecahedron"},{"floor":9.0,"key":"Sundial"},{"floor":13.0,"key":"Singing Bowl"}],"event_choices":[{"damage_healed":0.0,"max_hp_gain":0.0,"max_hp_loss":0.0,"gold_gain":0.0,"event_name":"Scrap Ooze","player_choice":"Success","floor":2.0,"gold_loss":0.0,"damage_taken":18.0,"relics_obtained":["Pear"]},{"damage_healed":0.0,"max_hp_gain":0.0,"max_hp_loss":0.0,"gold_gain":0.0,"event_name":"Liars Game","player_choice":"Ignored","floor":3.0,"gold_loss":0.0,"damage_taken":0.0},{"cards_removed":["Strike_R"],"damage_healed":0.0,"max_hp_gain":0.0,"max_hp_loss":0.0,"gold_gain":0.0,"event_name":"Living Wall","player_choice":"Forget","floor":4.0,"gold_loss":0.0,"damage_taken":0.0},{"damage_healed":0.0,"max_hp_gain":0.0,"max_hp_loss":0.0,"gold_gain":0.0,"event_name":"Golden Idol","player_choice":"Take Damage","floor":8.0,"gold_loss":0.0,"damage_taken":29.0,"relics_obtained":["Golden Idol"]},{"damage_healed":0.0,"max_hp_gain":0.0,"max_hp_loss":0.0,"gold_gain":0.0,"event_name":"WeMeetAgain","player_choice":"Gave Potion","floor":10.0,"gold_loss":0.0,"damage_taken":0.0,"relics_obtained":["Happy Flower"]},{"damage_healed":0,"gold_gain":0,"player_choice":"Paid Fearfully","damage_taken":0,"max_hp_gain":0,"max_hp_loss":0,"event_name":"Masked Bandits","floor":19,"gold_loss":153},{"damage_healed":0,"gold_gain":0,"player_choice":"Ignored","damage_taken":0,"max_hp_gain":0,"max_hp_loss":0,"event_name":"Cursed Tome","floor":21,"gold_loss":0}],"is_beta":true,"boss_relics":[{"not_picked":["Eternal Feather","Philosopher\u0027s Stone"],"picked":"Lizard Tail"}],"items_purged_floors":[14],"is_endless":false,"potions_floor_spawned":[6,16,20],"killed_by":"Slavers","ascension_level":17}