{"gold_per_floor":[218,21,36,46,61,61,80,80,126,142,153,169,244,255,255,358,358,371,371,390,407,177,208,208,224,224,239,250,250,262,274,274,274],"floor_reached":33,"playtime":3742,"items_purged":["Strike_G"],"score":269,"play_id":"b6283cbb-8ee8-459f-a22b-484d2670467f","local_time":"20181128002646","is_ascension_mode":false,"campfire_choices":[{"data":"Finisher","floor":6.0,"key":"SMITH"},{"data":"Neutralize","floor":8.0,"key":"SMITH"},{"floor":15.0,"key":"REST"},{"data":"PiercingWail","floor":24,"key":"SMITH"},{"data":"Bullet Time","floor":29,"key":"SMITH"},{"floor":32,"key":"REST"}],"neow_cost":"NONE","seed_source_timestamp":0,"circlet_count":0,"master_deck":["Defend_G+1","Defend_G","Defend_G","Defend_G+1","Defend_G","Strike_G","Strike_G","Strike_G","Strike_G","Survivor","Neutralize+1","Deflect","Deadly Poison","Finisher+1","Noxious Fumes","Deadly Poison","Flying Knee","Prepared","PiercingWail+1","Bouncing Flask","Bouncing Flask+1","Prepared+1","Bane","Bullet Time+1"],"special_seed":0,"relics":["Ring of the Snake","War Paint","Oddly Smooth Stone","White Beast Statue","Orichalcum","Mercury Hourglass","Frozen Egg 2"],"potions_floor_usage":[16,16,18,18,21,23,27,28,30,33,33],"damage_taken":[{"damage":10.0,"enemies":"Cultist","floor":1.0,"turns":4.0},{"damage":0.0,"enemies":"Jaw Worm","floor":3.0,"turns":5.0},{"damage":0.0,"enemies":"Small Slimes","floor":4.0,"turns":3.0},{"damage":0.0,"enemies":"Looter","floor":5.0,"turns":3.0},{"damage":7.0,"enemies":"Lots of Slimes","floor":7.0,"turns":6.0},{"damage":0.0,"enemies":"2 Fungi Beasts","floor":10.0,"turns":4.0},{"damage":1.0,"enemies":"Looter","floor":11.0,"turns":3.0},{"damage":10.0,"enemies":"Exordium Thugs","floor":12.0,"turns":6.0},{"damage":9.0,"enemies":"Blue Slaver","floor":14.0,"turns":2.0},{"damage":35,"enemies":"The Guardian","floor":16,"turns":9},{"damage":6,"enemies":"Shell Parasite","floor":18,"turns":6},{"damage":7,"enemies":"3 Byrds","floor":20,"turns":6},{"damage":3,"enemies":"Snecko","floor":21,"turns":5},{"damage":17,"enemies":"Book of Stabbing","floor":23,"turns":6},{"damage":13,"enemies":"Cultist and Chosen","floor":25,"turns":6},{"damage":3,"enemies":"Centurion and Healer","floor":27,"turns":6},{"damage":2,"enemies":"Snecko","floor":28,"turns":4},{"damage":20,"enemies":"Snake Plant","floor":30,"turns":5},{"damage":19,"enemies":"Cultist and Chosen","floor":31,"turns":7},{"damage":39,"enemies":"Champ","floor":33,"turns":3}],"seed_played":"-2073125981080401030","potions_obtained":[{"floor":1.0,"key":"GhostInAJar"},{"floor":7.0,"key":"AttackPotion"},{"floor":10.0,"key":"FearPotion"},{"floor":18,"key":"Fruit Juice"},{"floor":20,"key":"AttackPotion"},{"floor":21,"key":"Weak Potion"},{"floor":23,"key":"FairyPotion"},{"floor":25,"key":"Energy Potion"},{"floor":27,"key":"FearPotion"},{"floor":28,"key":"SkillPotion"},{"floor":30,"key":"Strength Potion"},{"floor":31,"key":"SteroidPotion"}],"is_trial":false,"path_per_floor":["M","$","M","M","M","R","M","R","T","M","M","M","?","M","R","B",null,"M","?","M","M","$","E","R","M","T","M","M","R","M","M","R","B"],"character_chosen":"THE_SILENT","items_purchased":["War Paint","Deadly Poison","Orichalcum"],"campfire_rested":2,"item_purchase_floors":[2,2,22],"current_hp_per_floor":[60,60,60,60,60,60,53,53,53,53,52,42,31,22,43,8,70,69,69,62,59,59,42,42,29,29,26,24,24,4,3,25,0],"gold":274,"neow_bonus":"HUNDRED_GOLD","is_prod":false,"is_daily":false,"chose_seed":false,"campfire_upgraded":4,"win_rate":0.0,"timestamp":1543332406,"path_taken":["M","$","?","M","M","R","M","R","T","M","M","M","?","M","R","BOSS","M","?","?","M","$","E","R","M","T","M","M","R","M","M","R","BOSS"],"build_version":"2018-11-15","purchased_purges":1,"victory":false,"max_hp_per_floor":[70,70,70,70,70,70,70,70,70,70,70,70,70,70,70,70,70,75,75,75,75,75,75,75,75,75,75,75,75,75,75,75,75],"card_choices":[{"not_picked":["Reflex","Terror"],"picked":"Deflect","floor":1.0},{"not_picked":["Backflip","Outmaneuver"],"picked":"Finisher","floor":3.0},{"not_picked":["Skewer","Sucker Punch"],"picked":"Noxious Fumes","floor":4.0},{"not_picked":["Slice","Choke"],"picked":"Deadly Poison","floor":5.0},{"not_picked":["Dodge and Roll","Slice"],"picked":"Flying Knee","floor":7.0},{"not_picked":["Dagger Throw","Dodge and Roll"],"picked":"Prepared","floor":10.0},{"not_picked":["Crippling Poison","Riddle With Holes","Infinite Blades"],"picked":"SKIP","floor":11.0},{"not_picked":["Dagger Throw","Sucker Punch","Acrobatics"],"picked":"SKIP","floor":12.0},{"not_picked":["Skewer","Dagger Throw"],"picked":"PiercingWail","floor":14.0},{"not_picked":["Crippling Poison","Distraction"],"picked":"Bouncing Flask","floor":18},{"not_picked":["Poisoned Stab+1","Deadly Poison"],"picked":"Bouncing Flask+1","floor":20},{"not_picked":["Dagger Throw+1","Eviscerate+1"],"picked":"Prepared+1","floor":21},{"not_picked":["Dagger Spray","Leg Sweep+1","Dagger Throw"],"picked":"SKIP","floor":23},{"not_picked":["Underhanded Strike","Dagger Throw+1"],"picked":"Bane","floor":25},{"not_picked":["Acrobatics","Underhanded Strike","Sucker Punch"],"picked":"SKIP","floor":27},{"not_picked":["Backflip","Poisoned Stab+1"],"picked":"Bullet Time","floor":28},{"not_picked":["PiercingWail","Acrobatics","Riddle With Holes+1"],"picked":"SKIP","floor":30},{"not_picked":["Endless Agony+1","Acrobatics","Masterful Stab"],"picked":"SKIP","floor":31}],"player_experience":41858,"relics_obtained":[{"floor":9.0,"key":"Oddly Smooth Stone"},{"floor":23,"key":"Mercury Hourglass"},{"floor":26,"key":"Frozen Egg 2"}],"event_choices":[{"damage_healed":0.0,"max_hp_gain":0.0,"max_hp_loss":0.0,"gold_gain":75.0,"event_name":"World of Goop","player_choice":"Gather Gold","floor":13.0,"gold_loss":0.0,"damage_taken":11.0},{"damage_healed":0,"gold_gain":0,"player_choice":"Bought 0 Potions","damage_taken":0,"max_hp_gain":0,"max_hp_loss":0,"event_name":"The Woman in Blue","floor":19,"gold_loss":0}],"is_beta":false,"boss_relics":[{"not_picked":["HoveringKite","Philosopher\u0027s Stone"],"picked":"White Beast Statue"}],"items_purged_floors":[22],"is_endless":false,"potions_floor_spawned":[1,7,10,12,14,18,20,21,23,25,27,28,30,31],"killed_by":"Champ","ascension_level":0}