{"gold_per_floor":[109,72,28,42,42,75,75,225,225,225,238,248,248,248,248,248],"floor_reached":16,"playtime":599,"items_purged":[],"score":186,"play_id":"05781c33-27c1-46b4-859a-3e7fa156779d","local_time":"20190524155551","is_ascension_mode":true,"campfire_choices":[{"floor":7,"key":"REST"},{"floor":10,"key":"REST"},{"data":"Enlightenment","floor":13,"key":"SMITH"},{"data":"Carnage","floor":15,"key":"SMITH"}],"neow_cost":"CURSE","seed_source_timestamp":259496059366868,"circlet_count":0,"master_deck":["AscendersBane","Strike_R","Strike_R","Strike_R","Strike_R","Strike_R","Defend_R","Defend_R","Defend_R","Defend_R","Bash","Secret Weapon","Enlightenment+1","Shame","Seeing Red","Carnage+1","Seeing Red","Armaments","Doubt","Headbutt","Rage"],"relics":["Burning Blood","Mango","Letter Opener"],"potions_floor_usage":[6,11],"damage_taken":[{"damage":3,"enemies":"Cultist","floor":1,"turns":3},{"damage":19,"enemies":"Small Slimes","floor":4,"turns":4},{"damage":50,"enemies":"3 Sentries","floor":6,"turns":11},{"damage":2,"enemies":"2 Louse","floor":11,"turns":2},{"damage":30,"enemies":"Looter","floor":12,"turns":4},{"damage":74,"enemies":"Hexaghost","floor":16,"turns":9}],"seed_played":"1984964677417967139","potions_obtained":[{"floor":1,"key":"BloodPotion"},{"floor":6,"key":"Fire Potion"}],"is_trial":false,"path_per_floor":["M","$","$","M","?","E","R","?","T","R","M","M","R","?","R","B"],"character_chosen":"IRONCLAD","items_purchased":["Carnage","Seeing Red"],"campfire_rested":2,"item_purchase_floors":[2,3],"current_hp_per_floor":[71,71,71,58,58,35,61,61,61,87,89,65,65,70,70,0],"gold":248,"neow_bonus":"RANDOM_COLORLESS_2","is_prod":false,"is_daily":false,"chose_seed":false,"campfire_upgraded":2,"win_rate":0,"timestamp":1558702551,"path_taken":["M","?","$","?","?","E","R","?","T","R","M","M","R","?","R","BOSS"],"build_version":"2019-01-23","purchased_purges":0,"victory":false,"max_hp_per_floor":[75,75,75,75,75,89,89,89,89,89,89,89,89,94,94,94],"card_choices":[{"not_picked":["Cleave","Headbutt"],"picked":"Seeing Red","floor":1},{"not_picked":["Cleave","True Grit","Heavy Blade"],"picked":"SKIP","floor":4},{"not_picked":["Rage","True Grit"],"picked":"Armaments","floor":6},{"not_picked":["Thunderclap","Rampage"],"picked":"Headbutt","floor":11},{"not_picked":["Iron Wave","Clash"],"picked":"Rage","floor":12}],"player_experience":1397656,"relics_obtained":[{"floor":6,"key":"Mango"},{"floor":9,"key":"Letter Opener"}],"event_choices":[{"damage_healed":0,"gold_gain":0,"player_choice":"Ignored","damage_taken":0,"max_hp_gain":0,"max_hp_loss":0,"event_name":"Shining Light","floor":5,"gold_loss":0},{"damage_healed":0,"gold_gain":150,"player_choice":"AGREE","damage_taken":0,"max_hp_gain":0,"max_hp_loss":0,"event_name":"Liars Game","floor":8,"gold_loss":0,"cards_obtained":["Doubt"]},{"damage_healed":0,"gold_gain":0,"player_choice":"Donut","damage_taken":0,"max_hp_gain":5,"max_hp_loss":0,"event_name":"Big Fish","floor":14,"gold_loss":0}],"is_beta":false,"boss_relics":[],"items_purged_floors":[],"is_endless":false,"potions_floor_spawned":[1,6],"killed_by":"Hexaghost","ascension_level":18}