{"gold_per_floor":[214,19,19,31,51,51,62,62,62,62,80,105,124,140,140,238,238,253,10,29,44,63,63,76,76,100,100,118,118,142,157,157,260,260,271,285,41,59,8,8,8,27,27,27,42,42,62,62,62,62],"floor_reached":50,"playtime":5702,"items_purged":["Strike_R"],"score":450,"play_id":"22914af0-7b08-47d2-9d61-84317752f35c","local_time":"20181128234534","is_ascension_mode":false,"campfire_choices":[{"data":"Iron Wave","floor":6,"key":"SMITH"},{"data":"Sword Boomerang","floor":8,"key":"SMITH"},{"data":"Bash","floor":10,"key":"SMITH"},{"data":"Infernal Blade","floor":15,"key":"SMITH"},{"data":"Juggernaut","floor":23,"key":"SMITH"},{"data":"Rage","floor":25,"key":"SMITH"},{"data":"Flex","floor":27,"key":"SMITH"},{"data":"Entrench","floor":32,"key":"SMITH"},{"floor":40,"key":"REST"},{"data":"Impervious","floor":44,"key":"SMITH"},{"floor":49,"key":"REST"}],"neow_cost":"NONE","seed_source_timestamp":175007514392461,"circlet_count":0,"master_deck":["Strike_R","Strike_R","Strike_R","Strike_R","Defend_R","Defend_R","Defend_R","Defend_R","Bash+1","Rage+1","Impervious+1","Iron Wave+1","Entrench+1","Sword Boomerang+1","Anger","Flex+1","Iron Wave+1","Infernal Blade+1","Sword Boomerang+1","Juggernaut+1","Seeing Red+1","Twin Strike+1","Pommel Strike+1","Armaments+1","Pommel Strike+1","Heavy Blade+1","Perfected Strike+1","Infernal Blade+1","Writhe","Iron Wave+1","Swift Strike+1"],"relics":["Black Blood","Molten Egg 2","Nunchaku","Runic Pyramid","Bottled Tornado","Potion Belt","MutagenicStrength","Bronze Scales","PreservedInsect","Gremlin Horn"],"potions_floor_usage":[12,12,16,33,33,33,33,38,38,38,42],"damage_taken":[{"damage":11,"enemies":"Jaw Worm","floor":1,"turns":2},{"damage":0,"enemies":"Small Slimes","floor":4,"turns":3},{"damage":0,"enemies":"2 Louse","floor":5,"turns":4},{"damage":11,"enemies":"Lots of Slimes","floor":7,"turns":6},{"damage":1,"enemies":"Exordium Wildlife","floor":11,"turns":5},{"damage":14,"enemies":"Gremlin Nob","floor":12,"turns":5},{"damage":0,"enemies":"3 Louse","floor":13,"turns":4},{"damage":10,"enemies":"Gremlin Gang","floor":14,"turns":4},{"damage":46,"enemies":"The Guardian","floor":16,"turns":11},{"damage":0,"enemies":"3 Byrds","floor":18,"turns":6},{"damage":0,"enemies":"Spheric Guardian","floor":20,"turns":3},{"damage":11,"enemies":"Cultist and Chosen","floor":21,"turns":5},{"damage":10,"enemies":"Centurion and Healer","floor":22,"turns":5},{"damage":6,"enemies":"Snake Plant","floor":24,"turns":4},{"damage":3,"enemies":"Cultist and Chosen","floor":28,"turns":4},{"damage":0,"enemies":"Sentry and Sphere","floor":31,"turns":4},{"damage":56,"enemies":"Automaton","floor":33,"turns":10},{"damage":37,"enemies":"3 Darklings","floor":35,"turns":3},{"damage":26,"enemies":"3 Shapes","floor":36,"turns":4},{"damage":6,"enemies":"Sphere and 2 Shapes","floor":38,"turns":5},{"damage":24,"enemies":"Jaw Worm Horde","floor":42,"turns":3},{"damage":26,"enemies":"Spire Growth","floor":45,"turns":4},{"damage":24,"enemies":"Maw","floor":47,"turns":8},{"damage":76,"enemies":"Awakened One","floor":50,"turns":7}],"seed_played":"-7321462422479958285","potions_obtained":[{"floor":5,"key":"LiquidBronze"},{"floor":7,"key":"SpeedPotion"},{"floor":13,"key":"FearPotion"},{"floor":16,"key":"BloodPotion"},{"floor":21,"key":"Swift Potion"},{"floor":24,"key":"FearPotion"},{"floor":31,"key":"SpeedPotion"},{"floor":35,"key":"Swift Potion"}],"is_trial":false,"path_per_floor":["M","$","?","M","M","R","M","R","T","R","M","E","M","M","R","B",null,"M","$","M","M","M","R","M","R","T","R","M","?","T","M","R","B",null,"M","M","$","M","$","R","$","M","T","R","M","?","M","?","R","B"],"character_chosen":"IRONCLAD","items_purchased":["Impervious","Iron Wave","Bottled Tornado","PreservedInsect","Fire Potion","AttackPotion","Block Potion"],"campfire_rested":2,"item_purchase_floors":[2,2,19,37,37,37,39],"current_hp_per_floor":[75,75,75,80,80,80,75,75,75,75,80,72,78,74,74,34,80,80,80,80,75,71,71,71,71,71,71,74,74,74,80,80,38,80,53,37,37,41,41,65,65,51,51,51,35,55,41,41,65,0],"gold":62,"neow_bonus":"HUNDRED_GOLD","is_prod":false,"is_daily":false,"chose_seed":false,"campfire_upgraded":9,"win_rate":0.0,"timestamp":1543416334,"path_taken":["M","$","?","M","M","R","M","R","T","R","M","E","M","M","R","BOSS","M","$","M","M","M","R","M","R","T","R","M","?","?","M","R","BOSS","M","M","$","M","$","R","$","M","T","R","M","?","M","?","R","BOSS"],"build_version":"2018-11-15","purchased_purges":1,"victory":false,"max_hp_per_floor":[80,80,80,80,80,80,80,80,80,80,80,80,80,80,80,80,80,80,80,80,80,80,80,80,80,80,80,80,80,80,80,80,80,80,80,80,80,80,80,80,80,80,80,80,80,80,80,80,80,80],"card_choices":[{"not_picked":["Warcry","Sword Boomerang"],"picked":"Rage","floor":1},{"not_picked":["True Grit","Sever Soul"],"picked":"Entrench","floor":4},{"not_picked":["Iron Wave","Clash"],"picked":"Sword Boomerang","floor":5},{"not_picked":["Uppercut","Shrug It Off"],"picked":"Anger","floor":7},{"not_picked":["Warcry","Fire Breathing"],"picked":"Flex","floor":11},{"not_picked":["Dropkick+1","Disarm"],"picked":"Iron Wave+1","floor":12},{"not_picked":["Clash+1","Carnage+1"],"picked":"Infernal Blade","floor":13},{"not_picked":["Perfected Strike+1","Limit Break"],"picked":"Sword Boomerang+1","floor":14},{"not_picked":["Berserk","Impervious"],"picked":"Juggernaut","floor":16},{"not_picked":["Armaments","Ghostly Armor"],"picked":"Seeing Red+1","floor":18},{"not_picked":["Warcry","Pummel+1"],"picked":"Twin Strike+1","floor":20},{"not_picked":["Warcry","Clothesline+1"],"picked":"Pommel Strike+1","floor":21},{"not_picked":["Perfected Strike+1","Carnage+1"],"picked":"Armaments+1","floor":22},{"not_picked":["Sword Boomerang+1","Shockwave"],"picked":"Pommel Strike+1","floor":24},{"not_picked":["Cleave+1","Dropkick+1","Dark Embrace"],"picked":"SKIP","floor":28},{"not_picked":["Thunderclap+1","Warcry"],"picked":"Heavy Blade+1","floor":31},{"not_picked":["Second Wind","Shockwave"],"picked":"Perfected Strike+1","floor":35},{"not_picked":["Heavy Blade+1","Whirlwind+1","Twin Strike+1"],"picked":"SKIP","floor":36},{"not_picked":["Power Through","Warcry","Anger+1"],"picked":"SKIP","floor":38},{"not_picked":["Shrug It Off+1","Cleave+1"],"picked":"Infernal Blade+1","floor":42},{"not_picked":["Thunderclap+1","Heavy Blade+1","Corruption+1"],"picked":"SKIP","floor":45},{"not_picked":["Body Slam+1","Combust"],"picked":"Iron Wave+1","floor":47},{"not_picked":["HandOfGreed+1","Purity"],"picked":"Swift Strike+1","floor":48}],"player_experience":48252,"relics_obtained":[{"floor":9,"key":"Molten Egg 2"},{"floor":12,"key":"Nunchaku"},{"floor":26,"key":"Potion Belt"},{"floor":30,"key":"Bronze Scales"},{"floor":43,"key":"Gremlin Horn"}],"event_choices":[{"damage_healed":0,"gold_gain":0,"player_choice":"Ignored","damage_taken":0,"max_hp_gain":0,"max_hp_loss":0,"event_name":"Liars Game","floor":3,"gold_loss":0},{"damage_healed":0,"gold_gain":0,"player_choice":"Inject Mutagens","damage_taken":0,"relics_obtained":["MutagenicStrength"],"max_hp_gain":0,"max_hp_loss":0,"event_name":"Drug Dealer","floor":29,"gold_loss":0},{"damage_healed":20,"gold_gain":0,"player_choice":"Writhe","damage_taken":0,"max_hp_gain":0,"max_hp_loss":0,"event_name":"Winding Halls","floor":46,"gold_loss":0,"cards_obtained":["Writhe"]},{"damage_healed":0,"gold_gain":0,"player_choice":"Memory 1","damage_taken":0,"max_hp_gain":0,"max_hp_loss":0,"event_name":"SensoryStone","floor":48,"gold_loss":0}],"is_beta":false,"boss_relics":[{"not_picked":["Black Star","Ectoplasm"],"picked":"Runic Pyramid"},{"not_picked":["Coffee Dripper","Eternal Feather"],"picked":"Black Blood"}],"items_purged_floors":[2],"is_endless":false,"potions_floor_spawned":[5,7,13,16,21,24,31,35],"killed_by":"Awakened One","ascension_level":0}