{"gold_per_floor":[117,62,62,76,156,192,192,231,231,231,231,250,72,96,96,96],"floor_reached":16,"playtime":780,"items_purged":[],"score":194,"play_id":"1b80df3c-9fd7-4188-a083-2b7cdda69d0a","local_time":"20190519132542","is_ascension_mode":true,"campfire_choices":[{"floor":7,"key":"REST"},{"floor":11,"key":"REST"},{"floor":15,"key":"REST"}],"neow_cost":"NONE","seed_source_timestamp":95230988396801,"circlet_count":0,"master_deck":["AscendersBane","Strike_R","Strike_R","Strike_R","Strike_R","Strike_R","Defend_R","Defend_R","Defend_R","Defend_R","Bash","Juggernaut","Clothesline","Pommel Strike","Injury","Clothesline","Uppercut","Body Slam","Decay","Battle Trance","Combust+1","Blood for Blood","Juggernaut+1"],"relics":["Burning Blood","Golden Idol","Bottled Flame","Frozen Egg 2","Question Card"],"potions_floor_usage":[6],"damage_taken":[{"damage":11,"enemies":"Small Slimes","floor":1,"turns":5},{"damage":6,"enemies":"2 Louse","floor":4,"turns":3},{"damage":40,"enemies":"Lagavulin","floor":6,"turns":8},{"damage":42,"enemies":"3 Sentries","floor":8,"turns":8},{"damage":4,"enemies":"Cultist","floor":12,"turns":3},{"damage":4,"enemies":"Large Slime","floor":14,"turns":5},{"damage":63,"enemies":"The Guardian","floor":16,"turns":9}],"seed_played":"64157764994830594","potions_obtained":[{"floor":4,"key":"Block Potion"}],"is_trial":false,"path_per_floor":["M","$","?","M","?","E","R","E","T","?","R","M","$","M","R","B"],"character_chosen":"IRONCLAD","items_purchased":["Pommel Strike","Combust+1","Blood for Blood"],"campfire_rested":3,"item_purchase_floors":[2,13,13],"current_hp_per_floor":[63,63,63,63,63,29,51,15,15,15,37,39,39,41,63,0],"gold":96,"neow_bonus":"ONE_RANDOM_RARE_CARD","is_prod":false,"is_daily":false,"chose_seed":false,"campfire_upgraded":0,"win_rate":0,"timestamp":1558261542,"path_taken":["M","$","?","M","?","E","R","E","T","?","R","M","$","?","R","BOSS"],"build_version":"2019-01-23","purchased_purges":0,"victory":false,"max_hp_per_floor":[75,75,75,75,75,75,75,75,75,75,75,75,75,75,75,75],"card_choices":[{"not_picked":["Perfected Strike","Heavy Blade"],"picked":"Clothesline","floor":1},{"not_picked":["Clash","Perfected Strike"],"picked":"Clothesline","floor":4},{"not_picked":["Sword Boomerang","Juggernaut"],"picked":"Uppercut","floor":6},{"not_picked":["Sword Boomerang","Iron Wave"],"picked":"Body Slam","floor":8},{"not_picked":["Iron Wave","Clothesline","Body Slam"],"picked":"Battle Trance","floor":12},{"not_picked":["Reckless Charge","Spot Weakness","Iron Wave"],"picked":"Juggernaut+1","floor":14}],"player_experience":1368010,"relics_obtained":[{"floor":6,"key":"Bottled Flame"},{"floor":8,"key":"Frozen Egg 2"},{"floor":9,"key":"Question Card"}],"event_choices":[{"damage_healed":0,"gold_gain":0,"player_choice":"Take Wound","damage_taken":0,"relics_obtained":["Golden Idol"],"max_hp_gain":0,"max_hp_loss":0,"event_name":"Golden Idol","floor":3,"gold_loss":0,"cards_obtained":["Injury"]},{"damage_healed":0,"gold_gain":80,"player_choice":"Gained Gold","damage_taken":0,"max_hp_gain":0,"max_hp_loss":0,"event_name":"Golden Wing","floor":5,"gold_loss":0},{"damage_healed":0,"gold_gain":0,"player_choice":"Cursed","damage_taken":0,"max_hp_gain":0,"max_hp_loss":0,"event_name":"Wheel of Change","floor":10,"gold_loss":0,"cards_obtained":["Decay"]}],"is_beta":false,"boss_relics":[],"items_purged_floors":[],"is_endless":false,"potions_floor_spawned":[4],"killed_by":"The Guardian","ascension_level":16}