{"gold_per_floor":[112,130,130,130,145,174,189,189,189,189],"floor_reached":10,"playtime":539,"items_purged":[],"score":95,"play_id":"45b3bb92-4df3-4247-87b8-1fa9a24989e2","local_time":"20190602112648","is_ascension_mode":true,"campfire_choices":[{"floor":8,"key":"REST"}],"neow_cost":"NONE","seed_source_timestamp":143777222493272,"circlet_count":0,"master_deck":["Strike_R","Strike_R","Strike_R","Strike_R","Defend_R","Defend_R","Defend_R","Defend_R","Bash","Pummel","Warcry","Thunderclap","Feel No Pain","Infernal Blade"],"relics":["Burning Blood","Boot","Paper Frog","Sundial","Mummified Hand"],"potions_floor_usage":[1],"damage_taken":[{"damage":7,"enemies":"2 Louse","floor":1,"turns":3},{"damage":2,"enemies":"Jaw Worm","floor":2,"turns":3},{"damage":12,"enemies":"Small Slimes","floor":5,"turns":3},{"damage":50,"enemies":"3 Sentries","floor":6,"turns":12},{"damage":3,"enemies":"3 Louse","floor":7,"turns":2},{"damage":41,"enemies":"Gremlin Gang","floor":10,"turns":3}],"seed_played":"3070530563495942944","potions_obtained":[{"floor":1,"key":"Fruit Juice"}],"is_trial":false,"path_per_floor":["M","M","?","?","M","E","M","R","T","M"],"character_chosen":"IRONCLAD","items_purchased":[],"campfire_rested":1,"item_purchase_floors":[],"current_hp_per_floor":[76,80,73,61,55,11,14,39,39,0],"gold":189,"neow_bonus":"RANDOM_COMMON_RELIC","is_prod":false,"is_daily":false,"chose_seed":false,"campfire_upgraded":0,"win_rate":0,"timestamp":1559489208,"path_taken":["M","M","?","?","M","E","M","R","T","M"],"build_version":"2019-01-23","purchased_purges":0,"victory":false,"max_hp_per_floor":[85,85,85,85,85,85,85,85,85,85],"card_choices":[{"not_picked":["Infernal Blade","Disarm"],"picked":"Pummel","floor":1},{"not_picked":["Twin Strike","Pommel Strike"],"picked":"Warcry","floor":2},{"not_picked":["Fire Breathing","Headbutt"],"picked":"Thunderclap","floor":5},{"not_picked":["Rampage","Wild Strike"],"picked":"Feel No Pain","floor":6},{"not_picked":["Sever Soul","Spot Weakness"],"picked":"Infernal Blade","floor":7}],"player_experience":355281,"relics_obtained":[{"floor":6,"key":"Sundial"},{"floor":9,"key":"Mummified Hand"}],"event_choices":[{"cards_removed":["Strike_R"],"damage_healed":0,"gold_gain":0,"player_choice":"Card Removal","damage_taken":7,"max_hp_gain":0,"max_hp_loss":0,"event_name":"Golden Wing","floor":3,"gold_loss":0},{"damage_healed":0,"gold_gain":0,"player_choice":"Success","damage_taken":12,"relics_obtained":["Paper Frog"],"max_hp_gain":0,"max_hp_loss":0,"event_name":"Scrap Ooze","floor":4,"gold_loss":0}],"is_beta":false,"boss_relics":[],"items_purged_floors":[],"is_endless":false,"potions_floor_spawned":[1],"killed_by":"Gremlin Gang","ascension_level":8}