{"gold_per_floor":[112,124,144,158,169,169,94,123,123,123,45,45,45,80,80,154,154,168,6,6,16,28,28,54,54,108,108,158,183,199,227,227,300,300,310,321,12,12,0,28,28,28,28,28,55,55,55,75,75,75,75,75,25,51,51],"floor_reached":55,"playtime":3002,"items_purged":["Strike_R","Strike_R","Strike_R+1","Bash"],"score":1423,"play_id":"c1b75841-ad83-4ada-a94e-67dad85b2e38","local_time":"20190420025619","is_ascension_mode":true,"campfire_choices":[{"data":"Uppercut","floor":6,"key":"SMITH"},{"floor":10,"key":"REST"},{"floor":12,"key":"REST"},{"data":"Evolve","floor":15,"key":"SMITH"},{"floor":23,"key":"REST"},{"data":"Anger","floor":25,"key":"SMITH"},{"data":"Iron Wave","floor":27,"key":"SMITH"},{"floor":32,"key":"REST"},{"data":"Reckless Charge","floor":42,"key":"SMITH"},{"floor":44,"key":"RECALL"},{"data":"Dropkick","floor":46,"key":"SMITH"},{"data":"Sword Boomerang","floor":49,"key":"SMITH"},{"data":"Defend_R","floor":52,"key":"SMITH"}],"neow_cost":"NONE","seed_source_timestamp":642057415698783,"circlet_count":0,"master_deck":["AscendersBane","Defend_R+1","Defend_R+1","Defend_R+1","Evolve+1","Uppercut+1","Iron Wave+1","Anger+1","Fiend Fire+1","Battle Trance+1","Warcry+1","Shrug It Off+1","Limit Break+1","Blood for Blood+1","Limit Break+1","Flame Barrier+1","Spot Weakness+1","Ghostly Armor+1","Body Slam+1","Impervious+1","Battle Trance+1","Dropkick+1","Exhume+1","Seeing Red+1","Reckless Charge+1","Shockwave+1","Discovery+1","Sword Boomerang+1"],"relics":["Burning Blood","Smiling Mask","Toxic Egg 2","War Paint","Astrolabe","Bag of Preparation","PreservedInsect","Bag of Marbles","Bottled Tornado","Kunai","Busted Crown","Lantern","Red Mask","Orichalcum","Mercury Hourglass","Strawberry","Du-Vu Doll"],"potions_floor_usage":[4,8,22,50,54],"damage_taken":[{"damage":2,"enemies":"Cultist","floor":1,"turns":4},{"damage":12,"enemies":"Small Slimes","floor":2,"turns":4},{"damage":1,"enemies":"2 Louse","floor":3,"turns":4},{"damage":33,"enemies":"Gremlin Gang","floor":4,"turns":8},{"damage":14,"enemies":"Blue Slaver","floor":5,"turns":4},{"damage":46,"enemies":"Lagavulin","floor":8,"turns":8},{"damage":7,"enemies":"3 Sentries","floor":14,"turns":5},{"damage":25,"enemies":"Slime Boss","floor":16,"turns":6},{"damage":20,"enemies":"Shell Parasite","floor":18,"turns":6},{"damage":6,"enemies":"3 Byrds","floor":21,"turns":4},{"damage":13,"enemies":"Snecko","floor":22,"turns":8},{"damage":17,"enemies":"Book of Stabbing","floor":29,"turns":6},{"damage":0,"enemies":"Snake Plant","floor":30,"turns":1},{"damage":25,"enemies":"Slavers","floor":31,"turns":6},{"damage":15,"enemies":"Champ","floor":33,"turns":11},{"damage":0,"enemies":"Orb Walker","floor":35,"turns":2},{"damage":0,"enemies":"3 Darklings","floor":36,"turns":3},{"damage":17,"enemies":"Giant Head","floor":40,"turns":7},{"damage":0,"enemies":"Reptomancer","floor":45,"turns":2},{"damage":1,"enemies":"4 Shapes","floor":48,"turns":4},{"damage":18,"enemies":"Donu and Deca","floor":50,"turns":5},{"damage":62,"enemies":"Shield and Spear","floor":54,"turns":6},{"damage":43,"enemies":"The Heart","floor":55,"turns":3}],"seed_played":"-3913964110677808827","potions_obtained":[{"floor":3,"key":"Block Potion"},{"floor":5,"key":"Regen Potion"},{"floor":16,"key":"SteroidPotion"},{"floor":21,"key":"Explosive Potion"},{"floor":30,"key":"Poison Potion"},{"floor":31,"key":"Block Potion"}],"is_trial":false,"path_per_floor":["M","M","M","M","M","R","$","E","T","R","$","R","?","E","R","B",null,"M","$","?","M","M","R","T","R","T","R","?","E","M","E","R","B",null,"M","M","$","?","?","E","$","R","T","R","E","R","?","M","R","B",null,"R","$","E","B"],"character_chosen":"IRONCLAD","items_purchased":["Shrug It Off","Warcry+1","Bag of Preparation","Lantern","Shockwave+1"],"campfire_rested":4,"item_purchase_floors":[7,11,19,37,37],"current_hp_per_floor":[72,66,71,44,36,36,36,11,11,33,33,55,32,31,31,12,59,45,45,45,45,38,60,60,60,60,60,60,49,55,36,58,49,69,75,75,75,75,75,64,64,64,64,64,77,77,67,72,72,60,77,77,77,21,0],"gold":51,"neow_bonus":"RANDOM_COMMON_RELIC","is_prod":false,"is_daily":false,"chose_seed":false,"campfire_upgraded":8,"win_rate":0,"timestamp":1555696579,"path_taken":["M","M","M","M","M","R","$","E","T","R","$","R","?","E","R","BOSS","M","$","?","M","?","R","?","R","T","R","?","E","M","E","R","BOSS","M","?","$","?","?","E","$","R","T","R","E","R","?","M","R","BOSS","R","$","E","BOSS"],"build_version":"2019-04-04","purchased_purges":4,"victory":false,"max_hp_per_floor":[75,75,75,75,75,75,75,75,75,75,75,75,75,75,75,75,75,75,75,75,75,75,75,75,75,75,75,75,75,75,75,75,75,75,75,75,75,75,75,75,75,75,75,75,82,82,82,82,82,82,82,82,82,82,82],"card_choices":[{"not_picked":["Wild Strike","Pommel Strike"],"picked":"Evolve","floor":1},{"not_picked":["Thunderclap","Blood for Blood"],"picked":"Uppercut","floor":2},{"not_picked":["Heavy Blade","Pommel Strike"],"picked":"Iron Wave","floor":3},{"not_picked":["Armaments","Iron Wave"],"picked":"Anger","floor":4},{"not_picked":["Clothesline","Dual Wield"],"picked":"Fiend Fire","floor":5},{"not_picked":["Clash","Pommel Strike"],"picked":"Battle Trance","floor":8},{"not_picked":["Metallicize","Pommel Strike"],"picked":"Shrug It Off+1","floor":14},{"not_picked":["Juggernaut","Berserk"],"picked":"Limit Break+1","floor":16},{"not_picked":["Armaments+1","Havoc+1"],"picked":"Spot Weakness+1","floor":18},{"not_picked":["Armaments+1","Pommel Strike"],"picked":"Ghostly Armor+1","floor":21},{"not_picked":["Cleave","Sentinel+1"],"picked":"Body Slam+1","floor":22},{"not_picked":["Shockwave+1","Dual Wield+1"],"picked":"Impervious+1","floor":29},{"not_picked":["Havoc+1","Sword Boomerang"],"picked":"Battle Trance+1","floor":30},{"not_picked":["Twin Strike","Flame Barrier+1"],"picked":"Dropkick","floor":31},{"not_picked":["Brutality","Reaper"],"picked":"Exhume+1","floor":33},{"not_picked":[],"picked":"Seeing Red+1","floor":35},{"not_picked":[],"picked":"Reckless Charge","floor":36},{"not_picked":["Cleave+1"],"picked":"SKIP","floor":40},{"not_picked":["Twin Strike"],"picked":"SKIP","floor":45},{"not_picked":[],"picked":"Discovery+1","floor":47},{"not_picked":[],"picked":"Sword Boomerang","floor":48},{"not_picked":["Thunderclap"],"picked":"SKIP","floor":54}],"player_experience":2990165,"relics_obtained":[{"floor":8,"key":"Toxic Egg 2"},{"floor":14,"key":"War Paint"},{"floor":24,"key":"PreservedInsect"},{"floor":26,"key":"Bag of Marbles"},{"floor":29,"key":"Bottled Tornado"},{"floor":31,"key":"Kunai"},{"floor":40,"key":"Orichalcum"},{"floor":43,"key":"Mercury Hourglass"},{"floor":45,"key":"Strawberry"},{"floor":54,"key":"Du-Vu Doll"}],"event_choices":[{"damage_healed":0,"gold_gain":0,"player_choice":"Entered Light","damage_taken":23,"max_hp_gain":0,"max_hp_loss":0,"event_name":"Shining Light","floor":13,"gold_loss":0,"cards_upgraded":["Defend_R","Strike_R"]},{"damage_healed":0,"gold_gain":0,"player_choice":"Upgraded","damage_taken":0,"max_hp_gain":0,"max_hp_loss":0,"event_name":"Upgrade Shrine","floor":20,"gold_loss":0,"cards_upgraded":["Fiend Fire"]},{"damage_healed":0,"gold_gain":50,"player_choice":"Pray","damage_taken":0,"max_hp_gain":0,"max_hp_loss":0,"event_name":"Golden Shrine","floor":28,"gold_loss":0},{"cards_removed":["Shrug It Off"],"damage_healed":0,"gold_gain":0,"player_choice":"Removed Skill","damage_taken":0,"max_hp_gain":0,"max_hp_loss":0,"event_name":"Falling","floor":38,"gold_loss":0},{"damage_healed":0,"gold_gain":0,"player_choice":"Paid","damage_taken":0,"relics_obtained":["Red Mask"],"max_hp_gain":0,"max_hp_loss":0,"event_name":"Tomb of Lord Red Mask","floor":39,"gold_loss":12},{"damage_healed":0,"gold_gain":0,"player_choice":"Memory 3","damage_taken":10,"max_hp_gain":0,"max_hp_loss":0,"event_name":"SensoryStone","floor":47,"gold_loss":0}],"is_beta":true,"boss_relics":[{"not_picked":["Snecko Eye","Coffee Dripper"],"picked":"Astrolabe"},{"not_picked":["Runic Dome","Eternal Feather"],"picked":"Busted Crown"}],"items_purged_floors":[7,11,37,53],"is_endless":false,"potions_floor_spawned":[3,5,16,21,30,31,36],"killed_by":"The Heart","ascension_level":17}