{"gold_per_floor":[116,191,191,191,209,209,66,66,89,101,132,44,56,75,75,180,180,200,75,75,87,101,101,101],"floor_reached":24,"playtime":1153,"items_purged":["Defend_G","Strike_G","Defend_G"],"score":186,"play_id":"9a37905b-4c55-4bce-b531-db82aade1f82","local_time":"20181205232723","is_ascension_mode":false,"campfire_choices":[{"data":"Poisoned Stab","floor":8,"key":"SMITH"},{"data":"Noxious Fumes","floor":10,"key":"SMITH"},{"floor":15,"key":"REST"},{"floor":23,"key":"REST"}],"neow_cost":"NONE","seed_source_timestamp":293560804621656,"circlet_count":0,"master_deck":["Defend_G","Defend_G","Defend_G","Strike_G","Strike_G","Strike_G","Strike_G","Survivor","Neutralize+1","Poisoned Stab+1","Noxious Fumes+1","Bane","Flying Knee","Catalyst","Bane+1","Outmaneuver+1"],"relics":["Ring of the Serpent","MawBank","GremlinMask"],"potions_floor_usage":[16,21],"damage_taken":[{"damage":1,"enemies":"Jaw Worm","floor":1,"turns":4},{"damage":4,"enemies":"2 Louse","floor":5,"turns":4},{"damage":0,"enemies":"Small Slimes","floor":11,"turns":4},{"damage":1,"enemies":"Red Slaver","floor":13,"turns":3},{"damage":17,"enemies":"Exordium Wildlife","floor":14,"turns":4},{"damage":22,"enemies":"Slime Boss","floor":16,"turns":9},{"damage":7,"enemies":"Chosen","floor":18,"turns":6},{"damage":40,"enemies":"2 Thieves","floor":21,"turns":4},{"damage":18,"enemies":"Snecko","floor":22,"turns":6},{"damage":37,"enemies":"Centurion and Healer","floor":24,"turns":4}],"seed_played":"1259903696288272562","potions_obtained":[{"floor":1,"key":"FearPotion"},{"floor":16,"key":"Fire Potion"},{"floor":21,"key":"GhostInAJar"}],"is_trial":false,"path_per_floor":["M","?","?","?","M","?","$","R","T","R","M","$","M","M","R","B",null,"M","$","?","M","M","R","M"],"character_chosen":"THE_SILENT","items_purchased":["Noxious Fumes"],"campfire_rested":2,"item_purchase_floors":[7],"current_hp_per_floor":[69,58,58,63,59,64,64,64,64,64,64,64,63,46,68,46,75,68,68,68,28,10,32,0],"gold":101,"neow_bonus":"UPGRADE_CARD","is_prod":false,"is_daily":false,"chose_seed":false,"campfire_upgraded":2,"win_rate":0,"timestamp":1544020043,"path_taken":["M","?","?","?","M","?","$","R","T","R","?","?","M","M","R","BOSS","M","$","?","?","M","R","M"],"build_version":"2018-11-15","purchased_purges":3,"victory":false,"max_hp_per_floor":[70,70,70,75,75,75,75,75,75,75,75,75,75,75,75,75,75,75,75,75,75,75,75,75],"card_choices":[{"not_picked":["Flechettes","Backstab"],"picked":"Poisoned Stab","floor":1},{"not_picked":["Outmaneuver","Cloak And Dagger"],"picked":"Flying Knee","floor":5},{"not_picked":["Heel Hook","Quick Slash"],"picked":"Bane","floor":11},{"not_picked":["Deflect","Underhanded Strike"],"picked":"Flying Knee","floor":13},{"not_picked":["All Out Attack","Footwork"],"picked":"Catalyst","floor":14},{"not_picked":["Bane","Quick Slash","Acrobatics"],"picked":"SKIP","floor":18},{"not_picked":["Flying Knee","Backflip+1"],"picked":"Bane+1","floor":21},{"not_picked":["Slice","Quick Slash"],"picked":"Outmaneuver+1","floor":22}],"player_experience":112207,"relics_obtained":[{"floor":9,"key":"MawBank"}],"event_choices":[{"damage_healed":0,"gold_gain":75,"player_choice":"Gather Gold","damage_taken":11,"max_hp_gain":0,"max_hp_loss":0,"event_name":"World of Goop","floor":2,"gold_loss":0},{"damage_healed":0,"gold_gain":0,"player_choice":"Ignored","damage_taken":0,"max_hp_gain":0,"max_hp_loss":0,"event_name":"Golden Idol","floor":3,"gold_loss":0},{"damage_healed":0,"gold_gain":0,"player_choice":"Donut","damage_taken":0,"max_hp_gain":5,"max_hp_loss":0,"event_name":"Big Fish","floor":4,"gold_loss":0},{"cards_removed":["Flying Knee"],"damage_healed":5,"gold_gain":0,"player_choice":"Offered Common","damage_taken":0,"max_hp_gain":0,"max_hp_loss":0,"event_name":"Bonfire Elementals","floor":6,"gold_loss":0},{"cards_removed":["Flying Knee"],"damage_healed":5,"gold_gain":0,"player_choice":"Offered Special","damage_taken":0,"max_hp_gain":0,"max_hp_loss":0,"event_name":"Bonfire Elementals","floor":6,"gold_loss":0},{"damage_healed":0,"gold_gain":0,"player_choice":"Trade","damage_taken":0,"relics_obtained":["GremlinMask"],"max_hp_gain":0,"max_hp_loss":0,"event_name":"FaceTrader","floor":20,"gold_loss":0}],"is_beta":false,"boss_relics":[{"not_picked":["Philosopher\u0027s Stone","Orrery"],"picked":"Ring of the Serpent"}],"items_purged_floors":[7,12,19],"is_endless":false,"potions_floor_spawned":[1,16,21],"killed_by":"Centurion and Healer","ascension_level":0}