{"gold_per_floor":[116,131,131,56,56,56,90,90,90,90,106,139,156,174,174,247,247,267,9,21,37,37,37,55,82,82,115,133,160,160,173,173,248,248,267,278,296,312,322,350,350,377,404,404,404,46,46,46,46,46,46,46,46,46],"floor_reached":54,"playtime":3920,"items_purged":["Strike_G","Strike_G","Strike_G"],"score":1373,"play_id":"585f2cd2-a49a-47b8-8971-271c5f0ad062","local_time":"20190408233822","is_ascension_mode":true,"campfire_choices":[{"data":"Caltrops","floor":6.0,"key":"SMITH"},{"data":"Blur","floor":8.0,"key":"SMITH"},{"data":"Survivor","floor":10.0,"key":"SMITH"},{"data":"Accuracy","floor":15.0,"key":"SMITH"},{"floor":23.0,"key":"RECALL"},{"floor":30.0,"key":"REST"},{"floor":32.0,"key":"REST"},{"floor":41.0,"key":"REST"},{"floor":45.0,"key":"REST"},{"floor":49.0,"key":"REST"},{"floor":52.0,"key":"REST"}],"neow_cost":"NONE","seed_source_timestamp":3448575200695428,"circlet_count":0,"master_deck":["AscendersBane","Defend_G","Defend_G","Defend_G","Defend_G","Defend_G","Survivor+1","Neutralize+1","Caltrops+1","Infinite Blades","Blur+1","Dagger Spray","Backflip","Infinite Blades","Accuracy+1","Venomology","Blur","Infinite Blades","Footwork","Blade Dance+1","Heel Hook+1","PiercingWail+1","Finisher","Night Terror","Acrobatics+1","Escape Plan","Quick Slash+1","Violence","After Image"],"special_seed":0,"relics":["Ring of the Snake","Ninja Scroll","Mercury Hourglass","Pear","Fusion Hammer","Happy Flower","Snake Skull","WingedGreaves","Sundial","Pocketwatch","Busted Crown","Du-Vu Doll","Dream Catcher","Darkstone Periapt"],"potions_floor_usage":[],"damage_taken":[{"damage":4.0,"enemies":"Jaw Worm","floor":1.0,"turns":6.0},{"damage":2.0,"enemies":"2 Louse","floor":2.0,"turns":3.0},{"damage":17.0,"enemies":"Gremlin Nob","floor":7.0,"turns":5.0},{"damage":0.0,"enemies":"Cultist","floor":11.0,"turns":3.0},{"damage":5.0,"enemies":"Lagavulin","floor":12.0,"turns":6.0},{"damage":4.0,"enemies":"Gremlin Gang","floor":13.0,"turns":3.0},{"damage":0.0,"enemies":"Lots of Slimes","floor":14.0,"turns":1.0},{"damage":2.0,"enemies":"Hexaghost","floor":16.0,"turns":9.0},{"damage":2.0,"enemies":"Shell Parasite","floor":18.0,"turns":6.0},{"damage":12.0,"enemies":"2 Thieves","floor":20.0,"turns":5.0},{"damage":9.0,"enemies":"Centurion and Healer","floor":21.0,"turns":6.0},{"damage":12.0,"enemies":"Snake Plant","floor":24.0,"turns":4.0},{"damage":12.0,"enemies":"Gremlin Leader","floor":25.0,"turns":8.0},{"damage":13.0,"enemies":"Book of Stabbing","floor":27.0,"turns":5.0},{"damage":13.0,"enemies":"Snecko","floor":28.0,"turns":4.0},{"damage":25.0,"enemies":"Slavers","floor":29.0,"turns":6.0},{"damage":4.0,"enemies":"Centurion and Healer","floor":31.0,"turns":5.0},{"damage":43.0,"enemies":"Champ","floor":33.0,"turns":10.0},{"damage":3.0,"enemies":"3 Shapes","floor":35.0,"turns":10.0},{"damage":9.0,"enemies":"Orb Walker","floor":36.0,"turns":3.0},{"damage":2.0,"enemies":"Maw","floor":37.0,"turns":8.0},{"damage":9.0,"enemies":"Jaw Worm Horde","floor":38.0,"turns":5.0},{"damage":4.0,"enemies":"3 Darklings","floor":39.0,"turns":8.0},{"damage":32.0,"enemies":"Nemesis","floor":40.0,"turns":7.0},{"damage":18.0,"enemies":"Reptomancer","floor":42.0,"turns":6.0},{"damage":62.0,"enemies":"Time Eater","floor":50.0,"turns":14.0},{"damage":81,"enemies":"Shield and Spear","floor":54,"turns":3}],"seed_played":"5294651369343075095","potions_obtained":[{"floor":5.0,"key":"Swift Potion"},{"floor":5.0,"key":"Swift Potion"},{"floor":7.0,"key":"Strength Potion"},{"floor":11.0,"key":"GhostInAJar"},{"floor":12.0,"key":"GamblersBrew"},{"floor":14.0,"key":"Dexterity Potion"},{"floor":18.0,"key":"Regen Potion"},{"floor":21.0,"key":"LiquidBronze"},{"floor":27.0,"key":"Swift Potion"},{"floor":28.0,"key":"Weak Potion"},{"floor":38.0,"key":"Fire Potion"},{"floor":39.0,"key":"Regen Potion"}],"is_trial":false,"path_per_floor":["M","M","?","$","?","R","E","R","T","R","M","E","M","M","R","B",null,"M","$","M","M","?","R","M","E","T","E","M","E","R","M","R","B",null,"M","M","M","M","M","E","R","E","T","?","R","$","T","$","R","B",null,"R","$","E"],"character_chosen":"THE_SILENT","items_purchased":["Happy Flower","After Image","PowerPotion"],"campfire_rested":6,"item_purchase_floors":[19,46,46],"current_hp_per_floor":[55,53,46,46,46,46,29,29,29,29,29,34,30,30,30,28,64,62,62,64,69,69,69,57,60,60,47,34,9,31,27,49,6,59,56,47,60,51,47,30,52,34,34,34,56,56,56,56,76,14,61,76,76,0],"gold":46,"neow_bonus":"UPGRADE_CARD","is_prod":false,"is_daily":false,"chose_seed":false,"campfire_upgraded":4,"win_rate":0,"timestamp":1554734302,"path_taken":["M","M","?","$","?","R","E","R","T","R","?","E","M","?","R","BOSS","M","?","M","M","?","R","M","E","T","E","M","E","R","?","R","BOSS","M","M","?","M","M","E","R","E","T","?","R","?","?","$","R","BOSS","R","$","E"],"build_version":"2019-04-04","purchased_purges":3,"victory":false,"max_hp_per_floor":[66,66,66,66,66,66,66,66,66,66,66,76,76,76,76,76,76,76,76,76,76,76,76,76,76,76,76,76,76,76,76,76,76,76,76,76,76,76,76,76,76,76,76,76,76,76,76,76,76,76,76,76,76,76],"card_choices":[{"not_picked":["Quick Slash","Cloak And Dagger"],"picked":"Caltrops","floor":1.0},{"not_picked":["Underhanded Strike","Slice"],"picked":"Infinite Blades","floor":2.0},{"not_picked":["Tactician","Cloak And Dagger"],"picked":"Blur","floor":7.0},{"not_picked":["Grand Finale","Leg Sweep"],"picked":"Dagger Spray","floor":11.0},{"not_picked":["Sucker Punch","Choke"],"picked":"Backflip","floor":12.0},{"not_picked":["Bane","Underhanded Strike"],"picked":"Infinite Blades","floor":13.0},{"not_picked":["Dagger Throw","Sucker Punch"],"picked":"Accuracy","floor":14.0},{"not_picked":["Storm of Steel","Glass Knife"],"picked":"Venomology","floor":16.0},{"not_picked":["Underhanded Strike+1","Backflip"],"picked":"Blur","floor":18.0},{"not_picked":["Quick Slash","Backstab+1"],"picked":"Infinite Blades","floor":20.0},{"not_picked":["Poisoned Stab","Quick Slash+1","Dodge and Roll"],"picked":"SKIP","floor":21.0},{"not_picked":["Blade Dance","Flying Knee"],"picked":"Footwork","floor":24.0},{"not_picked":["Glass Knife","Eviscerate"],"picked":"Blade Dance+1","floor":25.0},{"not_picked":["Slice","Catalyst+1"],"picked":"Heel Hook+1","floor":27.0},{"not_picked":["Prepared","Accuracy"],"picked":"PiercingWail+1","floor":28.0},{"not_picked":["Backflip+1","Malaise"],"picked":"Finisher","floor":29.0},{"not_picked":["Dagger Spray","Sucker Punch","Flechettes"],"picked":"SKIP","floor":31.0},{"not_picked":["Die Die Die","Wraith Form v2"],"picked":"Night Terror","floor":33.0},{"not_picked":["Dash"],"picked":"SKIP","floor":35.0},{"not_picked":["Catalyst"],"picked":"SKIP","floor":36.0},{"not_picked":["Choke"],"picked":"SKIP","floor":37.0},{"not_picked":[],"picked":"Acrobatics+1","floor":38.0},{"not_picked":["Dagger Spray"],"picked":"SKIP","floor":39.0},{"not_picked":[],"picked":"Escape Plan","floor":40.0},{"not_picked":[],"picked":"Quick Slash+1","floor":42.0},{"not_picked":[],"picked":"Violence","floor":44.0}],"player_experience":2857221,"relics_obtained":[{"floor":7.0,"key":"Ninja Scroll"},{"floor":9.0,"key":"Mercury Hourglass"},{"floor":12.0,"key":"Pear"},{"floor":25.0,"key":"Snake Skull"},{"floor":26.0,"key":"WingedGreaves"},{"floor":27.0,"key":"Sundial"},{"floor":29.0,"key":"Pocketwatch"},{"floor":40.0,"key":"Du-Vu Doll"},{"floor":42.0,"key":"Dream Catcher"},{"floor":47.0,"key":"Darkstone Periapt"}],"event_choices":[{"cards_removed":["Strike_G"],"damage_healed":0.0,"max_hp_gain":0.0,"max_hp_loss":0.0,"gold_gain":0.0,"event_name":"Golden Wing","player_choice":"Card Removal","floor":3.0,"gold_loss":0.0,"damage_taken":7.0},{"damage_healed":0.0,"max_hp_gain":0.0,"max_hp_loss":0.0,"gold_gain":0.0,"event_name":"Lab","player_choice":"Got Potions","floor":5.0,"gold_loss":0.0,"damage_taken":0.0},{"cards_removed":["Strike_G"],"damage_healed":0.0,"max_hp_gain":0.0,"max_hp_loss":0.0,"gold_gain":0.0,"event_name":"Purifier","player_choice":"Purged","floor":22.0,"gold_loss":0.0,"damage_taken":0.0},{"damage_healed":0.0,"max_hp_gain":0.0,"max_hp_loss":0.0,"gold_gain":0.0,"event_name":"SensoryStone","player_choice":"Memory 1","floor":44.0,"gold_loss":0.0,"damage_taken":0.0}],"is_beta":true,"boss_relics":[{"not_picked":["Eternal Feather","Lizard Tail"],"picked":"Fusion Hammer"},{"not_picked":["Velvet Choker","Calling Bell"],"picked":"Busted Crown"}],"items_purged_floors":[4,19,46],"is_endless":false,"potions_floor_spawned":[7,11,12,14,16,18,21,27,28,38,39],"killed_by":"Shield and Spear","ascension_level":17}