{"gold_per_floor":[99,21,21,21,21,21,21,21,21,21,21,21],"floor_reached":12,"playtime":427,"items_purged":[],"score":116,"play_id":"e5b55b65-5330-4454-898d-65a34dcd5fc4","local_time":"20190531225103","is_ascension_mode":true,"campfire_choices":[{"floor":7,"key":"REST"}],"neow_cost":"NONE","seed_source_timestamp":12143024721604,"circlet_count":0,"master_deck":["Strike_R","Strike_R","Strike_R","Strike_R","Strike_R","Defend_R","Defend_R","Defend_R","Defend_R","Bash","Pommel Strike","Corruption","Inflame","Body Slam","Power Through","Inflame"],"relics":["Ectoplasm","GremlinMask","Shovel","Tiny Chest","Happy Flower","PreservedInsect"],"potions_floor_usage":[],"damage_taken":[{"damage":10,"enemies":"Small Slimes","floor":1,"turns":4},{"damage":5,"enemies":"Cultist","floor":5,"turns":4},{"damage":45,"enemies":"3 Sentries","floor":6,"turns":9},{"damage":3,"enemies":"2 Louse","floor":10,"turns":2},{"damage":32,"enemies":"Gremlin Nob","floor":11,"turns":4},{"damage":8,"enemies":"Large Slime","floor":12,"turns":1}],"seed_played":"1433567896732128413","potions_obtained":[{"floor":6,"key":"LiquidBronze"}],"is_trial":false,"path_per_floor":["M","$","?","$","M","E","R","?","T","M","E","M"],"character_chosen":"IRONCLAD","items_purchased":["Corruption"],"campfire_rested":1,"item_purchase_floors":[2],"current_hp_per_floor":[62,62,62,62,57,12,36,36,36,33,1,0],"gold":21,"neow_bonus":"BOSS_RELIC","is_prod":false,"is_daily":false,"chose_seed":false,"campfire_upgraded":0,"win_rate":0,"timestamp":1559357463,"path_taken":["M","$","?","$","?","E","R","?","T","?","E","M"],"build_version":"2019-01-23","purchased_purges":0,"victory":false,"max_hp_per_floor":[80,80,80,80,80,80,80,80,80,80,80,80],"card_choices":[{"not_picked":["Clash","Bloodletting"],"picked":"Pommel Strike","floor":1},{"not_picked":["Wild Strike","Dropkick"],"picked":"Inflame","floor":5},{"not_picked":["Pommel Strike","Battle Trance"],"picked":"Body Slam","floor":6},{"not_picked":["Uppercut","Headbutt"],"picked":"Power Through","floor":10},{"not_picked":["Twin Strike","Warcry"],"picked":"Inflame","floor":11}],"player_experience":346239,"relics_obtained":[{"floor":6,"key":"Shovel"},{"floor":9,"key":"Happy Flower"},{"floor":11,"key":"PreservedInsect"}],"event_choices":[{"damage_healed":0,"gold_gain":0,"player_choice":"Trade","damage_taken":0,"relics_obtained":["GremlinMask"],"max_hp_gain":0,"max_hp_loss":0,"event_name":"FaceTrader","floor":3,"gold_loss":0},{"damage_healed":0,"gold_gain":0,"player_choice":"Gave Potion","damage_taken":0,"relics_obtained":["Tiny Chest"],"max_hp_gain":0,"max_hp_loss":0,"event_name":"WeMeetAgain","floor":8,"gold_loss":0}],"is_beta":false,"boss_relics":[],"items_purged_floors":[],"is_endless":false,"potions_floor_spawned":[6],"killed_by":"Large Slime","ascension_level":7}