{"gold_per_floor":[211,226,47,222,234,234,264,264,264,264,277,49,49,82,82,179,179,189,189,218,118,118,118,132,132,157,157,190,190,522,536,536,536],"floor_reached":33,"playtime":1897,"items_purged":["Doubt","Strike_R"],"score":347,"play_id":"07e84a77-71ad-4dc7-9933-baf9f3d92bbc","local_time":"20181231172832","is_ascension_mode":true,"campfire_choices":[{"data":"Bash","floor":6.0,"key":"SMITH"},{"data":"Rage","floor":8.0,"key":"SMITH"},{"data":"Hemokinesis","floor":10.0,"key":"SMITH"},{"data":"Armaments","floor":13.0,"key":"SMITH"},{"data":"Flex","floor":15.0,"key":"SMITH"},{"data":"RitualDagger","floor":23.0,"key":"SMITH"},{"data":"Double Tap","floor":25.0,"key":"SMITH"},{"floor":27.0,"key":"RECALL"},{"floor":29.0,"key":"REST"},{"floor":32.0,"key":"REST"}],"neow_cost":"NONE","seed_source_timestamp":762068015652097,"circlet_count":0,"master_deck":["Strike_R","Strike_R","Strike_R","Strike_R","Defend_R","Defend_R","Defend_R","Defend_R","Bash+1","Hemokinesis+1","Clash","Flex+1","Cleave","Rage+1","Armaments+1","Double Tap+1","Flame Barrier+1","RitualDagger+1","Bloodletting+1","Flex"],"special_seed":0,"relics":["Burning Blood","Blood Vial","Gambling Chip","Pen Nib","Anchor","Busted Crown","Red Mask","Potion Belt","Orichalcum","Old Coin"],"potions_floor_usage":[],"damage_taken":[{"damage":6.0,"enemies":"2 Louse","floor":1.0,"turns":2.0},{"damage":15.0,"enemies":"Jaw Worm","floor":2.0,"turns":2.0},{"damage":13.0,"enemies":"Small Slimes","floor":5.0,"turns":3.0},{"damage":17.0,"enemies":"Gremlin Nob","floor":7.0,"turns":3.0},{"damage":4.0,"enemies":"3 Louse","floor":11.0,"turns":3.0},{"damage":17.0,"enemies":"Lagavulin","floor":14.0,"turns":3.0},{"damage":45.0,"enemies":"Hexaghost","floor":16.0,"turns":8.0},{"damage":2.0,"enemies":"Spheric Guardian","floor":18.0,"turns":2.0},{"damage":2.0,"enemies":"Masked Bandits","floor":20.0,"turns":3.0},{"damage":0.0,"enemies":"Colosseum Slavers","floor":22.0,"turns":3.0},{"damage":4.0,"enemies":"Shell Parasite","floor":24.0,"turns":5.0},{"damage":62.0,"enemies":"Gremlin Leader","floor":28.0,"turns":6.0},{"damage":29.0,"enemies":"Book of Stabbing","floor":30.0,"turns":5.0},{"damage":2.0,"enemies":"Snake Plant","floor":31.0,"turns":1.0},{"damage":75,"enemies":"Champ","floor":33,"turns":10}],"seed_played":"615889776415527859","potions_obtained":[{"floor":1.0,"key":"SteroidPotion"},{"floor":7.0,"key":"Explosive Potion"},{"floor":14.0,"key":"Strength Potion"},{"floor":18.0,"key":"Poison Potion"},{"floor":30.0,"key":"FearPotion"}],"is_trial":false,"path_per_floor":["M","M","$","?","M","R","E","R","T","R","M","$","R","E","R","B",null,"M","?","?","$","?","R","M","R","T","R","E","R","E","M","R","B"],"character_chosen":"IRONCLAD","items_purchased":["Flex","Blood Vial","Pen Nib"],"campfire_rested":2,"item_purchase_floors":[3,3,12],"current_hp_per_floor":[80,71,71,71,66,66,57,57,57,57,61,61,61,52,52,15,80,80,74,80,80,80,80,80,80,80,80,24,48,27,33,57,0],"gold":536,"neow_bonus":"HUNDRED_GOLD","is_prod":false,"is_daily":false,"chose_seed":false,"campfire_upgraded":7,"win_rate":0,"timestamp":1546244912,"path_taken":["M","M","$","?","M","R","E","R","T","R","M","$","R","E","R","BOSS","M","?","?","$","?","R","M","R","T","R","E","R","E","M","R","BOSS"],"build_version":"2018-12-20","purchased_purges":2,"victory":false,"max_hp_per_floor":[80,80,80,80,80,80,80,80,80,80,80,80,80,80,80,80,80,80,80,80,80,80,80,80,80,80,80,80,80,80,80,80,80],"card_choices":[{"not_picked":["Rupture","Sword Boomerang"],"picked":"Hemokinesis","floor":1.0},{"not_picked":["Hemokinesis","Shrug It Off"],"picked":"Clash","floor":2.0},{"not_picked":["Perfected Strike","Hemokinesis"],"picked":"Cleave","floor":5.0},{"not_picked":["Sword Boomerang","Pommel Strike"],"picked":"Rage","floor":7.0},{"not_picked":["Pommel Strike","Clothesline"],"picked":"Armaments","floor":11.0},{"not_picked":["Feel No Pain","Dark Embrace","Wild Strike"],"picked":"SKIP","floor":14.0},{"not_picked":["Limit Break","Fiend Fire"],"picked":"Double Tap","floor":16.0},{"not_picked":[],"picked":"Flame Barrier+1","floor":18.0},{"not_picked":["Thunderclap+1"],"picked":"SKIP","floor":24.0},{"not_picked":[],"picked":"Bloodletting+1","floor":28.0},{"not_picked":[],"picked":"Flex","floor":30.0},{"not_picked":["Cleave"],"picked":"SKIP","floor":31.0}],"player_experience":295504,"relics_obtained":[{"floor":7.0,"key":"Gambling Chip"},{"floor":14.0,"key":"Anchor"},{"floor":20.0,"key":"Red Mask"},{"floor":26.0,"key":"Potion Belt"},{"floor":28.0,"key":"Orichalcum"},{"floor":30.0,"key":"Old Coin"}],"event_choices":[{"damage_healed":0.0,"max_hp_gain":0.0,"max_hp_loss":0.0,"gold_gain":175.0,"event_name":"Liars Game","player_choice":"AGREE","floor":4.0,"gold_loss":0.0,"damage_taken":0.0,"cards_obtained":["Doubt"]},{"damage_healed":0.0,"max_hp_gain":0.0,"max_hp_loss":0.0,"gold_gain":0.0,"event_name":"Nest","player_choice":"Joined the Cult","floor":19.0,"gold_loss":0.0,"damage_taken":6.0,"cards_obtained":["RitualDagger"]},{"damage_healed":0.0,"max_hp_gain":0.0,"max_hp_loss":0.0,"gold_gain":0.0,"event_name":"Masked Bandits","player_choice":"Fought Bandits","floor":20.0,"gold_loss":0.0,"damage_taken":0.0},{"damage_healed":0.0,"max_hp_gain":0.0,"max_hp_loss":0.0,"gold_gain":0.0,"event_name":"Colosseum","player_choice":"Fight","floor":22.0,"gold_loss":0.0,"damage_taken":0.0},{"damage_healed":0.0,"max_hp_gain":0.0,"max_hp_loss":0.0,"gold_gain":0.0,"event_name":"Colosseum","player_choice":"Fled From Nobs","floor":22.0,"gold_loss":0.0,"damage_taken":0.0}],"is_beta":false,"boss_relics":[{"not_picked":["Runic Dome","Runic Cube"],"picked":"Busted Crown"}],"items_purged_floors":[12,21],"is_endless":false,"potions_floor_spawned":[1,7,14,18,22,30],"killed_by":"Champ","ascension_level":4}