{"gold_per_floor":[114,114,75,88,102,102,102,128,153,153,168,93,93,93,93,187,187,202,202],"floor_reached":19,"playtime":687,"items_purged":["Strike_B"],"score":305,"play_id":"d102ef25-8ba9-4029-be4a-4eb72d7ff620","local_time":"20190410144653","is_ascension_mode":true,"campfire_choices":[{"data":"Cold Snap","floor":6.0,"key":"SMITH"},{"data":"Streamline","floor":10.0,"key":"SMITH"},{"data":"Conserve Battery","floor":13.0,"key":"SMITH"},{"data":"Recycle","floor":15.0,"key":"SMITH"}],"neow_cost":"TEN_PERCENT_HP_LOSS","seed_source_timestamp":3592737823072254,"circlet_count":0,"master_deck":["AscendersBane","Defend_B","Defend_B","Defend_B","Defend_B","Zap+1","Dualcast","Conserve Battery+1","Genetic Algorithm","Streamline+1","Cold Snap+1","Recycle+1","Gash","Core Surge","Pain","Pain","Pain","Hologram"],"special_seed":0,"relics":["Cracked Core","Boot","Bronze Scales","Golden Idol","Calling Bell","Dream Catcher","The Courier","Girya"],"potions_floor_usage":[16],"damage_taken":[{"damage":4.0,"enemies":"2 Louse","floor":1.0,"turns":4.0},{"damage":0.0,"enemies":"Cultist","floor":4.0,"turns":3.0},{"damage":2.0,"enemies":"Jaw Worm","floor":5.0,"turns":4.0},{"damage":9.0,"enemies":"Lagavulin","floor":8.0,"turns":6.0},{"damage":0.0,"enemies":"Large Slime","floor":11.0,"turns":4.0},{"damage":46,"enemies":"Slime Boss","floor":16,"turns":11},{"damage":18,"enemies":"Shell Parasite","floor":18,"turns":9},{"damage":26,"enemies":"Colosseum Slavers","floor":19,"turns":2}],"seed_played":"-4215033124816940185","potions_obtained":[{"floor":8.0,"key":"Dexterity Potion"},{"floor":11.0,"key":"PowerPotion"},{"floor":18,"key":"FocusPotion"}],"is_trial":false,"path_per_floor":["M","?","$","M","M","R","?","E","T","R","M","$","R","?","R","B",null,"M","?"],"character_chosen":"DEFECT","items_purchased":["Genetic Algorithm"],"campfire_rested":0,"item_purchase_floors":[3],"current_hp_per_floor":[60,60,60,60,58,58,58,49,49,49,49,49,49,49,49,3,44,26,0],"gold":202,"neow_bonus":"REMOVE_TWO","is_prod":false,"is_daily":false,"chose_seed":false,"campfire_upgraded":4,"win_rate":0,"timestamp":1554875213,"path_taken":["M","?","?","M","M","R","?","E","T","R","?","$","R","?","R","BOSS","M","?"],"build_version":"2019-04-04","purchased_purges":1,"victory":false,"max_hp_per_floor":[64,64,64,64,64,64,64,64,64,64,64,64,64,58,58,58,58,58,58],"card_choices":[{"not_picked":["Hologram","Double Energy"],"picked":"Conserve Battery","floor":1.0},{"not_picked":["Capacitor","Reprogram"],"picked":"Streamline","floor":4.0},{"not_picked":["Compile Driver","Beam Cell"],"picked":"Cold Snap","floor":5.0},{"not_picked":["Auto Shields","Leap"],"picked":"Recycle","floor":8.0},{"not_picked":["Tempest","Leap"],"picked":"Gash","floor":11.0},{"not_picked":["Fission","Biased Cognition"],"picked":"Core Surge","floor":16},{"not_picked":["Beam Cell","Sweeping Beam"],"picked":"Hologram","floor":18}],"player_experience":2876276,"relics_obtained":[{"floor":8.0,"key":"Boot"},{"floor":9.0,"key":"Bronze Scales"},{"floor":17,"key":"Dream Catcher"},{"floor":17,"key":"The Courier"},{"floor":17,"key":"Girya"}],"event_choices":[{"damage_healed":0.0,"max_hp_gain":0.0,"max_hp_loss":0.0,"gold_gain":0.0,"event_name":"Upgrade Shrine","player_choice":"Upgraded","floor":2.0,"gold_loss":0.0,"damage_taken":0.0,"cards_upgraded":["Zap"]},{"cards_removed":["Strike_B"],"damage_healed":0.0,"max_hp_gain":0.0,"max_hp_loss":0.0,"gold_gain":0.0,"event_name":"Bonfire Elementals","player_choice":"Offered Basic","floor":7.0,"gold_loss":0.0,"damage_taken":0.0},{"damage_healed":0.0,"max_hp_gain":0.0,"max_hp_loss":6.0,"gold_gain":0.0,"event_name":"Golden Idol","player_choice":"Lose Max HP","floor":14.0,"gold_loss":0.0,"damage_taken":0.0,"relics_obtained":["Golden Idol"]},{"damage_healed":0,"gold_gain":0,"player_choice":"Fight","damage_taken":0,"max_hp_gain":0,"max_hp_loss":0,"event_name":"Colosseum","floor":19,"gold_loss":0}],"is_beta":true,"boss_relics":[{"not_picked":["Runic Dome","Velvet Choker"],"picked":"Calling Bell"}],"items_purged_floors":[12],"is_endless":false,"potions_floor_spawned":[8,11,18],"killed_by":"Colosseum Slavers","ascension_level":17}