{"gold_per_floor":[109,184,194,210,210,210,229,245,245,245,255,43,43,78,78,154,154,165,185,7,7,20,20,20],"floor_reached":24,"playtime":630,"items_purged":["Strike_B","Strike_B"],"score":396,"play_id":"d5c6f0d4-1525-44d3-809a-a4012b466417","local_time":"20190525122437","is_ascension_mode":true,"campfire_choices":[{"floor":6,"key":"REST"},{"floor":10,"key":"REST"},{"data":"Barricade","floor":15,"key":"SMITH"},{"floor":23,"key":"REST"}],"neow_cost":"","seed_source_timestamp":217546177389300,"circlet_count":0,"master_deck":["AscendersBane","Strike_B","Strike_B","Defend_B+1","Defend_B+1","Defend_B","Defend_B","Zap","Dualcast","Barrage","Barricade+1","Deadly Poison","Feel No Pain","PiercingWail","Sucker Punch","Turbo","Rip and Tear","After Image+1","Finesse","Distraction","Defragment+1"],"relics":["Cracked Core","PrismaticShard","Ornamental Fan","Letter Opener","Frozen Egg 2","Nuclear Battery"],"potions_floor_usage":[11,16,16,18,22],"damage_taken":[{"damage":3,"enemies":"2 Louse","floor":1,"turns":4},{"damage":4,"enemies":"Jaw Worm","floor":3,"turns":3},{"damage":7,"enemies":"Small Slimes","floor":4,"turns":4},{"damage":12,"enemies":"Looter","floor":7,"turns":4},{"damage":8,"enemies":"2 Fungi Beasts","floor":8,"turns":4},{"damage":10,"enemies":"Blue Slaver","floor":11,"turns":4},{"damage":6,"enemies":"Lagavulin","floor":14,"turns":7},{"damage":6,"enemies":"The Guardian","floor":16,"turns":13},{"damage":4,"enemies":"3 Byrds","floor":18,"turns":6},{"damage":0,"enemies":"Chosen","floor":19,"turns":7},{"damage":46,"enemies":"3 Cultists","floor":22,"turns":6},{"damage":37,"enemies":"Gremlin Leader","floor":24,"turns":4}],"seed_played":"-9200005624079046330","potions_obtained":[{"floor":4,"key":"GamblersBrew"},{"floor":7,"key":"Regen Potion"},{"floor":14,"key":"Strength Potion"},{"floor":16,"key":"GamblersBrew"},{"floor":21,"key":"EssenceOfSteel"},{"floor":21,"key":"Dexterity Potion"}],"is_trial":true,"path_per_floor":["M","?","M","M","?","R","M","M","T","R","M","$","?","E","R","B",null,"M","M","$","?","M","R","E"],"character_chosen":"DEFECT","items_purchased":["Turbo","Rip and Tear","Defragment+1"],"campfire_rested":3,"item_purchase_floors":[12,12,20],"current_hp_per_floor":[61,50,46,39,18,39,27,19,19,40,44,44,44,38,38,32,61,57,57,57,57,11,32,0],"gold":20,"neow_bonus":"","is_prod":false,"is_daily":false,"chose_seed":false,"campfire_upgraded":1,"win_rate":0,"timestamp":1558754677,"path_taken":["M","?","M","M","?","R","M","M","T","R","M","?","?","E","R","BOSS","M","M","$","?","M","R","E"],"build_version":"2019-01-23","purchased_purges":2,"victory":false,"max_hp_per_floor":[71,71,71,71,71,71,71,71,71,71,71,71,71,71,71,71,71,71,71,71,71,71,71,71],"card_choices":[{"not_picked":["Pommel Strike","Flex"],"picked":"Barrage","floor":1},{"not_picked":["Dagger Spray","Thunderclap"],"picked":"Barricade","floor":3},{"not_picked":["Flying Knee","Barrage"],"picked":"Deadly Poison","floor":4},{"not_picked":["Thunderclap","Gash"],"picked":"Feel No Pain","floor":7},{"not_picked":["Outmaneuver","Go for the Eyes"],"picked":"PiercingWail","floor":8},{"not_picked":["Ball Lightning","Outmaneuver"],"picked":"Sucker Punch","floor":11},{"not_picked":["Flying Knee","Shockwave"],"picked":"After Image","floor":14},{"not_picked":["Flame Barrier","Perfected Strike"],"picked":"Finesse","floor":18},{"not_picked":["Heavy Blade","Bane"],"picked":"Distraction","floor":19},{"not_picked":["Sucker Punch","Acrobatics","Clash"],"picked":"SKIP","floor":22}],"player_experience":5153797,"relics_obtained":[{"floor":9,"key":"Ornamental Fan"},{"floor":14,"key":"Frozen Egg 2"}],"event_choices":[{"damage_healed":0,"gold_gain":75,"player_choice":"Gather Gold","damage_taken":11,"max_hp_gain":0,"max_hp_loss":0,"event_name":"World of Goop","floor":2,"gold_loss":0},{"damage_healed":0,"gold_gain":0,"player_choice":"Entered Light","damage_taken":21,"max_hp_gain":0,"max_hp_loss":0,"event_name":"Shining Light","floor":5,"gold_loss":0,"cards_upgraded":["Defend_B","Defend_B"]},{"damage_healed":0,"gold_gain":0,"player_choice":"Searched \u00271\u0027 times","damage_taken":0,"relics_obtained":["Letter Opener"],"max_hp_gain":0,"max_hp_loss":0,"event_name":"Dead Adventurer","floor":13,"gold_loss":0},{"damage_healed":0,"gold_gain":0,"player_choice":"Got Potions","damage_taken":0,"max_hp_gain":0,"max_hp_loss":0,"event_name":"Lab","floor":21,"gold_loss":0}],"is_beta":false,"boss_relics":[{"not_picked":["Velvet Choker","Inserter"],"picked":"Nuclear Battery"}],"items_purged_floors":[12,20],"is_endless":false,"potions_floor_spawned":[4,7,14,16],"killed_by":"Gremlin Leader","ascension_level":20}