{"gold_per_floor":[119,137,137,153,167,167,179,179,179,179,242,258,258,258,258,258],"floor_reached":16,"playtime":966,"items_purged":[],"score":170,"play_id":"2923cac9-067e-4725-a6bf-b22b7fac863c","local_time":"20190419202455","is_ascension_mode":true,"campfire_choices":[{"data":"Bash","floor":6,"key":"SMITH"},{"data":"True Grit","floor":8,"key":"SMITH"},{"data":"Intimidate","floor":10,"key":"SMITH"},{"data":"Flex","floor":13,"key":"SMITH"},{"data":"Pommel Strike","floor":15,"key":"SMITH"}],"neow_cost":"TEN_PERCENT_HP_LOSS","seed_source_timestamp":620613781007103,"circlet_count":0,"master_deck":["AscendersBane","Strike_R","Strike_R","Strike_R","Defend_R","Defend_R","Defend_R+1","Defend_R+1","Bash+1","Intimidate+1","True Grit+1","Impervious","Pommel Strike+1","Battle Trance","Flex+1","Shrug It Off"],"relics":["Burning Blood","Regal Pillow","Smiling Mask"],"potions_floor_usage":[11,12,16],"damage_taken":[{"damage":1,"enemies":"Small Slimes","floor":1,"turns":5},{"damage":8,"enemies":"Cultist","floor":2,"turns":4},{"damage":0,"enemies":"2 Louse","floor":4,"turns":5},{"damage":14,"enemies":"2 Fungi Beasts","floor":5,"turns":5},{"damage":7,"enemies":"Large Slime","floor":7,"turns":6},{"damage":10,"enemies":"Gremlin Nob","floor":11,"turns":4},{"damage":9,"enemies":"Lots of Slimes","floor":12,"turns":8},{"damage":52,"enemies":"Slime Boss","floor":16,"turns":13}],"seed_played":"4092782337666672418","potions_obtained":[{"floor":1,"key":"Regen Potion"},{"floor":4,"key":"Strength Potion"},{"floor":12,"key":"Block Potion"}],"is_trial":false,"path_per_floor":["M","M","?","M","M","R","M","R","T","R","?","M","R","?","R","B"],"character_chosen":"IRONCLAD","items_purchased":[],"campfire_rested":0,"item_purchase_floors":[],"current_hp_per_floor":[68,66,66,68,60,60,59,59,59,59,55,67,67,47,47,0],"gold":258,"neow_bonus":"REMOVE_TWO","is_prod":false,"is_daily":false,"chose_seed":false,"campfire_upgraded":5,"win_rate":0,"timestamp":1555673095,"path_taken":["M","M","?","?","M","R","M","R","T","R","?","M","R","?","R","BOSS"],"build_version":"2019-04-04","purchased_purges":0,"victory":false,"max_hp_per_floor":[68,68,68,68,68,68,68,68,68,68,68,68,68,68,68,68],"card_choices":[{"not_picked":["Hemokinesis","Perfected Strike"],"picked":"Intimidate","floor":1},{"not_picked":["Cleave","Clash"],"picked":"True Grit","floor":2},{"not_picked":["True Grit","Rupture"],"picked":"Pommel Strike","floor":4},{"not_picked":["Clash","True Grit"],"picked":"Battle Trance","floor":5},{"not_picked":["Headbutt","Cleave","Reckless Charge"],"picked":"SKIP","floor":7},{"not_picked":["Twin Strike","Wild Strike"],"picked":"Flex","floor":11},{"not_picked":["Headbutt","Wild Strike"],"picked":"Shrug It Off","floor":12}],"player_experience":2988278,"relics_obtained":[{"floor":9,"key":"Regal Pillow"},{"floor":11,"key":"Smiling Mask"}],"event_choices":[{"damage_healed":0,"gold_gain":0,"player_choice":"1 cards matched","damage_taken":0,"max_hp_gain":0,"max_hp_loss":0,"event_name":"Match and Keep!","floor":3,"gold_loss":0,"cards_obtained":["Impervious"]},{"damage_healed":0,"gold_gain":0,"player_choice":"Searched \u00271\u0027 times","damage_taken":0,"max_hp_gain":0,"max_hp_loss":0,"event_name":"Dead Adventurer","floor":11,"gold_loss":0},{"damage_healed":0,"gold_gain":0,"player_choice":"Entered Light","damage_taken":20,"max_hp_gain":0,"max_hp_loss":0,"event_name":"Shining Light","floor":14,"gold_loss":0,"cards_upgraded":["Defend_R","Defend_R"]}],"is_beta":true,"boss_relics":[],"items_purged_floors":[],"is_endless":false,"potions_floor_spawned":[1,4,5,12],"killed_by":"Slime Boss","ascension_level":17}