{"gold_per_floor":[114,126,137,9,22,22,37,64,119,119,119,133,133,183,183,278,278,301,351,48,61,61,61,36,36,36,67,67,67,67,84,84,157,157,177,177,277,277,292,34,68,68,68,103,103,23,33,33,33,33],"floor_reached":50,"playtime":1350,"items_purged":["Strike_B","Defend_B"],"score":1028,"play_id":"ef8e55dc-fba3-48cc-9ee3-bae8d4f5687b","local_time":"20190307031713","is_ascension_mode":true,"campfire_choices":[{"data":"Static Discharge","floor":6.0,"key":"SMITH"},{"floor":11.0,"key":"REST"},{"data":"Conserve Battery","floor":15.0,"key":"SMITH"},{"floor":23.0,"key":"REST"},{"floor":25.0,"key":"REST"},{"data":"Static Discharge","floor":28.0,"key":"SMITH"},{"data":"Defragment","floor":32.0,"key":"SMITH"},{"floor":42,"key":"REST"},{"floor":49,"key":"REST"}],"neow_cost":"NONE","seed_source_timestamp":1773984430802200,"circlet_count":0,"master_deck":["AscendersBane","Strike_B","Strike_B","Defend_B","Defend_B","Defend_B","Zap+1","Dualcast","Rebound","Genetic Algorithm","Static Discharge+1","Genetic Algorithm","Undo","Static Discharge+1","Conserve Battery+1","Echo Form","Defragment+1","Hologram","Static Discharge+1","Electrodynamics","Steam Power+1","Consume+1","Writhe","Biased Cognition","Force Field"],"special_seed":0,"relics":["Cracked Core","Pen Nib","Juzu Bracelet","Bloody Idol","Nuclear Battery","ClockworkSouvenir","Thread and Needle","Mummified Hand","Fusion Hammer","FossilizedHelix","Oddly Smooth Stone","Happy Flower","Strawberry","Sundial"],"potions_floor_usage":[33,44,50,50],"damage_taken":[{"damage":1.0,"enemies":"Cultist","floor":1.0,"turns":3.0},{"damage":3.0,"enemies":"2 Louse","floor":2.0,"turns":3.0},{"damage":10.0,"enemies":"Small Slimes","floor":3.0,"turns":3.0},{"damage":17.0,"enemies":"Looter","floor":5.0,"turns":4.0},{"damage":10.0,"enemies":"Large Slime","floor":7.0,"turns":5.0},{"damage":5.0,"enemies":"Lagavulin","floor":8.0,"turns":6.0},{"damage":4.0,"enemies":"2 Fungi Beasts","floor":12.0,"turns":4.0},{"damage":19.0,"enemies":"Hexaghost","floor":16.0,"turns":4.0},{"damage":15.0,"enemies":"Chosen","floor":18.0,"turns":5.0},{"damage":3.0,"enemies":"Shell Parasite","floor":21.0,"turns":5.0},{"damage":20.0,"enemies":"Colosseum Slavers","floor":22.0,"turns":2.0},{"damage":20.0,"enemies":"Book of Stabbing","floor":27.0,"turns":4.0},{"damage":1.0,"enemies":"Snake Plant","floor":31.0,"turns":4.0},{"damage":24,"enemies":"Automaton","floor":33,"turns":10},{"damage":12,"enemies":"Orb Walker","floor":35,"turns":3},{"damage":1,"enemies":"Mind Bloom Boss Battle","floor":37,"turns":5},{"damage":11,"enemies":"3 Shapes","floor":39,"turns":2},{"damage":56,"enemies":"Nemesis","floor":41,"turns":8},{"damage":5,"enemies":"Reptomancer","floor":44,"turns":5},{"damage":21,"enemies":"Maw","floor":47,"turns":5},{"damage":66,"enemies":"Awakened One","floor":50,"turns":4}],"seed_played":"6206319687711556649","potions_obtained":[{"floor":2.0,"key":"GamblersBrew"},{"floor":7.0,"key":"SkillPotion"},{"floor":16.0,"key":"Weak Potion"},{"floor":21.0,"key":"Dexterity Potion"},{"floor":35,"key":"Strength Potion"},{"floor":37,"key":"LiquidBronze"},{"floor":41,"key":"AttackPotion"},{"floor":44,"key":"FocusPotion"},{"floor":47,"key":"SkillPotion"}],"is_trial":false,"path_per_floor":["M","M","M","$","M","R","M","E","T","?","R","M","?","?","R","B",null,"M","?","$","M","?","R","$","R","T","E","R","?","?","M","R","B",null,"M","?","?","?","M","$","E","R","T","E","?","$","M","?","R","B"],"character_chosen":"DEFECT","items_purchased":["Genetic Algorithm","Doom and Gloom","ClockworkSouvenir","Hologram","Oddly Smooth Stone","Biased Cognition"],"campfire_rested":5,"item_purchase_floors":[4,4,20,24,40,46],"current_hp_per_floor":[63,60,50,50,33,33,23,18,18,18,37,33,33,33,33,14,52,37,37,37,34,14,33,33,52,52,32,32,32,32,36,36,17,52,45,64,64,64,58,58,7,26,33,33,47,47,31,31,52,0],"gold":33,"neow_bonus":"UPGRADE_CARD","is_prod":false,"is_daily":false,"chose_seed":false,"campfire_upgraded":4,"win_rate":0,"timestamp":1551896233,"path_taken":["M","?","M","$","M","R","M","E","T","?","R","M","?","?","R","BOSS","M","?","$","M","?","R","$","R","T","E","R","?","?","M","R","BOSS","M","?","?","?","M","?","E","R","T","E","?","$","M","?","R","BOSS"],"build_version":"2019-01-23","purchased_purges":2,"victory":false,"max_hp_per_floor":[71,71,71,71,71,71,71,71,71,64,64,64,64,64,64,64,64,64,64,64,64,64,64,64,64,64,64,64,64,64,64,64,64,64,64,64,64,64,64,64,64,64,71,71,71,71,71,71,71,71],"card_choices":[{"not_picked":["Sweeping Beam","Gash"],"picked":"Rebound","floor":1.0},{"not_picked":["Melter","Sweeping Beam"],"picked":"Genetic Algorithm","floor":2.0},{"not_picked":["Go for the Eyes","Gash"],"picked":"Static Discharge","floor":3.0},{"not_picked":["Go for the Eyes","Redo"],"picked":"Undo","floor":5.0},{"not_picked":["Streamline","Hologram"],"picked":"Static Discharge","floor":7.0},{"not_picked":["Aggregate","Barrage"],"picked":"Conserve Battery","floor":12.0},{"not_picked":["Meteor Strike","Rainbow"],"picked":"Echo Form","floor":16.0},{"not_picked":["Loop","Aggregate"],"picked":"Defragment","floor":18.0},{"not_picked":["Cold Snap","Gash","Heatsinks"],"picked":"SKIP","floor":21.0},{"not_picked":["Heatsinks","Hello World"],"picked":"Static Discharge","floor":27.0},{"not_picked":["Gash","Capacitor","Compile Driver"],"picked":"SKIP","floor":31.0},{"not_picked":["Meteor Strike","Seek"],"picked":"Electrodynamics","floor":33},{"not_picked":["FTL","Streamline","Barrage"],"picked":"SKIP","floor":35},{"not_picked":["Doom and Gloom","Chaos"],"picked":"Steam Power+1","floor":39},{"not_picked":["Fission","Ball Lightning+1"],"picked":"Consume+1","floor":41},{"not_picked":["Conserve Battery","Ball Lightning","Stack"],"picked":"SKIP","floor":44},{"not_picked":["Reprogram","Ball Lightning"],"picked":"Force Field","floor":47}],"player_experience":4484651,"relics_obtained":[{"floor":8.0,"key":"Pen Nib"},{"floor":9.0,"key":"Juzu Bracelet"},{"floor":26.0,"key":"Thread and Needle"},{"floor":27.0,"key":"Mummified Hand"},{"floor":37,"key":"FossilizedHelix"},{"floor":41,"key":"Happy Flower"},{"floor":43,"key":"Strawberry"},{"floor":44,"key":"Sundial"}],"event_choices":[{"damage_healed":0.0,"max_hp_gain":0.0,"max_hp_loss":7.0,"gold_gain":0.0,"event_name":"Golden Idol","player_choice":"Lose Max HP","floor":10.0,"gold_loss":0.0,"damage_taken":0.0,"relics_obtained":["Golden Idol"]},{"damage_healed":0.0,"max_hp_gain":0.0,"max_hp_loss":0.0,"gold_gain":0.0,"event_name":"Living Wall","player_choice":"Grow","floor":13.0,"gold_loss":0.0,"damage_taken":0.0,"cards_upgraded":["Static Discharge"]},{"damage_healed":0.0,"max_hp_gain":0.0,"max_hp_loss":0.0,"gold_gain":50.0,"event_name":"Golden Shrine","player_choice":"Pray","floor":14.0,"gold_loss":0.0,"damage_taken":0.0},{"damage_healed":0.0,"max_hp_gain":0.0,"max_hp_loss":0.0,"gold_gain":50.0,"event_name":"Nest","player_choice":"Stole From Cult","floor":19.0,"gold_loss":0.0,"damage_taken":0.0},{"damage_healed":0.0,"max_hp_gain":0.0,"max_hp_loss":0.0,"gold_gain":0.0,"event_name":"Colosseum","player_choice":"Fight","floor":22.0,"gold_loss":0.0,"damage_taken":0.0},{"damage_healed":0.0,"max_hp_gain":0.0,"max_hp_loss":0.0,"gold_gain":0.0,"event_name":"Colosseum","player_choice":"Fled From Nobs","floor":22.0,"gold_loss":0.0,"damage_taken":0.0},{"damage_healed":0.0,"max_hp_gain":0.0,"max_hp_loss":0.0,"gold_gain":0.0,"event_name":"Forgotten Altar","player_choice":"Gave Idol","floor":29.0,"relics_lost":["Golden Idol"],"gold_loss":0.0,"damage_taken":0.0,"relics_obtained":["Bloody Idol"]},{"cards_removed":["Doom and Gloom"],"damage_healed":19,"gold_gain":0,"player_choice":"Offered Uncommon","damage_taken":0,"max_hp_gain":0,"max_hp_loss":0,"event_name":"Bonfire Elementals","floor":36,"gold_loss":0},{"damage_healed":0,"gold_gain":0,"player_choice":"Fight","damage_taken":0,"max_hp_gain":0,"max_hp_loss":0,"event_name":"MindBloom","floor":37,"gold_loss":0},{"cards_removed":["Strike_B"],"damage_healed":0,"gold_gain":0,"player_choice":"Removed Attack","damage_taken":0,"max_hp_gain":0,"max_hp_loss":0,"event_name":"Falling","floor":38,"gold_loss":0},{"damage_healed":14,"gold_gain":0,"player_choice":"Writhe","damage_taken":0,"max_hp_gain":0,"max_hp_loss":0,"event_name":"Winding Halls","floor":45,"gold_loss":0,"cards_obtained":["Writhe"]},{"damage_healed":0,"gold_gain":0,"player_choice":"Ignored","damage_taken":0,"max_hp_gain":0,"max_hp_loss":0,"event_name":"Mysterious Sphere","floor":48,"gold_loss":0}],"is_beta":false,"boss_relics":[{"not_picked":["Orrery","Lizard Tail"],"picked":"Nuclear Battery"},{"not_picked":["Snecko Eye","Coffee Dripper"],"picked":"Fusion Hammer"}],"items_purged_floors":[20,40],"is_endless":false,"potions_floor_spawned":[2,7,16,21,22,35,37,41,44,47],"killed_by":"Awakened One","ascension_level":20}