{"gold_per_floor":[113,113,132,9,21,21,54,54,54,86,86,86,115,126,126,230,230,245,245,344,363,378,378,392,392,392,392,392,404,4,18,18,18],"floor_reached":33,"playtime":1640,"items_purged":[],"score":290,"play_id":"06727780-be06-4851-9a19-53f6409099e9","local_time":"20190531155251","is_ascension_mode":false,"campfire_choices":[{"data":"A Thousand Cuts","floor":6.0,"key":"SMITH"},{"floor":8.0,"key":"REST"},{"floor":12.0,"key":"REST"},{"floor":15.0,"key":"REST"},{"floor":23,"key":"REST"},{"floor":25,"key":"RECALL"},{"data":"Infinite Blades","floor":27,"key":"SMITH"},{"floor":32,"key":"REST"}],"neow_cost":"NONE","seed_source_timestamp":0,"circlet_count":0,"master_deck":["Defend_G+1","Defend_G+1","Defend_G+1","Defend_G+1","Defend_G+1","Strike_G+1","Strike_G+1","Strike_G+1","Strike_G+1","Survivor","Neutralize","Wraith Form v2","Dagger Spray","A Thousand Cuts+1","Neutralize","Terror","Deep Breath","Deflect","Poisoned Stab","Noxious Fumes","Dodge and Roll","Skewer","Blur","Infinite Blades+1","Regret","Distraction","Bane","Corpse Explosion","Outmaneuver","Concentrate+1","Crippling Poison","Dodge and Roll","Dagger Throw","Flying Knee","Quick Slash","Backflip","Bane"],"special_seed":0,"relics":["Ring of the Snake","Meat on the Bone","The Courier","Kunai","The Specimen","Bottled Flame","Lizard Tail","Bronze Scales","Darkstone Periapt","Anchor"],"potions_floor_usage":[33,33,33],"damage_taken":[{"damage":0.0,"enemies":"2 Louse","floor":1.0,"turns":3.0},{"damage":6.0,"enemies":"Cultist","floor":3.0,"turns":4.0},{"damage":3.0,"enemies":"Jaw Worm","floor":5.0,"turns":5.0},{"damage":30.0,"enemies":"Gremlin Nob","floor":7.0,"turns":5.0},{"damage":11.0,"enemies":"3 Sentries","floor":10.0,"turns":4.0},{"damage":27.0,"enemies":"Lagavulin","floor":13.0,"turns":5.0},{"damage":10.0,"enemies":"Blue Slaver","floor":14.0,"turns":4.0},{"damage":28.0,"enemies":"Hexaghost","floor":16.0,"turns":10.0},{"damage":27.0,"enemies":"Spheric Guardian","floor":18.0,"turns":6.0},{"damage":19,"enemies":"Shell Parasite","floor":21,"turns":6},{"damage":25,"enemies":"3 Cultists","floor":22,"turns":4},{"damage":13,"enemies":"Snake Plant","floor":24,"turns":4},{"damage":29,"enemies":"Chosen and Byrds","floor":29,"turns":5},{"damage":12,"enemies":"Cultist and Chosen","floor":31,"turns":5},{"damage":65,"enemies":"Champ","floor":33,"turns":9}],"seed_played":"-8231139656942853691","potions_obtained":[{"floor":3.0,"key":"Strength Potion"},{"floor":5.0,"key":"GamblersBrew"},{"floor":14.0,"key":"Weak Potion"},{"floor":18.0,"key":"GamblersBrew"},{"floor":31,"key":"Strength Potion"}],"is_trial":false,"path_per_floor":["M","?","M","$","M","R","E","R","T","E","?","R","E","M","R","B",null,"M","?","?","M","M","R","M","R","T","R","?","M","$","M","R","B"],"character_chosen":"THE_SILENT","items_purchased":["Noxious Fumes","Dodge and Roll","Darkstone Periapt","Anchor","Flying Knee","Quick Slash","Backflip"],"campfire_rested":5,"item_purchase_floors":[4,4,30,30,30,30,30],"current_hp_per_floor":[70,70,64,64,61,61,31,52,52,41,41,62,47,37,58,42,70,43,30,30,23,49,71,58,58,58,58,58,41,41,41,63,0],"gold":18,"neow_bonus":"TRANSFORM_CARD","is_prod":false,"is_daily":false,"chose_seed":false,"campfire_upgraded":2,"win_rate":0,"timestamp":1559335971,"path_taken":["M","?","?","$","?","R","E","R","T","E","?","R","E","M","R","BOSS","M","?","?","M","M","R","M","R","T","R","?","M","$","M","R","BOSS"],"build_version":"2019-01-23","purchased_purges":0,"victory":false,"max_hp_per_floor":[70,70,70,70,70,70,70,70,70,70,70,70,70,70,70,70,70,70,75,75,75,75,75,75,75,75,75,75,75,75,75,75,75],"card_choices":[{"not_picked":["Cloak And Dagger","Outmaneuver"],"picked":"Dagger Spray","floor":1.0},{"not_picked":["Bane","Dodge and Roll"],"picked":"Poisoned Stab","floor":3.0},{"not_picked":["Setup","Poisoned Stab"],"picked":"Skewer","floor":5.0},{"not_picked":["Concentrate","Expertise"],"picked":"Blur","floor":7.0},{"not_picked":["Outmaneuver","Finisher"],"picked":"Infinite Blades","floor":10.0},{"not_picked":["Riddle With Holes","Cloak And Dagger"],"picked":"Distraction","floor":13.0},{"not_picked":["Dodge and Roll","Unload"],"picked":"Bane","floor":14.0},{"not_picked":["Malaise","Unload"],"picked":"Corpse Explosion","floor":16.0},{"not_picked":["Bane","Choke"],"picked":"Outmaneuver","floor":18.0},{"not_picked":["Bouncing Flask","Blur"],"picked":"Concentrate+1","floor":21},{"not_picked":["Distraction","Well Laid Plans"],"picked":"Crippling Poison","floor":22},{"not_picked":["Blade Dance","Expertise"],"picked":"Dodge and Roll","floor":24},{"not_picked":["Bane","Deflect"],"picked":"Dagger Throw","floor":29},{"not_picked":["Skewer","Terror"],"picked":"Bane","floor":31}],"player_experience":444512,"relics_obtained":[{"floor":7.0,"key":"Meat on the Bone"},{"floor":9.0,"key":"The Courier"},{"floor":10.0,"key":"Kunai"},{"floor":13.0,"key":"Bottled Flame"},{"floor":26,"key":"Bronze Scales"}],"event_choices":[{"damage_healed":0.0,"max_hp_gain":0.0,"max_hp_loss":0.0,"gold_gain":0.0,"event_name":"Match and Keep!","player_choice":"5 cards matched","floor":2.0,"gold_loss":0.0,"damage_taken":0.0,"cards_obtained":["A Thousand Cuts","Neutralize","Terror","Deep Breath","Deflect"]},{"damage_healed":0.0,"max_hp_gain":0.0,"max_hp_loss":0.0,"gold_gain":0.0,"event_name":"Big Fish","player_choice":"Box","floor":11.0,"gold_loss":0.0,"damage_taken":0.0,"relics_obtained":["The Specimen"],"cards_obtained":["Regret"]},{"damage_healed":0.0,"max_hp_gain":5.0,"max_hp_loss":0.0,"gold_gain":0.0,"event_name":"Forgotten Altar","player_choice":"Shed Blood","floor":19.0,"gold_loss":0.0,"damage_taken":18.0},{"damage_healed":0.0,"max_hp_gain":0.0,"max_hp_loss":0.0,"gold_gain":99.0,"event_name":"Nest","player_choice":"Stole From Cult","floor":20.0,"gold_loss":0.0,"damage_taken":0.0},{"damage_healed":0,"gold_gain":0,"player_choice":"Simplicity","damage_taken":0,"max_hp_gain":0,"max_hp_loss":0,"event_name":"Back to Basics","floor":28,"gold_loss":0,"cards_upgraded":["Defend_G","Defend_G","Defend_G","Defend_G","Defend_G","Strike_G","Strike_G","Strike_G","Strike_G"]}],"is_beta":false,"boss_relics":[{"not_picked":["Ectoplasm","Runic Pyramid"],"picked":"Lizard Tail"}],"items_purged_floors":[],"is_endless":false,"potions_floor_spawned":[3,5,14,18,31],"killed_by":"Champ","ascension_level":0}