{"gold_per_floor":[109,22,22,22,36,55,55,32,32,52,110,123,142,155,155,155],"floor_reached":16,"playtime":570,"items_purged":[],"score":94,"play_id":"845fa455-af32-4dc4-8adc-d9029658bc5e","local_time":"20181120195609","is_ascension_mode":false,"campfire_choices":[{"floor":7,"key":"REST"},{"floor":15,"key":"REST"}],"neow_cost":"CURSE","seed_source_timestamp":510931514990867,"circlet_count":0,"master_deck":["Strike_B","Strike_B","Strike_B","Strike_B","Defend_B","Defend_B","Defend_B","Defend_B","Zap+1","Dualcast","Writhe","Echo Form","Streamline+1","Static Discharge+1","Gash","Auto Shields","Turbo","Conserve Battery","Beam Cell","Loop","Hello World","Stack","Defragment"],"relics":["Cracked Core","Strawberry"],"potions_floor_usage":[11,16,16,16],"damage_taken":[{"damage":13,"enemies":"2 Louse","floor":1,"turns":3},{"damage":11,"enemies":"Jaw Worm","floor":5,"turns":3},{"damage":2,"enemies":"Small Slimes","floor":6,"turns":3},{"damage":8,"enemies":"Exordium Wildlife","floor":10,"turns":5},{"damage":23,"enemies":"Gremlin Nob","floor":11,"turns":4},{"damage":8,"enemies":"Looter","floor":12,"turns":4},{"damage":18,"enemies":"Exordium Thugs","floor":13,"turns":4},{"damage":3,"enemies":"Red Slaver","floor":14,"turns":3},{"damage":30,"enemies":"The Guardian","floor":16,"turns":5}],"seed_played":"-5141883083530399902","potions_obtained":[{"floor":10,"key":"SkillPotion"},{"floor":11,"key":"Weak Potion"},{"floor":13,"key":"FocusPotion"},{"floor":14,"key":"LiquidBronze"}],"is_trial":false,"path_per_floor":["M","$","?","?","M","M","R","$","T","M","?","M","M","M","R","B"],"character_chosen":"DEFECT","items_purchased":["Static Discharge","Gash","Conserve Battery"],"campfire_rested":2,"item_purchase_floors":[2,2,8],"current_hp_per_floor":[62,62,62,47,36,34,56,56,56,48,32,24,6,3,27,0],"gold":155,"neow_bonus":"THREE_RARE_CARDS","is_prod":false,"is_daily":false,"chose_seed":false,"campfire_upgraded":0,"win_rate":0,"timestamp":1542765369,"path_taken":["M","$","?","?","M","M","R","?","T","M","?","?","M","M","R","BOSS"],"build_version":"2018-11-15","purchased_purges":0,"victory":false,"max_hp_per_floor":[75,75,75,75,75,75,75,75,75,75,82,82,82,82,82,82],"card_choices":[{"not_picked":["Multi-Cast","Biased Cognition"],"picked":"Echo Form","floor":0},{"not_picked":["Consume","Rebound"],"picked":"Streamline","floor":1},{"not_picked":["Stack","Leap"],"picked":"Auto Shields","floor":5},{"not_picked":["Barrage","Hologram"],"picked":"Turbo","floor":6},{"not_picked":["Aggregate","Steam"],"picked":"Beam Cell","floor":10},{"not_picked":["Core Surge","Steam"],"picked":"Loop","floor":11},{"not_picked":["Go for the Eyes","Chill"],"picked":"Hello World","floor":12},{"not_picked":["Cold Snap","Barrage"],"picked":"Stack","floor":13},{"not_picked":["Redo","Skim"],"picked":"Defragment","floor":14}],"player_experience":429410,"relics_obtained":[{"floor":11,"key":"Strawberry"}],"event_choices":[{"damage_healed":0,"gold_gain":0,"player_choice":"Grow","damage_taken":0,"max_hp_gain":0,"max_hp_loss":0,"event_name":"Living Wall","floor":3,"gold_loss":0,"cards_upgraded":["Static Discharge"]},{"damage_healed":0,"gold_gain":0,"player_choice":"Entered Light","damage_taken":15,"max_hp_gain":0,"max_hp_loss":0,"event_name":"Shining Light","floor":4,"gold_loss":0,"cards_upgraded":["Zap","Streamline"]},{"damage_healed":0,"gold_gain":30,"player_choice":"Searched \u00273\u0027 times","damage_taken":0,"max_hp_gain":0,"max_hp_loss":0,"event_name":"Dead Adventurer","floor":11,"gold_loss":0}],"is_beta":false,"boss_relics":[],"items_purged_floors":[],"is_endless":false,"potions_floor_spawned":[10,11,13,14],"killed_by":"The Guardian","ascension_level":0}