{"gold_per_floor":[113,113,113,128,72,72,90,119,119,154,167,167,41,56,56,135,135,153,172,50,68,88,88,38,56,81,81,96,125,125,135,135,210,210,227,227,227,242,13,13,29,60,60,80,80,180,180,198,198,198],"floor_reached":51,"playtime":4581,"items_purged":["Writhe"],"score":1391,"play_id":"0cc1cd07-c80b-4bee-816c-edf0226e99b6","local_time":"20190520194830","is_ascension_mode":true,"campfire_choices":[{"data":"Feel No Pain","floor":6.0,"key":"SMITH"},{"floor":12.0,"key":"REST"},{"floor":15.0,"key":"REST"},{"floor":23.0,"key":"REST"},{"floor":27.0,"key":"REST"},{"floor":30.0,"key":"REST"},{"floor":32.0,"key":"REST"},{"data":"Rupture","floor":40.0,"key":"SMITH"},{"data":"Corruption","floor":45,"key":"SMITH"},{"data":"Fire Breathing","floor":47,"key":"SMITH"},{"floor":49,"key":"REST"}],"neow_cost":"CURSE","seed_source_timestamp":238972405657,"circlet_count":0,"master_deck":["AscendersBane","Strike_R","Strike_R","Strike_R","Strike_R","Defend_R","Defend_R","Defend_R","Defend_R","Bash","Clumsy","Dark Embrace+1","Pummel","Feel No Pain+1","Pommel Strike","Pommel Strike","Juggernaut","Corruption+1","Warcry","Warcry","Shockwave","Spot Weakness","Fiend Fire","Second Wind","Infernal Blade","Shrug It Off","PanicButton","Seeing Red","Combust","Warcry+1","Metallicize","Intimidate","Rupture+1","Exhume","Body Slam","Fire Breathing+1","Parasite","Shrug It Off","Entrench+1","Body Slam","True Grit+1","Corruption+1"],"special_seed":0,"relics":["Burning Blood","Mummified Hand","Matryoshka","Pear","Black Star","Mercury Hourglass","PreservedInsect","Dead Branch","Bronze Scales","Runic Cube","Potion Belt","Kunai","Frozen Egg 2","Toxic Egg 2","Turnip"],"potions_floor_usage":[44,50,50,50],"damage_taken":[{"damage":0.0,"enemies":"Small Slimes","floor":1.0,"turns":3.0},{"damage":4.0,"enemies":"2 Louse","floor":4.0,"turns":4.0},{"damage":7.0,"enemies":"Cultist","floor":7.0,"turns":4.0},{"damage":10.0,"enemies":"3 Sentries","floor":8.0,"turns":10.0},{"damage":58.0,"enemies":"Lagavulin","floor":10.0,"turns":9.0},{"damage":5.0,"enemies":"Gremlin Gang","floor":11.0,"turns":2.0},{"damage":0.0,"enemies":"3 Louse","floor":14.0,"turns":3.0},{"damage":64.0,"enemies":"The Guardian","floor":16.0,"turns":13.0},{"damage":25.0,"enemies":"2 Thieves","floor":18.0,"turns":4.0},{"damage":21.0,"enemies":"Shell Parasite","floor":19.0,"turns":3.0},{"damage":18.0,"enemies":"Centurion and Healer","floor":21.0,"turns":5.0},{"damage":29.0,"enemies":"Sentry and Sphere","floor":22.0,"turns":6.0},{"damage":1.0,"enemies":"Snecko","floor":25.0,"turns":3.0},{"damage":45.0,"enemies":"Chosen and Byrds","floor":28.0,"turns":7.0},{"damage":18.0,"enemies":"Gremlin Leader","floor":29.0,"turns":5.0},{"damage":3.0,"enemies":"Cultist and Chosen","floor":31.0,"turns":2.0},{"damage":3.0,"enemies":"Collector","floor":33.0,"turns":4.0},{"damage":31.0,"enemies":"3 Shapes","floor":35.0,"turns":2.0},{"damage":0.0,"enemies":"3 Darklings","floor":38.0,"turns":2.0},{"damage":13.0,"enemies":"Writhing Mass","floor":41.0,"turns":3.0},{"damage":14,"enemies":"Giant Head","floor":42,"turns":4},{"damage":8,"enemies":"Jaw Worm Horde","floor":44,"turns":3},{"damage":9,"enemies":"Mind Bloom Boss Battle","floor":46,"turns":3},{"damage":33,"enemies":"3 Darklings","floor":48,"turns":3},{"damage":15,"enemies":"Awakened One","floor":50,"turns":4}],"seed_played":"-6024010264949138310","potions_obtained":[{"floor":4.0,"key":"SkillPotion"},{"floor":10.0,"key":"Energy Potion"},{"floor":14.0,"key":"LiquidBronze"},{"floor":19.0,"key":"SkillPotion"},{"floor":21.0,"key":"Regen Potion"},{"floor":22.0,"key":"GamblersBrew"},{"floor":31.0,"key":"GamblersBrew"},{"floor":35.0,"key":"AttackPotion"},{"floor":42,"key":"SpeedPotion"},{"floor":44,"key":"SteroidPotion"},{"floor":48,"key":"Weak Potion"}],"is_trial":false,"path_per_floor":["M","?","?","M","$","R","M","E","T","E","M","R","$","M","R","B",null,"M","M","$","M","M","R","?","M","T","R","M","E","R","M","R","B",null,"M","?","?","M","$","R","M","E","T","M","R","?","R","M","R","B",null],"character_chosen":"IRONCLAD","items_purchased":["Pommel Strike","Warcry","Shockwave","Shrug It Off","PanicButton","Fire Breathing","Ancient Potion"],"campfire_rested":7,"item_purchase_floors":[5,13,13,20,20,39,39],"current_hp_per_floor":[74,74,74,75,75,75,74,70,70,28,29,54,54,60,85,27,71,52,37,37,25,17,42,42,47,47,72,33,21,46,49,74,77,83,58,58,75,81,81,81,74,66,66,64,64,61,61,34,59,50],"gold":198,"neow_bonus":"THREE_RARE_CARDS","is_prod":false,"is_daily":false,"chose_seed":false,"campfire_upgraded":4,"win_rate":0,"timestamp":1558370910,"path_taken":["M","?","?","?","$","R","?","E","T","E","?","R","$","M","R","BOSS","M","M","$","M","M","R","?","M","T","R","M","E","R","?","R","BOSS","M","?","?","M","$","R","M","E","T","M","R","?","R","?","R","BOSS"],"build_version":"2019-01-23","purchased_purges":1,"victory":true,"max_hp_per_floor":[75,75,75,75,75,75,75,75,75,85,85,85,85,85,85,85,85,85,85,85,85,85,85,85,85,85,85,85,85,85,85,85,85,85,85,85,85,85,85,85,85,85,85,85,85,85,85,85,85,85],"card_choices":[{"not_picked":["Feed","Juggernaut"],"picked":"Dark Embrace","floor":0.0},{"not_picked":["Dual Wield","Anger"],"picked":"Pummel","floor":1.0},{"not_picked":["Warcry","Rage"],"picked":"Feel No Pain","floor":4.0},{"not_picked":["Armaments","True Grit"],"picked":"Pommel Strike","floor":7.0},{"not_picked":["Fire Breathing","Wild Strike"],"picked":"Juggernaut","floor":8.0},{"not_picked":["Havoc","Sever Soul"],"picked":"Corruption","floor":10.0},{"not_picked":["Anger","Armaments"],"picked":"Warcry","floor":11.0},{"not_picked":["Cleave","Warcry"],"picked":"Spot Weakness","floor":14.0},{"not_picked":["Immolate","Reaper"],"picked":"Fiend Fire","floor":16.0},{"not_picked":["Headbutt+1","Searing Blow+1"],"picked":"Second Wind","floor":18.0},{"not_picked":["Feel No Pain","True Grit"],"picked":"Infernal Blade","floor":19.0},{"not_picked":["Wild Strike+1","Bloodletting"],"picked":"Seeing Red","floor":21.0},{"not_picked":["Uppercut","True Grit"],"picked":"Combust","floor":22.0},{"not_picked":["Flex","Thunderclap"],"picked":"Warcry+1","floor":25.0},{"not_picked":["Headbutt","Whirlwind"],"picked":"Metallicize","floor":28.0},{"not_picked":["Pommel Strike","Sever Soul"],"picked":"Intimidate","floor":29.0},{"not_picked":["Ghostly Armor","Twin Strike"],"picked":"Rupture","floor":31.0},{"not_picked":["Immolate","Bludgeon"],"picked":"Exhume","floor":33.0},{"not_picked":["Heavy Blade","Clash"],"picked":"Body Slam","floor":35.0},{"not_picked":["Rampage","Thunderclap","Sword Boomerang+1"],"picked":"SKIP","floor":38.0},{"not_picked":["Twin Strike","Flex"],"picked":"Shrug It Off","floor":41.0},{"not_picked":["Reckless Charge","Rampage+1"],"picked":"Entrench+1","floor":42},{"not_picked":["Dropkick","Thunderclap"],"picked":"Body Slam","floor":44},{"not_picked":["Second Wind+1","Headbutt+1"],"picked":"True Grit+1","floor":46},{"not_picked":["Dropkick","Flex+1"],"picked":"Corruption+1","floor":48}],"player_experience":1377861,"relics_obtained":[{"floor":8.0,"key":"Mummified Hand"},{"floor":9.0,"key":"Matryoshka"},{"floor":10.0,"key":"Pear"},{"floor":26.0,"key":"Mercury Hourglass"},{"floor":26.0,"key":"PreservedInsect"},{"floor":29.0,"key":"Dead Branch"},{"floor":29.0,"key":"Bronze Scales"},{"floor":42,"key":"Potion Belt"},{"floor":42,"key":"Kunai"},{"floor":43,"key":"Frozen Egg 2"},{"floor":43,"key":"Toxic Egg 2"},{"floor":46,"key":"Turnip"}],"event_choices":[{"damage_healed":0.0,"max_hp_gain":0.0,"max_hp_loss":0.0,"gold_gain":0.0,"event_name":"The Cleric","player_choice":"Leave","floor":2.0,"gold_loss":0.0,"damage_taken":0.0},{"damage_healed":0.0,"max_hp_gain":0.0,"max_hp_loss":0.0,"gold_gain":0.0,"event_name":"Accursed Blacksmith","player_choice":"Forge","floor":3.0,"gold_loss":0.0,"damage_taken":0.0,"cards_upgraded":["Dark Embrace"]},{"damage_healed":0.0,"max_hp_gain":0.0,"max_hp_loss":0.0,"gold_gain":0.0,"event_name":"The Joust","player_choice":"Bet on Murderer","floor":24.0,"gold_loss":50.0,"damage_taken":0.0},{"cards_removed":["Strike_R"],"damage_healed":0.0,"max_hp_gain":0.0,"max_hp_loss":0.0,"gold_gain":0.0,"event_name":"Falling","player_choice":"Removed Attack","floor":36.0,"gold_loss":0.0,"damage_taken":0.0},{"damage_healed":17.0,"max_hp_gain":0.0,"max_hp_loss":0.0,"gold_gain":0.0,"event_name":"Winding Halls","player_choice":"Writhe","floor":37.0,"gold_loss":0.0,"damage_taken":0.0,"cards_obtained":["Writhe"]},{"damage_healed":0,"gold_gain":0,"player_choice":"Fight","damage_taken":0,"max_hp_gain":0,"max_hp_loss":0,"event_name":"MindBloom","floor":46,"gold_loss":0}],"is_beta":false,"boss_relics":[{"not_picked":["Tiny House","Lizard Tail"],"picked":"Black Star"},{"not_picked":["Velvet Choker","Eternal Feather"],"picked":"Runic Cube"}],"items_purged_floors":[39],"is_endless":false,"potions_floor_spawned":[4,10,14,19,21,22,31,35,41,42,44,48],"ascension_level":16}