{"gold_per_floor":[115,130,130,143,143,143,156,156,204,219,219,231,231,56,56,155,155,175,175,189,199,0,0,11,11,11,11,11,30,30,47,47,149,149,161,0,20,20,20,20],"floor_reached":40,"playtime":5102,"items_purged":["Strike_G"],"score":443,"play_id":"3bc2d265-94aa-4afd-be07-b2ef85779295","local_time":"20181226201430","is_ascension_mode":true,"campfire_choices":[{"data":"Setup","floor":6.0,"key":"SMITH"},{"data":"Bullet Time","floor":8.0,"key":"SMITH"},{"data":"Leg Sweep","floor":11.0,"key":"SMITH"},{"data":"Escape Plan","floor":13.0,"key":"SMITH"},{"floor":15.0,"key":"REST"},{"floor":23.0,"key":"REST"},{"floor":25.0,"key":"REST"},{"data":"Deadly Poison","floor":27,"key":"SMITH"},{"data":"Bane","floor":30,"key":"SMITH"},{"floor":32,"key":"REST"}],"neow_cost":"NONE","seed_source_timestamp":0,"circlet_count":0,"master_deck":["Survivor","Neutralize","Bouncing Flask+1","Poisoned Stab","Setup+1","Bullet Time+1","Leg Sweep+1","Escape Plan+1","Deadly Poison+1","Bane+1","Corpse Explosion","Trip","Poisoned Stab+1","Outmaneuver","Backflip","Catalyst+1","Venomology","Noxious Fumes","Flechettes","Malaise","Deadly Poison","Phantasmal Killer","Skewer","Concentrate","Blind"],"special_seed":0,"relics":["Ring of the Snake","War Paint","Potion Belt","Empty Cage","Kunai","Pandora\u0027s Box","Red Mask"],"potions_floor_usage":[29,29,35,35,35,37,37,37,40,40,40],"damage_taken":[{"damage":0.0,"enemies":"Small Slimes","floor":1.0,"turns":4.0},{"damage":6.0,"enemies":"Jaw Worm","floor":2.0,"turns":4.0},{"damage":0.0,"enemies":"Cultist","floor":4.0,"turns":3.0},{"damage":6.0,"enemies":"Large Slime","floor":7.0,"turns":8.0},{"damage":6.0,"enemies":"Exordium Thugs","floor":10.0,"turns":4.0},{"damage":2.0,"enemies":"Exordium Wildlife","floor":12.0,"turns":4.0},{"damage":7.0,"enemies":"Hexaghost","floor":16.0,"turns":8.0},{"damage":0.0,"enemies":"Spheric Guardian","floor":18.0,"turns":2.0},{"damage":7.0,"enemies":"Shell Parasite","floor":20.0,"turns":4.0},{"damage":24.0,"enemies":"Sentry and Sphere","floor":21.0,"turns":5.0},{"damage":21.0,"enemies":"Snake Plant","floor":24.0,"turns":3.0},{"damage":2,"enemies":"Centurion and Healer","floor":29,"turns":5},{"damage":13,"enemies":"Snecko","floor":31,"turns":3},{"damage":48,"enemies":"Champ","floor":33,"turns":12},{"damage":41,"enemies":"3 Darklings","floor":35,"turns":4},{"damage":10,"enemies":"Orb Walker","floor":37,"turns":3},{"damage":24,"enemies":"Giant Head","floor":40,"turns":6}],"seed_played":"-7073079818994914337","potions_obtained":[{"floor":1.0,"key":"Block Potion"},{"floor":2.0,"key":"Fire Potion"},{"floor":12.0,"key":"Strength Potion"},{"floor":20.0,"key":"Poison Potion"},{"floor":21.0,"key":"Block Potion"},{"floor":24.0,"key":"GamblersBrew"},{"floor":33,"key":"Block Potion"},{"floor":35,"key":"GamblersBrew"},{"floor":37,"key":"EssenceOfSteel"}],"is_trial":false,"path_per_floor":["M","M","?","M","?","R","M","R","T","M","R","M","R","$","R","B",null,"M","?","M","M","?","R","M","R","T","R","$","M","R","M","R","B",null,"M","?","M","?","?","E"],"character_chosen":"THE_SILENT","items_purchased":["Deadly Poison","Bane"],"campfire_rested":4,"item_purchase_floors":[14,14],"current_hp_per_floor":[70,64,64,64,52,52,46,46,46,40,40,38,38,38,59,52,70,70,56,49,25,25,46,25,46,46,46,46,44,44,31,52,4,70,29,29,19,19,19,0],"gold":20,"neow_bonus":"THREE_CARDS","is_prod":false,"is_daily":false,"chose_seed":false,"campfire_upgraded":6,"win_rate":0,"timestamp":1545822870,"path_taken":["M","M","?","M","?","R","M","R","T","M","R","M","R","$","R","BOSS","M","?","?","M","?","R","M","R","T","R","?","M","R","?","R","BOSS","M","?","M","?","?","E"],"build_version":"2018-12-20","purchased_purges":1,"victory":false,"max_hp_per_floor":[70,70,70,70,70,70,70,70,70,70,70,70,70,70,70,70,70,70,70,70,70,70,70,70,70,70,70,70,70,70,70,70,70,70,70,70,70,70,70,70],"card_choices":[{"not_picked":["Leg Sweep","Dagger Throw"],"picked":"Bouncing Flask","floor":0.0},{"not_picked":["Choke","Concentrate"],"picked":"Poisoned Stab","floor":1.0},{"not_picked":["Underhanded Strike","Outmaneuver"],"picked":"Dagger Throw","floor":2.0},{"not_picked":["All Out Attack","Sucker Punch"],"picked":"Setup","floor":4.0},{"not_picked":["Escape Plan","Outmaneuver"],"picked":"Bullet Time","floor":7.0},{"not_picked":["Cloak And Dagger","Dagger Throw"],"picked":"Leg Sweep","floor":10.0},{"not_picked":["Acrobatics","Prepared"],"picked":"Escape Plan","floor":12.0},{"not_picked":["Wraith Form v2","Die Die Die"],"picked":"Corpse Explosion","floor":16.0},{"not_picked":["Flying Knee","Quick Slash","Leg Sweep"],"picked":"SKIP","floor":18.0},{"not_picked":["Distraction","Leg Sweep"],"picked":"Poisoned Stab+1","floor":20.0},{"not_picked":["Cloak And Dagger","Dagger Throw"],"picked":"Outmaneuver","floor":21.0},{"not_picked":["Escape Plan","Distraction"],"picked":"Backflip","floor":24.0},{"not_picked":["Eviscerate","Flechettes"],"picked":"Catalyst+1","floor":29},{"not_picked":["Backflip","Glass Knife","Accuracy"],"picked":"SKIP","floor":31},{"not_picked":["Die Die Die","Grand Finale"],"picked":"Venomology","floor":33},{"not_picked":["Dagger Spray","Flying Knee","Slice+1"],"picked":"SKIP","floor":35},{"not_picked":["Dagger Throw+1","Underhanded Strike","Blade Dance+1"],"picked":"SKIP","floor":37},{"not_picked":["Mind Blast","Master of Strategy"],"picked":"Blind","floor":39}],"player_experience":209041,"relics_obtained":[{"floor":9.0,"key":"Potion Belt"},{"floor":26.0,"key":"Kunai"}],"event_choices":[{"damage_healed":0.0,"max_hp_gain":0.0,"max_hp_loss":0.0,"gold_gain":0.0,"event_name":"Living Wall","player_choice":"Grow","floor":3.0,"gold_loss":0.0,"damage_taken":0.0,"cards_upgraded":["Bouncing Flask"]},{"damage_healed":0.0,"max_hp_gain":0.0,"max_hp_loss":0.0,"gold_gain":0.0,"event_name":"Scrap Ooze","player_choice":"Success","floor":5.0,"gold_loss":0.0,"damage_taken":12.0,"relics_obtained":["War Paint"]},{"damage_healed":0.0,"max_hp_gain":0.0,"max_hp_loss":0.0,"gold_gain":0.0,"event_name":"Knowing Skull","player_choice":"CARD ","floor":19.0,"potions_obtained":[],"gold_loss":0.0,"damage_taken":14.0,"cards_obtained":["Trip"]},{"damage_healed":0.0,"max_hp_gain":0.0,"max_hp_loss":0.0,"gold_gain":0.0,"event_name":"Masked Bandits","player_choice":"Paid Fearfully","floor":22.0,"gold_loss":199.0,"damage_taken":0.0},{"damage_healed":0,"gold_gain":0,"player_choice":"Paid","damage_taken":0,"relics_obtained":["Red Mask"],"max_hp_gain":0,"max_hp_loss":0,"event_name":"Tomb of Lord Red Mask","floor":36,"gold_loss":161},{"cards_removed":["Dagger Throw"],"damage_healed":0,"gold_gain":0,"player_choice":"Removed Attack","damage_taken":0,"max_hp_gain":0,"max_hp_loss":0,"event_name":"Falling","floor":38,"gold_loss":0},{"damage_healed":0,"gold_gain":0,"player_choice":"Memory 1","damage_taken":0,"max_hp_gain":0,"max_hp_loss":0,"event_name":"SensoryStone","floor":39,"gold_loss":0}],"is_beta":false,"boss_relics":[{"not_picked":["Cursed Key","Tiny House"],"picked":"Empty Cage"},{"not_picked":["Ring of the Serpent","Sozu"],"picked":"Pandora\u0027s Box"}],"items_purged_floors":[14],"is_endless":false,"potions_floor_spawned":[1,2,12,20,21,24,33,35,37],"killed_by":"Giant Head","ascension_level":2}