{"gold_per_floor":[110,110,129,146,165,165,194,194,220,253,271,271,4,23,23,94,94,113,132,142,158,158,188,188,217,241,257,257,288,298,312,312,385,435,453,553,568,568,581,581,615,615,661,661,1,11,42,54,54,54],"floor_reached":51,"playtime":4709,"items_purged":["Pain"],"score":1474,"play_id":"bd6799f7-db54-4d71-9e00-5d7beff16eab","local_time":"20190602140721","is_ascension_mode":true,"campfire_choices":[{"data":"Footwork","floor":6.0,"key":"SMITH"},{"data":"Glass Knife","floor":8.0,"key":"SMITH"},{"floor":12.0,"key":"REST"},{"floor":15.0,"key":"REST"},{"floor":24.0,"key":"REST"},{"floor":28.0,"key":"REST"},{"floor":32,"key":"REST"},{"data":"Adrenaline","floor":40,"key":"SMITH"},{"floor":42,"key":"REST"},{"floor":49,"key":"REST"}],"neow_cost":"NONE","seed_source_timestamp":0,"circlet_count":0,"master_deck":["AscendersBane","Defend_G","Defend_G","Defend_G","Defend_G","Defend_G","Strike_G","Strike_G","Strike_G","Strike_G","Strike_G","Survivor","Neutralize","Footwork+1","PiercingWail","Deadly Poison","Glass Knife+1","Well Laid Plans","Deflect","Deflect","Adrenaline+1","Dagger Spray","Backflip","Noxious Fumes+1","Footwork+1","Malaise","Backstab","PiercingWail","Caltrops","Dagger Throw+1","Cloak And Dagger+1","Corpse Explosion","Blade Dance","Cloak And Dagger+1","Bane+1","Cloak And Dagger","Cloak And Dagger","Backflip","Deflect","Infinite Blades","Escape Plan"],"special_seed":0,"relics":["Ring of the Snake","Art of War","Blood Vial","Potion Belt","Shuriken","Philosopher\u0027s Stone","FaceOfCleric","Bottled Flame","Bottled Tornado","PreservedInsect","Mercury Hourglass","Tiny House","Tough Bandages","Smiling Mask","Lantern","WarpedTongs","Mummified Hand","Chemical X","Boot"],"potions_floor_usage":[33,39,50,50],"damage_taken":[{"damage":9.0,"enemies":"Jaw Worm","floor":1.0,"turns":8.0},{"damage":5.0,"enemies":"Cultist","floor":3.0,"turns":5.0},{"damage":1.0,"enemies":"2 Louse","floor":4.0,"turns":4.0},{"damage":3.0,"enemies":"Lots of Slimes","floor":5.0,"turns":7.0},{"damage":25.0,"enemies":"Lagavulin","floor":7.0,"turns":12.0},{"damage":26.0,"enemies":"3 Sentries","floor":10.0,"turns":11.0},{"damage":1.0,"enemies":"3 Louse","floor":11.0,"turns":4.0},{"damage":0.0,"enemies":"Large Slime","floor":14.0,"turns":5.0},{"damage":33.0,"enemies":"Slime Boss","floor":16.0,"turns":14.0},{"damage":12.0,"enemies":"Spheric Guardian","floor":18.0,"turns":6.0},{"damage":11.0,"enemies":"Chosen","floor":19.0,"turns":6.0},{"damage":9.0,"enemies":"Snake Plant","floor":20.0,"turns":5.0},{"damage":0.0,"enemies":"Centurion and Healer","floor":21.0,"turns":7.0},{"damage":18.0,"enemies":"Book of Stabbing","floor":23.0,"turns":7.0},{"damage":6.0,"enemies":"Slavers","floor":25.0,"turns":7.0},{"damage":6.0,"enemies":"Cultist and Chosen","floor":27.0,"turns":8.0},{"damage":19.0,"enemies":"Book of Stabbing","floor":29.0,"turns":7.0},{"damage":15,"enemies":"Sentry and Sphere","floor":30,"turns":6},{"damage":12,"enemies":"Chosen and Byrds","floor":31,"turns":7},{"damage":21,"enemies":"Collector","floor":33,"turns":10},{"damage":16,"enemies":"Orb Walker","floor":35,"turns":3},{"damage":0,"enemies":"Mind Bloom Boss Battle","floor":36,"turns":7},{"damage":0,"enemies":"3 Shapes","floor":37,"turns":5},{"damage":18,"enemies":"Writhing Mass","floor":39,"turns":7},{"damage":16,"enemies":"Nemesis","floor":41,"turns":9},{"damage":0,"enemies":"Maw","floor":46,"turns":7},{"damage":12,"enemies":"Reptomancer","floor":47,"turns":7},{"damage":23,"enemies":"Transient","floor":48,"turns":6},{"damage":31,"enemies":"Donu and Deca","floor":50,"turns":6}],"seed_played":"-4219683038581934489","potions_obtained":[{"floor":2.0,"key":"Regen Potion"},{"floor":2.0,"key":"Ancient Potion"},{"floor":4.0,"key":"Block Potion"},{"floor":7.0,"key":"SpeedPotion"},{"floor":10.0,"key":"Energy Potion"},{"floor":18.0,"key":"FairyPotion"},{"floor":19.0,"key":"EntropicBrew"},{"floor":23.0,"key":"SteroidPotion"},{"floor":29.0,"key":"Ancient Potion"},{"floor":31,"key":"Weak Potion"},{"floor":34,"key":"Block Potion"},{"floor":41,"key":"FairyPotion"},{"floor":47,"key":"GhostInAJar"}],"is_trial":false,"path_per_floor":["M","?","M","M","M","R","E","R","T","E","M","R","$","M","R","B",null,"M","M","M","M","?","E","R","E","T","M","R","E","M","M","R","B",null,"M","?","M","?","M","R","E","R","T","?","$","M","E","M","R","B",null],"character_chosen":"THE_SILENT","items_purchased":["Shuriken","Mummified Hand","Chemical X","PowerPotion","Deflect"],"campfire_rested":7,"item_purchase_floors":[13,45,45,45,45],"current_hp_per_floor":[56,56,51,50,62,62,37,37,37,13,14,35,35,37,58,27,61,51,42,35,37,37,22,43,40,40,37,59,43,31,22,45,27,71,58,61,64,64,49,49,36,62,62,62,62,65,56,36,63,35],"gold":54,"neow_bonus":"TEN_PERCENT_HP_BONUS","is_prod":false,"is_daily":false,"chose_seed":false,"campfire_upgraded":3,"win_rate":0,"timestamp":1559509641,"path_taken":["M","?","M","?","M","R","E","R","T","E","M","R","$","M","R","BOSS","M","M","?","M","?","E","R","E","T","M","R","E","?","M","R","BOSS","M","?","M","?","M","R","E","R","T","?","$","M","E","M","R","BOSS"],"build_version":"2019-01-23","purchased_purges":1,"victory":true,"max_hp_per_floor":[72,72,72,72,72,72,72,72,72,72,72,72,72,72,72,72,72,72,72,72,72,72,73,73,74,74,75,75,76,77,78,78,79,84,85,86,87,87,88,88,89,89,89,89,89,90,91,92,92,93],"card_choices":[{"not_picked":["Poisoned Stab","Endless Agony"],"picked":"Footwork","floor":1.0},{"not_picked":["Sucker Punch","All Out Attack"],"picked":"PiercingWail","floor":3.0},{"not_picked":["Cloak And Dagger","Dodge and Roll"],"picked":"Deadly Poison","floor":4.0},{"not_picked":["Outmaneuver","Heel Hook","Accuracy"],"picked":"SKIP","floor":5.0},{"not_picked":["Skewer","Cloak And Dagger"],"picked":"Glass Knife","floor":7.0},{"not_picked":["Infinite Blades","Setup"],"picked":"Well Laid Plans","floor":10.0},{"not_picked":["Tactician","Dagger Throw"],"picked":"Deflect","floor":11.0},{"not_picked":["Acrobatics","Prepared"],"picked":"Deflect","floor":14.0},{"not_picked":["Die Die Die","Unload"],"picked":"Adrenaline","floor":16.0},{"not_picked":["Slice","Accuracy"],"picked":"Dagger Spray","floor":18.0},{"not_picked":["Underhanded Strike","Deflect"],"picked":"Backflip","floor":19.0},{"not_picked":["Doppelganger","Setup"],"picked":"Noxious Fumes+1","floor":20.0},{"not_picked":["Leg Sweep","Bouncing Flask"],"picked":"Footwork+1","floor":21.0},{"not_picked":["Flying Knee","Quick Slash+1"],"picked":"Malaise","floor":23.0},{"not_picked":["Prepared","Quick Slash"],"picked":"Backstab","floor":25.0},{"not_picked":["Deadly Poison","Quick Slash"],"picked":"PiercingWail","floor":27.0},{"not_picked":["Wraith Form v2","Dagger Spray"],"picked":"Caltrops","floor":29.0},{"not_picked":["Deflect","Eviscerate"],"picked":"Dagger Throw+1","floor":30},{"not_picked":["Poisoned Stab","Flechettes"],"picked":"Cloak And Dagger","floor":31},{"not_picked":["Night Terror","Storm of Steel"],"picked":"Corpse Explosion","floor":33},{"not_picked":["Caltrops+1","Dagger Spray"],"picked":"Blade Dance","floor":34},{"not_picked":["Concentrate+1","Prepared"],"picked":"Cloak And Dagger+1","floor":35},{"not_picked":["Deadly Poison","Flechettes"],"picked":"Bane+1","floor":36},{"not_picked":["Choke","Slice"],"picked":"Cloak And Dagger","floor":37},{"not_picked":["Masterful Stab","Skewer+1"],"picked":"Cloak And Dagger","floor":39},{"not_picked":["Well Laid Plans","Acrobatics"],"picked":"Backflip","floor":41},{"not_picked":["Reflex+1","Bane"],"picked":"Infinite Blades","floor":46},{"not_picked":["Underhanded Strike","Predator"],"picked":"Escape Plan","floor":47},{"not_picked":["Sucker Punch","Dagger Throw","Deflect"],"picked":"SKIP","floor":48}],"player_experience":520727,"relics_obtained":[{"floor":7.0,"key":"Art of War"},{"floor":9.0,"key":"Blood Vial"},{"floor":10.0,"key":"Potion Belt"},{"floor":23.0,"key":"Bottled Flame"},{"floor":25.0,"key":"Bottled Tornado"},{"floor":26.0,"key":"PreservedInsect"},{"floor":29.0,"key":"Mercury Hourglass"},{"floor":36,"key":"Tough Bandages"},{"floor":41,"key":"Smiling Mask"},{"floor":43,"key":"Lantern"},{"floor":47,"key":"Boot"}],"event_choices":[{"damage_healed":0.0,"max_hp_gain":0.0,"max_hp_loss":0.0,"gold_gain":0.0,"event_name":"Lab","player_choice":"Got Potions","floor":2.0,"gold_loss":0.0,"damage_taken":0.0},{"damage_healed":0.0,"max_hp_gain":0.0,"max_hp_loss":0.0,"gold_gain":0.0,"event_name":"FaceTrader","player_choice":"Trade","floor":22.0,"gold_loss":0.0,"damage_taken":0.0,"relics_obtained":["FaceOfCleric"]},{"damage_healed":0,"gold_gain":0,"player_choice":"Fight","damage_taken":0,"max_hp_gain":0,"max_hp_loss":0,"event_name":"MindBloom","floor":36,"gold_loss":0},{"damage_healed":0,"gold_gain":0,"player_choice":"Memory 1","damage_taken":0,"max_hp_gain":0,"max_hp_loss":0,"event_name":"SensoryStone","floor":38,"gold_loss":0},{"damage_healed":0,"gold_gain":0,"player_choice":"Rummage","damage_taken":0,"relics_obtained":["WarpedTongs"],"max_hp_gain":0,"max_hp_loss":0,"event_name":"Accursed Blacksmith","floor":44,"gold_loss":0,"cards_obtained":["Pain"]}],"is_beta":false,"boss_relics":[{"not_picked":["Cursed Key","Eternal Feather"],"picked":"Philosopher\u0027s Stone"},{"not_picked":["Calling Bell","Runic Dome"],"picked":"Tiny House"}],"items_purged_floors":[45],"is_endless":false,"potions_floor_spawned":[4,7,10,18,19,23,29,31,36,41,47,48],"ascension_level":17}