{"gold_per_floor":[118,268,268,282,292,322,322,354,354,319,334,334,167,28,28,107,107,118,128,73,92,111,111,111,140,218,218,218],"floor_reached":28,"playtime":1760,"items_purged":[],"score":443,"play_id":"3af64abe-67c0-4d9c-b2f1-0ed9983393a9","local_time":"20190519071419","is_ascension_mode":true,"campfire_choices":[{"floor":12,"key":"REST"},{"floor":15,"key":"DIG"},{"floor":23,"key":"REST"}],"neow_cost":"NONE","seed_source_timestamp":71826981619894,"circlet_count":0,"master_deck":["AscendersBane","Strike_R","Strike_R","Strike_R","Strike_R","Strike_R","Defend_R","Defend_R","Defend_R","Defend_R","Bash","Headbutt","Perfected Strike","Twin Strike","Twin Strike","Armaments","Metallicize+1","Dark Embrace+1","Pommel Strike","Offering","Corruption+1","Shrug It Off","Shrug It Off","Wild Strike","Corruption+1","Battle Trance"],"special_seed":0,"relics":["Burning Blood","Red Skull","Shovel","Frozen Egg 2","Smiling Mask","Black Star","Blood Vial","Pen Nib","Tiny Chest"],"potions_floor_usage":[8,8,16,22],"damage_taken":[{"damage":6.0,"enemies":"Cultist","floor":1.0,"turns":4.0},{"damage":7.0,"enemies":"Jaw Worm","floor":4.0,"turns":3.0},{"damage":1.0,"enemies":"2 Louse","floor":5.0,"turns":3.0},{"damage":35.0,"enemies":"3 Sentries","floor":6.0,"turns":7.0},{"damage":20,"enemies":"Lagavulin","floor":8,"turns":5},{"damage":6,"enemies":"Looter","floor":11,"turns":2},{"damage":70,"enemies":"Hexaghost","floor":16,"turns":10},{"damage":34,"enemies":"Shell Parasite","floor":18,"turns":7},{"damage":9,"enemies":"3 Byrds","floor":19,"turns":5},{"damage":0,"enemies":"Snecko","floor":21,"turns":3},{"damage":14,"enemies":"Cultist and Chosen","floor":22,"turns":7},{"damage":49,"enemies":"Slavers","floor":25,"turns":6},{"damage":14,"enemies":"Centurion and Healer","floor":28,"turns":2}],"seed_played":"1231550647093217602","potions_obtained":[{"floor":1.0,"key":"Poison Potion"},{"floor":6.0,"key":"EntropicBrew"},{"floor":19,"key":"SpeedPotion"},{"floor":21,"key":"Block Potion"}],"is_trial":false,"path_per_floor":["M","?","?","M","M","E","?","E","T","?","M","R","$","$","R","B",null,"M","M","$","M","M","R","?","E","T","?","M"],"character_chosen":"IRONCLAD","items_purchased":["Dark Embrace+1","Pommel Strike","Regen Potion","Shrug It Off"],"campfire_rested":2,"item_purchase_floors":[13,14,14,20],"current_hp_per_floor":[75,75,75,74,79,50,50,36,36,36,36,60,60,60,60,11,64,36,33,33,39,31,55,55,12,12,12,0],"gold":218,"neow_bonus":"TEN_PERCENT_HP_BONUS","is_prod":false,"is_daily":false,"chose_seed":false,"campfire_upgraded":0,"win_rate":0,"timestamp":1558239259,"path_taken":["M","?","?","?","M","E","?","E","T","?","M","R","?","$","R","BOSS","M","M","$","M","M","R","?","E","T","?","?"],"build_version":"2019-01-23","purchased_purges":0,"victory":false,"max_hp_per_floor":[82,82,82,82,82,82,82,82,82,82,82,82,82,82,82,82,82,82,82,82,82,82,82,82,82,82,82,82],"card_choices":[{"not_picked":["Combust","Sword Boomerang"],"picked":"Headbutt","floor":1.0},{"not_picked":["Searing Blow","Heavy Blade"],"picked":"Perfected Strike","floor":4.0},{"not_picked":["Pummel","Clash"],"picked":"Twin Strike","floor":5.0},{"not_picked":["Shockwave","Warcry"],"picked":"Twin Strike","floor":6.0},{"not_picked":["Dropkick","Iron Wave"],"picked":"Armaments","floor":8},{"not_picked":["Searing Blow","Combust+1"],"picked":"Metallicize+1","floor":11},{"not_picked":["Immolate","Impervious"],"picked":"Offering","floor":16},{"not_picked":["Bloodletting","Rupture+1"],"picked":"Corruption+1","floor":18},{"not_picked":["Hemokinesis+1","Blood for Blood","Heavy Blade"],"picked":"SKIP","floor":19},{"not_picked":["Dropkick","Cleave"],"picked":"Shrug It Off","floor":21},{"not_picked":["Armaments","Heavy Blade"],"picked":"Wild Strike","floor":22},{"not_picked":["Twin Strike","Wild Strike"],"picked":"Corruption+1","floor":25}],"player_experience":1365154,"relics_obtained":[{"floor":6.0,"key":"Red Skull"},{"floor":8,"key":"Shovel"},{"floor":9,"key":"Frozen Egg 2"},{"floor":15,"key":"Smiling Mask"},{"floor":25,"key":"Blood Vial"},{"floor":25,"key":"Pen Nib"},{"floor":26,"key":"Tiny Chest"}],"event_choices":[{"damage_healed":0.0,"max_hp_gain":0.0,"max_hp_loss":0.0,"gold_gain":150.0,"event_name":"Liars Game","player_choice":"AGREE","floor":2.0,"gold_loss":0.0,"damage_taken":0.0,"cards_obtained":["Doubt"]},{"cards_removed":["Doubt"],"damage_healed":0.0,"max_hp_gain":0.0,"max_hp_loss":0.0,"gold_gain":0.0,"event_name":"Purifier","player_choice":"Purged","floor":3.0,"gold_loss":0.0,"damage_taken":0.0},{"damage_healed":0.0,"max_hp_gain":0.0,"max_hp_loss":0.0,"gold_gain":0.0,"event_name":"Shining Light","player_choice":"Ignored","floor":7.0,"gold_loss":0.0,"damage_taken":0.0},{"damage_healed":0,"gold_gain":0,"player_choice":"Left Gold","damage_taken":0,"max_hp_gain":0,"max_hp_loss":0,"event_name":"World of Goop","floor":10,"gold_loss":35},{"damage_healed":0,"gold_gain":0,"player_choice":"Ignored","damage_taken":0,"max_hp_gain":0,"max_hp_loss":0,"event_name":"Beggar","floor":24,"gold_loss":0},{"damage_healed":0,"gold_gain":0,"player_choice":"1 cards matched","damage_taken":0,"max_hp_gain":0,"max_hp_loss":0,"event_name":"Match and Keep!","floor":27,"gold_loss":0,"cards_obtained":["Battle Trance"]}],"is_beta":false,"boss_relics":[{"not_picked":["Ectoplasm","Runic Cube"],"picked":"Black Star"}],"items_purged_floors":[],"is_endless":false,"potions_floor_spawned":[1,6,19,21],"killed_by":"Centurion and Healer","ascension_level":16}