{"gold_per_floor":[116,129,129,1,17,17,42,52,79,94,94,116,116,143,143,222,222,241,22,22,22,35,69,69,69,93,93,93,108,119,69,69,147,147,160,160,69,69,86,97,97,109,109,109,109,109,0,14,14,14,14],"floor_reached":52,"playtime":2262,"items_purged":["Defend_B","Strike_B+1","Strike_B+1"],"score":1731,"play_id":"9f215806-fb67-4fda-9b82-3c745797c1bf","local_time":"20190410005205","is_ascension_mode":true,"campfire_choices":[{"data":"Dualcast","floor":6.0,"key":"SMITH"},{"data":"Blizzard","floor":11.0,"key":"SMITH"},{"data":"Sunder","floor":13.0,"key":"SMITH"},{"data":"Coolheaded","floor":15.0,"key":"SMITH"},{"floor":24,"key":"REST"},{"floor":28,"key":"REST"},{"data":"Zap","floor":32,"key":"SMITH"},{"data":"Defragment","floor":41,"key":"SMITH"},{"data":"Loop","floor":49,"key":"SMITH"}],"neow_cost":"NONE","seed_source_timestamp":626129473264100,"circlet_count":0,"master_deck":["AscendersBane","Defend_B+1","Defend_B+1","Defend_B+1","Zap+1","Dualcast+1","Blizzard+1","Defragment+1","BootSequence","Coolheaded+1","Cold Snap","Genetic Algorithm","Sunder+1","Seek","Electrodynamics","Skim","Coolheaded+1","FTL","Auto Shields","Self Repair+1","Leap+1","Seek","Loop+1","Heatsinks","Defragment+1"],"special_seed":0,"relics":["Cracked Core","Smiling Mask","Pen Nib","Odd Mushroom","Lantern","Runic Pyramid","Runic Capacitor","Boot","Ancient Tea Set","Nilry\u0027s Codex","Nuclear Battery","Molten Egg 2","Red Mask"],"potions_floor_usage":[23,50,51],"damage_taken":[{"damage":1.0,"enemies":"Cultist","floor":1.0,"turns":4.0},{"damage":12.0,"enemies":"Jaw Worm","floor":2.0,"turns":4.0},{"damage":3.0,"enemies":"Small Slimes","floor":5.0,"turns":4.0},{"damage":4.0,"enemies":"Gremlin Nob","floor":7.0,"turns":3.0},{"damage":0.0,"enemies":"Exordium Wildlife","floor":8.0,"turns":4.0},{"damage":0.0,"enemies":"2 Fungi Beasts","floor":10.0,"turns":4.0},{"damage":9.0,"enemies":"The Mushroom Lair","floor":12.0,"turns":3.0},{"damage":18.0,"enemies":"3 Sentries","floor":14.0,"turns":10.0},{"damage":7,"enemies":"Slime Boss","floor":16,"turns":8},{"damage":15,"enemies":"3 Byrds","floor":18,"turns":4},{"damage":10,"enemies":"2 Thieves","floor":22,"turns":4},{"damage":23,"enemies":"Book of Stabbing","floor":23,"turns":5},{"damage":3,"enemies":"Snake Plant","floor":29,"turns":7},{"damage":2,"enemies":"Chosen and Byrds","floor":30,"turns":4},{"damage":1,"enemies":"Automaton","floor":33,"turns":10},{"damage":0,"enemies":"Orb Walker","floor":35,"turns":4},{"damage":0,"enemies":"3 Shapes","floor":39,"turns":3},{"damage":0,"enemies":"Transient","floor":40,"turns":6},{"damage":0,"enemies":"Sphere and 2 Shapes","floor":42,"turns":3},{"damage":0,"enemies":"4 Shapes","floor":48,"turns":3},{"damage":4,"enemies":"Donu and Deca","floor":50,"turns":11},{"damage":54,"enemies":"Awakened One","floor":51,"turns":34}],"seed_played":"6544266573051755055","potions_obtained":[{"floor":1.0,"key":"Swift Potion"},{"floor":2.0,"key":"Explosive Potion"},{"floor":8.0,"key":"Block Potion"},{"floor":16,"key":"GamblersBrew"},{"floor":23,"key":"Poison Potion"},{"floor":30,"key":"Block Potion"},{"floor":40,"key":"Dexterity Potion"}],"is_trial":false,"path_per_floor":["M","M","?","$","M","R","E","M","T","M","R","?","R","E","R","B",null,"M","$","?","?","M","E","R","?","T","?","R","M","M","$","R","B",null,"M","?","$","?","M","M","R","M","T","T","?","?","?","M","R","B","B",null],"character_chosen":"DEFECT","items_purchased":["Coolheaded","Runic Capacitor","Loop"],"campfire_rested":2,"item_purchase_floors":[4,19,37],"current_hp_per_floor":[63,51,51,51,48,48,44,44,44,44,44,35,35,17,17,10,56,41,41,41,41,31,8,29,29,29,8,29,26,34,34,34,43,64,71,67,67,67,67,67,67,67,67,67,67,67,67,67,67,67,23],"gold":14,"neow_bonus":"TRANSFORM_CARD","is_prod":false,"is_daily":false,"chose_seed":false,"campfire_upgraded":7,"win_rate":0,"timestamp":1554825125,"path_taken":["M","?","?","$","M","R","E","M","T","M","R","?","R","E","R","BOSS","M","$","?","?","?","E","R","?","T","?","R","M","M","$","R","BOSS","M","?","$","?","M","M","R","?","T","?","?","?","?","M","R","BOSS","BOSS"],"build_version":"2019-01-23","purchased_purges":3,"victory":true,"max_hp_per_floor":[71,71,71,71,71,71,71,71,71,71,71,71,71,71,71,71,71,71,71,71,71,71,71,71,71,71,71,71,71,71,71,71,71,71,71,67,67,67,67,67,67,67,67,67,67,67,67,67,67,67,67],"card_choices":[{"not_picked":["Consume","Leap"],"picked":"Defragment","floor":1.0},{"not_picked":["Barrage","Consume"],"picked":"BootSequence","floor":2.0},{"not_picked":["Hologram","Redo"],"picked":"Cold Snap","floor":5.0},{"not_picked":["Stack","Go for the Eyes","Redo"],"picked":"SKIP","floor":7.0},{"not_picked":["Sweeping Beam","Conserve Battery"],"picked":"Genetic Algorithm","floor":8.0},{"not_picked":["Double Energy","Hello World"],"picked":"Sunder","floor":10.0},{"not_picked":["Leap","Redo"],"picked":"Seek","floor":12.0},{"not_picked":["Go for the Eyes","Double Energy","Heatsinks"],"picked":"SKIP","floor":14.0},{"not_picked":["Thunder Strike","Buffer"],"picked":"Electrodynamics","floor":16},{"not_picked":["Stack","Rebound"],"picked":"Skim","floor":18},{"not_picked":["Compile Driver","Coolheaded"],"picked":"FTL","floor":22},{"not_picked":["Electrodynamics","Hello World"],"picked":"Auto Shields","floor":23},{"not_picked":["Go for the Eyes","Stack"],"picked":"Self Repair+1","floor":29},{"not_picked":["Barrage","Double Energy"],"picked":"Leap+1","floor":30},{"not_picked":["Reboot","Thunder Strike"],"picked":"Seek","floor":33},{"not_picked":["Melter+1","Barrage","Beam Cell"],"picked":"SKIP","floor":35},{"not_picked":["Scrape","Aggregate","Conserve Battery"],"picked":"SKIP","floor":39},{"not_picked":["Cold Snap","Steam"],"picked":"Defragment","floor":40},{"not_picked":["Cold Snap+1","Rebound"],"picked":"Meteor Strike","floor":42},{"not_picked":["Undo","Hologram","Sunder+1"],"picked":"SKIP","floor":48}],"player_experience":4740505,"relics_obtained":[{"floor":7.0,"key":"Smiling Mask"},{"floor":9.0,"key":"Pen Nib"},{"floor":12.0,"key":"Odd Mushroom"},{"floor":14.0,"key":"Lantern"},{"floor":23,"key":"Boot"},{"floor":26,"key":"Ancient Tea Set"},{"floor":27,"key":"Nilry\u0027s Codex"},{"floor":43,"key":"Molten Egg 2"}],"event_choices":[{"damage_healed":0.0,"max_hp_gain":0.0,"max_hp_loss":0.0,"gold_gain":0.0,"event_name":"Living Wall","player_choice":"Grow","floor":3.0,"gold_loss":0.0,"damage_taken":0.0,"cards_upgraded":["Defragment"]},{"damage_healed":0.0,"max_hp_gain":0.0,"max_hp_loss":0.0,"gold_gain":0.0,"event_name":"Mushrooms","player_choice":"Fought Mushrooms","floor":12.0,"gold_loss":0.0,"damage_taken":0.0},{"damage_healed":0,"gold_gain":0,"player_choice":"Copied","damage_taken":0,"max_hp_gain":0,"max_hp_loss":0,"event_name":"Duplicator","floor":21,"gold_loss":0,"cards_obtained":["Coolheaded"]},{"damage_healed":0,"gold_gain":0,"player_choice":"Simplicity","damage_taken":0,"max_hp_gain":0,"max_hp_loss":0,"event_name":"Back to Basics","floor":25,"gold_loss":0,"cards_upgraded":["Strike_B","Strike_B","Strike_B","Defend_B","Defend_B","Defend_B"]},{"damage_healed":0,"gold_gain":0,"player_choice":"Obtained Book","damage_taken":21,"max_hp_gain":0,"max_hp_loss":0,"event_name":"Cursed Tome","floor":27,"gold_loss":0},{"damage_healed":0,"gold_gain":0,"player_choice":"Max HP","damage_taken":0,"max_hp_gain":0,"max_hp_loss":4,"event_name":"Winding Halls","floor":36,"gold_loss":0},{"damage_healed":0,"gold_gain":0,"cards_transformed":["Strike_B"],"player_choice":"Transformed","damage_taken":0,"max_hp_gain":0,"max_hp_loss":0,"event_name":"Transmorgrifier","floor":38,"gold_loss":0,"cards_obtained":["Heatsinks"]},{"damage_healed":0,"gold_gain":0,"player_choice":"Ignored","damage_taken":0,"max_hp_gain":0,"max_hp_loss":0,"event_name":"Mysterious Sphere","floor":45,"gold_loss":0},{"cards_removed":["Meteor Strike"],"damage_healed":0,"gold_gain":0,"player_choice":"Removed Attack","damage_taken":0,"max_hp_gain":0,"max_hp_loss":0,"event_name":"Falling","floor":46,"gold_loss":0},{"damage_healed":0,"gold_gain":0,"player_choice":"Paid","damage_taken":0,"relics_obtained":["Red Mask"],"max_hp_gain":0,"max_hp_loss":0,"event_name":"Tomb of Lord Red Mask","floor":47,"gold_loss":109}],"is_beta":false,"boss_relics":[{"not_picked":["Empty Cage","Calling Bell"],"picked":"Runic Pyramid"},{"not_picked":["Orrery","Lizard Tail"],"picked":"Nuclear Battery"}],"items_purged_floors":[4,31,37],"is_endless":false,"potions_floor_spawned":[1,2,8,16,23,30,39,40],"ascension_level":20}