{"gold_per_floor":[110,110,110,123,80,105,105,124,124,143,189,189,189,207,207,278,278,298,298,309,82,116,116,116],"floor_reached":24,"playtime":1038,"items_purged":[],"score":442,"play_id":"13501040-b97c-42aa-84d0-66383fe75477","local_time":"20190529183504","is_ascension_mode":true,"campfire_choices":[{"data":"Infernal Blade","floor":13,"key":"SMITH"},{"data":"Double Tap","floor":15,"key":"SMITH"},{"floor":23,"key":"REST"}],"neow_cost":"NONE","seed_source_timestamp":273105617031109,"circlet_count":0,"master_deck":["AscendersBane","Strike_R","Strike_R","Strike_R","Strike_R","Strike_R","Defend_R","Defend_R","Defend_R","Defend_R","Bash","Infernal Blade+1","Body Slam","Seeing Red","Intimidate","Headbutt","Anger","Double Tap+1","Double Tap","Rage+1","Headbutt","Magnetism","Warcry","Flame Barrier"],"relics":["Burning Blood","NeowsBlessing","Ornamental Fan","Art of War","Pen Nib","Bronze Scales","White Beast Statue"],"potions_floor_usage":[10,16,24],"damage_taken":[{"damage":0,"enemies":"2 Louse","floor":1,"turns":1},{"damage":0,"enemies":"Jaw Worm","floor":4,"turns":1},{"damage":0,"enemies":"Gremlin Nob","floor":6,"turns":1},{"damage":0,"enemies":"Cultist","floor":8,"turns":2},{"damage":8,"enemies":"Gremlin Gang","floor":10,"turns":6},{"damage":7,"enemies":"2 Fungi Beasts","floor":14,"turns":3},{"damage":44,"enemies":"Slime Boss","floor":16,"turns":11},{"damage":30,"enemies":"Shell Parasite","floor":18,"turns":4},{"damage":13,"enemies":"Spheric Guardian","floor":20,"turns":3},{"damage":16,"enemies":"Cultist and Chosen","floor":22,"turns":5},{"damage":58,"enemies":"Slavers","floor":24,"turns":5}],"seed_played":"307386507006951337","potions_obtained":[{"floor":1,"key":"FearPotion"},{"floor":8,"key":"Weak Potion"},{"floor":10,"key":"Explosive Potion"},{"floor":18,"key":"SneckoOil"},{"floor":22,"key":"PowerPotion"}],"is_trial":false,"path_per_floor":["M","?","?","M","$","E","?","M","T","M","T","$","R","M","R","B",null,"M","?","M","$","M","R","E"],"character_chosen":"IRONCLAD","items_purchased":["Seeing Red","Magnetism","Warcry"],"campfire_rested":1,"item_purchase_floors":[5,21,21],"current_hp_per_floor":[74,48,53,59,59,65,65,71,71,69,69,69,69,68,68,30,68,44,44,37,37,27,51,0],"gold":116,"neow_bonus":"THREE_ENEMY_KILL","is_prod":false,"is_daily":false,"chose_seed":false,"campfire_upgraded":2,"win_rate":0,"timestamp":1559144104,"path_taken":["M","?","?","M","$","E","?","M","T","?","?","$","R","M","R","BOSS","M","?","M","$","M","R","E"],"build_version":"2019-01-23","purchased_purges":0,"victory":false,"max_hp_per_floor":[75,75,80,80,80,80,80,80,80,80,80,80,80,80,80,80,80,80,80,80,80,80,80,80],"card_choices":[{"not_picked":["Blood for Blood","Battle Trance"],"picked":"Infernal Blade","floor":1},{"not_picked":["Thunderclap","Flame Barrier"],"picked":"Body Slam","floor":4},{"not_picked":["Havoc","Perfected Strike"],"picked":"Intimidate","floor":6},{"not_picked":["Shrug It Off","Sword Boomerang"],"picked":"Headbutt","floor":8},{"not_picked":["Body Slam","True Grit"],"picked":"Anger","floor":10},{"not_picked":["Disarm","Intimidate"],"picked":"Double Tap","floor":14},{"not_picked":["Berserk","Offering"],"picked":"Double Tap","floor":16},{"not_picked":["Second Wind","Clash"],"picked":"Rage+1","floor":18},{"not_picked":["Thunderclap","Perfected Strike"],"picked":"Headbutt","floor":20},{"not_picked":["Rupture","Power Through"],"picked":"Flame Barrier","floor":22}],"player_experience":1426753,"relics_obtained":[{"floor":6,"key":"Art of War"},{"floor":9,"key":"Pen Nib"},{"floor":11,"key":"Bronze Scales"}],"event_choices":[{"damage_healed":0,"gold_gain":0,"player_choice":"Success","damage_taken":26,"relics_obtained":["Ornamental Fan"],"max_hp_gain":0,"max_hp_loss":0,"event_name":"Scrap Ooze","floor":2,"gold_loss":0},{"damage_healed":0,"gold_gain":0,"player_choice":"Donut","damage_taken":0,"max_hp_gain":5,"max_hp_loss":0,"event_name":"Big Fish","floor":3,"gold_loss":0},{"damage_healed":0,"gold_gain":0,"player_choice":"Ignored","damage_taken":0,"max_hp_gain":0,"max_hp_loss":0,"event_name":"Golden Wing","floor":7,"gold_loss":0},{"damage_healed":0,"gold_gain":0,"player_choice":"Ignored","damage_taken":0,"max_hp_gain":0,"max_hp_loss":0,"event_name":"Beggar","floor":19,"gold_loss":0}],"is_beta":false,"boss_relics":[{"not_picked":["Calling Bell","Black Star"],"picked":"White Beast Statue"}],"items_purged_floors":[],"is_endless":false,"potions_floor_spawned":[1,8,10,18,20,22],"killed_by":"Slavers","ascension_level":20}