{"gold_per_floor":[17,28,38,38,52,52,52,52,52,83,98,118,118,153,153,153],"floor_reached":16,"playtime":988,"items_purged":[],"score":207,"play_id":"66c80732-b690-4161-a267-dc4e2b7e8c09","local_time":"20190319042216","is_ascension_mode":true,"campfire_choices":[{"data":"Zap","floor":6,"key":"SMITH"},{"data":"Dualcast","floor":8,"key":"SMITH"},{"floor":13,"key":"REST"},{"floor":15,"key":"REST"}],"neow_cost":"NO_GOLD","seed_source_timestamp":1654287435058398,"circlet_count":0,"master_deck":["AscendersBane","Strike_B","Strike_B","Defend_B","Defend_B","Defend_B","Defend_B","Zap+1","Dualcast+1","Conserve Battery","Undo","Undo","Go for the Eyes","Pain","Conserve Battery","Hologram","Static Discharge+1","Glacier"],"special_seed":0,"relics":["Cracked Core","WarpedTongs","Singing Bowl","Frozen Egg 2","Peace Pipe"],"potions_floor_usage":[14,16],"damage_taken":[{"damage":0,"enemies":"2 Louse","floor":1,"turns":3},{"damage":0,"enemies":"Cultist","floor":2,"turns":3},{"damage":0,"enemies":"Jaw Worm","floor":3,"turns":4},{"damage":1,"enemies":"Looter","floor":5,"turns":4},{"damage":30,"enemies":"Gremlin Nob","floor":10,"turns":5},{"damage":6,"enemies":"Exordium Thugs","floor":11,"turns":6},{"damage":17,"enemies":"Exordium Wildlife","floor":12,"turns":10},{"damage":24,"enemies":"3 Sentries","floor":14,"turns":8},{"damage":30,"enemies":"Hexaghost","floor":16,"turns":19}],"seed_played":"8206597855691452226","potions_obtained":[{"floor":3,"key":"LiquidBronze"},{"floor":11,"key":"Energy Potion"},{"floor":14,"key":"SkillPotion"}],"is_trial":false,"path_per_floor":["M","M","M","?","M","R","?","R","T","E","M","M","R","E","R","B"],"character_chosen":"DEFECT","items_purchased":[],"campfire_rested":2,"item_purchase_floors":[],"current_hp_per_floor":[64,64,64,64,63,63,63,63,63,33,27,10,31,7,28,0],"gold":153,"neow_bonus":"REMOVE_TWO","is_prod":false,"is_daily":false,"chose_seed":false,"campfire_upgraded":2,"win_rate":0,"timestamp":1552936936,"path_taken":["M","M","M","?","M","R","?","R","T","E","M","M","R","E","R","BOSS"],"build_version":"2019-03-15","purchased_purges":0,"victory":false,"max_hp_per_floor":[71,71,71,71,71,71,71,71,71,71,71,71,71,71,71,71],"card_choices":[{"not_picked":["Recycle","Hello World"],"picked":"Conserve Battery","floor":1},{"not_picked":["Fusion","Steam"],"picked":"Undo","floor":2},{"not_picked":["Compile Driver","FTL"],"picked":"Undo","floor":3},{"not_picked":["Rebound","Turbo"],"picked":"Go for the Eyes","floor":5},{"not_picked":["Go for the Eyes","Stack"],"picked":"Conserve Battery","floor":10},{"not_picked":["Compile Driver","Reprogram"],"picked":"Hologram","floor":11},{"not_picked":["Skim","Compile Driver"],"picked":"Static Discharge+1","floor":12},{"not_picked":["Tempest","Coolheaded"],"picked":"Glacier","floor":14}],"player_experience":2710270,"relics_obtained":[{"floor":9,"key":"Singing Bowl"},{"floor":10,"key":"Frozen Egg 2"},{"floor":14,"key":"Peace Pipe"}],"event_choices":[{"damage_healed":0,"gold_gain":0,"player_choice":"Leave","damage_taken":0,"max_hp_gain":0,"max_hp_loss":0,"event_name":"The Cleric","floor":4,"gold_loss":0},{"damage_healed":0,"gold_gain":0,"player_choice":"Rummage","damage_taken":0,"relics_obtained":["WarpedTongs"],"max_hp_gain":0,"max_hp_loss":0,"event_name":"Accursed Blacksmith","floor":7,"gold_loss":0,"cards_obtained":["Pain"]}],"is_beta":true,"boss_relics":[],"items_purged_floors":[],"is_endless":false,"potions_floor_spawned":[3,11,14],"killed_by":"Hexaghost","ascension_level":17}