{"gold_per_floor":[114,133,133,58,73,107,107,127,127,127,127,141,141,161,161,280,280,301,301,315,336,46,46,69,69,69,110,110,11,11,25,25,148,148,164,179,304,304,325,325,344,344,344,344,384,384,112,112,112,112],"floor_reached":50,"playtime":3384,"items_purged":["Strike_R","Strike_R","Strike_R"],"score":515,"play_id":"60158216-a143-42c2-be36-940602fbaad2","local_time":"20181212160346","is_ascension_mode":false,"campfire_choices":[{"data":"Spot Weakness","floor":7,"key":"SMITH"},{"data":"Sword Boomerang","floor":13,"key":"SMITH"},{"data":"Shrug It Off","floor":15,"key":"SMITH"},{"data":"Limit Break","floor":23,"key":"SMITH"},{"data":"Bash","floor":28,"key":"SMITH"},{"data":"Armaments","floor":30,"key":"SMITH"},{"data":"Twin Strike","floor":32,"key":"SMITH"},{"data":"Double Tap","floor":40,"key":"SMITH"},{"floor":42,"key":"REST"},{"floor":44,"key":"REST"},{"floor":49,"key":"REST"}],"neow_cost":"TEN_PERCENT_HP_LOSS","seed_source_timestamp":170685739807526,"circlet_count":0,"master_deck":["Strike_R","Defend_R","Defend_R","Defend_R","Bash+1","Spot Weakness+1","Cleave+1","Shrug It Off+1","Sword Boomerang+1","Clothesline","Twin Strike+1","Shockwave","Feed","Dual Wield","Uppercut+1","Limit Break+1","Flex+1","Exhume","Armaments+1","Havoc+1","Double Tap+1","Pommel Strike+1","Parasite","Clothesline+1","Flex","Madness","Madness"],"relics":["Black Blood","Golden Idol","Orichalcum","Nloth\u0027s Gift","Ancient Tea Set","Pear","Dodecahedron","Busted Crown","Unceasing Top","Bag of Marbles","Bird Faced Urn","Anchor","Nunchaku"],"potions_floor_usage":[6,16,27,27,33,33,33,36,41,50],"damage_taken":[{"damage":16,"enemies":"2 Louse","floor":1,"turns":3},{"damage":11,"enemies":"Jaw Worm","floor":2,"turns":2},{"damage":10,"enemies":"Small Slimes","floor":5,"turns":3},{"damage":23,"enemies":"3 Sentries","floor":6,"turns":5},{"damage":16,"enemies":"Exordium Thugs","floor":8,"turns":4},{"damage":0,"enemies":"Lots of Slimes","floor":12,"turns":1},{"damage":0,"enemies":"2 Fungi Beasts","floor":14,"turns":3},{"damage":12,"enemies":"Hexaghost","floor":16,"turns":7},{"damage":9,"enemies":"Shell Parasite","floor":18,"turns":4},{"damage":1,"enemies":"Chosen","floor":20,"turns":4},{"damage":28,"enemies":"Snake Plant","floor":21,"turns":5},{"damage":5,"enemies":"Chosen and Byrds","floor":24,"turns":5},{"damage":32,"enemies":"Slavers","floor":27,"turns":4},{"damage":0,"enemies":"Centurion and Healer","floor":31,"turns":7},{"damage":67,"enemies":"Automaton","floor":33,"turns":8},{"damage":24,"enemies":"3 Shapes","floor":35,"turns":4},{"damage":25,"enemies":"3 Darklings","floor":36,"turns":5},{"damage":0,"enemies":"Mind Bloom Boss Battle","floor":37,"turns":7},{"damage":53,"enemies":"Writhing Mass","floor":39,"turns":6},{"damage":36,"enemies":"Sphere and 2 Shapes","floor":41,"turns":6},{"damage":40,"enemies":"Nemesis","floor":45,"turns":5},{"damage":76,"enemies":"Awakened One","floor":50,"turns":6}],"seed_played":"3996420454771947483","potions_obtained":[{"floor":2,"key":"AttackPotion"},{"floor":5,"key":"Ancient Potion"},{"floor":6,"key":"Weak Potion"},{"floor":8,"key":"Ancient Potion"},{"floor":18,"key":"Fire Potion"},{"floor":27,"key":"Explosive Potion"},{"floor":35,"key":"BloodPotion"},{"floor":39,"key":"PowerPotion"},{"floor":41,"key":"FearPotion"}],"is_trial":false,"path_per_floor":["M","M","?","$","M","E","R","M","T","?","?","M","R","M","R","B",null,"M","?","M","M","$","R","M","?","T","E","R","$","R","M","R","B",null,"M","M","?","?","M","R","M","R","T","R","E","?","$","T","R","B"],"character_chosen":"IRONCLAD","items_purchased":["Metallicize","Ancient Tea Set","Armaments","BloodPotion","Anchor"],"campfire_rested":3,"item_purchase_floors":[22,22,29,29,47],"current_hp_per_floor":[62,57,57,57,53,36,36,26,26,48,48,54,54,60,60,54,67,70,70,73,55,55,55,60,60,70,54,54,54,54,64,64,15,89,81,75,91,91,48,48,25,56,56,87,57,44,44,44,75,0],"gold":112,"neow_bonus":"REMOVE_TWO","is_prod":false,"is_daily":false,"chose_seed":false,"campfire_upgraded":8,"win_rate":0,"timestamp":1544598226,"path_taken":["M","M","?","$","M","E","R","M","T","?","?","M","R","M","R","BOSS","M","?","M","?","$","R","M","?","T","E","R","$","R","M","R","BOSS","M","M","?","?","M","R","M","R","T","R","E","?","$","?","R","BOSS"],"build_version":"2018-12-06","purchased_purges":3,"victory":false,"max_hp_per_floor":[72,72,67,67,67,67,67,67,67,67,67,67,67,67,67,67,67,70,70,73,73,73,73,73,73,83,89,89,89,89,89,89,89,89,95,95,101,101,101,101,104,104,104,104,104,104,104,104,104,104],"card_choices":[{"not_picked":["Body Slam","Dropkick"],"picked":"Spot Weakness","floor":1},{"not_picked":["Ghostly Armor","Uppercut"],"picked":"Cleave","floor":2},{"not_picked":["Clothesline","Body Slam"],"picked":"Shrug It Off","floor":5},{"not_picked":["Clash","Thunderclap"],"picked":"Sword Boomerang","floor":6},{"not_picked":["Carnage","Warcry"],"picked":"Clothesline","floor":8},{"not_picked":["Burning Pact","Wild Strike"],"picked":"Twin Strike","floor":12},{"not_picked":["Twin Strike","Blood for Blood"],"picked":"Shockwave","floor":14},{"not_picked":["Impervious","Barricade"],"picked":"Feed","floor":16},{"not_picked":["Entrench","True Grit"],"picked":"Dual Wield","floor":18},{"not_picked":["Thunderclap","Evolve"],"picked":"Uppercut+1","floor":20},{"not_picked":["Warcry","Searing Blow+1"],"picked":"Limit Break","floor":21},{"not_picked":["Armaments","Body Slam"],"picked":"Flex+1","floor":24},{"not_picked":["Wild Strike","Juggernaut"],"picked":"Exhume","floor":27},{"not_picked":["Spot Weakness","True Grit"],"picked":"Havoc+1","floor":31},{"not_picked":["Dark Embrace","Juggernaut"],"picked":"Double Tap","floor":33},{"not_picked":[],"picked":"Pommel Strike+1","floor":35},{"not_picked":["Thunderclap"],"picked":"SKIP","floor":36},{"not_picked":["Limit Break"],"picked":"SKIP","floor":39},{"not_picked":[],"picked":"Clothesline+1","floor":41},{"not_picked":[],"picked":"Flex","floor":45}],"player_experience":162488,"relics_obtained":[{"floor":6,"key":"Orichalcum"},{"floor":9,"key":"Vajra"},{"floor":26,"key":"Pear"},{"floor":27,"key":"Dodecahedron"},{"floor":37,"key":"Unceasing Top"},{"floor":43,"key":"Bag of Marbles"},{"floor":45,"key":"Bird Faced Urn"},{"floor":48,"key":"Nunchaku"}],"event_choices":[{"damage_healed":0,"gold_gain":0,"player_choice":"Lose Max HP","damage_taken":0,"relics_obtained":["Golden Idol"],"max_hp_gain":0,"max_hp_loss":5,"event_name":"Golden Idol","floor":3,"gold_loss":0},{"damage_healed":22,"gold_gain":0,"player_choice":"Banana","damage_taken":0,"max_hp_gain":0,"max_hp_loss":0,"event_name":"Big Fish","floor":10,"gold_loss":0},{"damage_healed":0,"gold_gain":0,"player_choice":"Grow","damage_taken":0,"max_hp_gain":0,"max_hp_loss":0,"event_name":"Living Wall","floor":11,"gold_loss":0,"cards_upgraded":["Cleave"]},{"damage_healed":0,"gold_gain":0,"player_choice":"Traded Relic","damage_taken":0,"relics_obtained":["Nloth\u0027s Gift"],"max_hp_gain":0,"max_hp_loss":0,"event_name":"N\u0027loth","floor":19,"relics_lost":["Vajra"],"gold_loss":0},{"damage_healed":0,"gold_gain":0,"player_choice":"Ignored","damage_taken":0,"max_hp_gain":0,"max_hp_loss":0,"event_name":"Beggar","floor":25,"gold_loss":0},{"damage_healed":0,"gold_gain":0,"player_choice":"Fight","damage_taken":0,"max_hp_gain":0,"max_hp_loss":0,"event_name":"MindBloom","floor":37,"gold_loss":0},{"cards_removed":["Metallicize"],"damage_healed":0,"gold_gain":0,"player_choice":"Removed Power","damage_taken":0,"max_hp_gain":0,"max_hp_loss":0,"event_name":"Falling","floor":38,"gold_loss":0},{"damage_healed":0,"gold_gain":0,"player_choice":"Embrace Madness","damage_taken":13,"max_hp_gain":0,"max_hp_loss":0,"event_name":"Winding Halls","floor":46,"gold_loss":0,"cards_obtained":["Madness","Madness"]}],"is_beta":false,"boss_relics":[{"not_picked":["Mark of Pain","Astrolabe"],"picked":"Black Blood"},{"not_picked":["Velvet Choker","Philosopher\u0027s Stone"],"picked":"Busted Crown"}],"items_purged_floors":[4,22,47],"is_endless":false,"potions_floor_spawned":[2,5,6,8,18,20,27,35,39,41],"killed_by":"Awakened One","ascension_level":0}