{"gold_per_floor":[118,118,118,193,269,308,308,346,346,346,364,400,415,434,434,529,592,472,235,235],"floor_reached":20,"playtime":750,"items_purged":["Strike_G"],"score":440,"play_id":"ed09b3c0-0796-4469-836a-24b6f02d400a","local_time":"20190601173224","is_ascension_mode":true,"campfire_choices":[{"data":"Bouncing Flask","floor":7,"key":"SMITH"},{"data":"Bouncing Flask","floor":10,"key":"SMITH"},{"floor":15,"key":"REST"}],"neow_cost":"NONE","seed_source_timestamp":510491981145380,"circlet_count":0,"master_deck":["AscendersBane","Defend_G","Defend_G","Defend_G","Defend_G","Defend_G","Strike_G","Strike_G","Strike_G+1","Survivor","Neutralize","Dagger Spray","Bouncing Flask+1","Bouncing Flask+1","Leg Sweep","Bane","Footwork","A Thousand Cuts","Backflip"],"relics":["Ring of the Snake","NeowsBlessing","Golden Idol","Question Card","Ginger","Tingsha","Bottled Lightning","Gremlin Horn","Tiny House","Omamori"],"potions_floor_usage":[14],"damage_taken":[{"damage":0,"enemies":"Small Slimes","floor":1,"turns":1},{"damage":0,"enemies":"Lagavulin","floor":6,"turns":1},{"damage":0,"enemies":"3 Sentries","floor":8,"turns":2},{"damage":0,"enemies":"2 Louse","floor":11,"turns":3},{"damage":28,"enemies":"Gremlin Nob","floor":12,"turns":4},{"damage":0,"enemies":"Jaw Worm","floor":13,"turns":3},{"damage":2,"enemies":"Gremlin Gang","floor":14,"turns":2},{"damage":2,"enemies":"The Guardian","floor":16,"turns":10},{"damage":31,"enemies":"2 Thieves","floor":18,"turns":5},{"damage":26,"enemies":"3 Byrds","floor":20,"turns":4}],"seed_played":"-8202601586654941327","potions_obtained":[{"floor":8,"key":"Fire Potion"},{"floor":14,"key":"Swift Potion"},{"floor":16,"key":"Dexterity Potion"}],"is_trial":false,"path_per_floor":["M","?","?","?","T","E","R","E","T","R","M","E","M","M","R","B",null,"M","$","M"],"character_chosen":"THE_SILENT","items_purchased":["Omamori"],"campfire_rested":1,"item_purchase_floors":[19],"current_hp_per_floor":[59,52,52,41,41,41,41,41,41,41,41,13,13,11,29,27,57,26,26,0],"gold":235,"neow_bonus":"THREE_ENEMY_KILL","is_prod":false,"is_daily":false,"chose_seed":false,"campfire_upgraded":2,"win_rate":0,"timestamp":1559403144,"path_taken":["M","?","?","?","?","E","R","E","T","R","?","E","M","?","R","BOSS","M","$","M"],"build_version":"2019-01-23","purchased_purges":1,"victory":false,"max_hp_per_floor":[66,66,60,60,60,60,60,60,60,60,60,60,60,60,60,60,65,65,65,65],"card_choices":[{"not_picked":["Reflex","Prepared"],"picked":"Dagger Spray","floor":1},{"not_picked":["Slice","Wraith Form v2","Sucker Punch"],"picked":"Bouncing Flask","floor":6},{"not_picked":["Underhanded Strike","Dagger Throw","Unload"],"picked":"Bouncing Flask","floor":8},{"not_picked":["Prepared","Distraction","Deflect"],"picked":"Leg Sweep","floor":11},{"not_picked":["Prepared","Reflex","Eviscerate","Masterful Stab"],"picked":"SKIP","floor":12},{"not_picked":["Acrobatics","Underhanded Strike","Blade Dance"],"picked":"Bane","floor":13},{"not_picked":["Dodge and Roll","Dagger Throw","Bane"],"picked":"Footwork","floor":14},{"not_picked":["Venomology","Phantasmal Killer","Grand Finale"],"picked":"A Thousand Cuts","floor":16},{"not_picked":["Sucker Punch","Quick Slash","Flying Knee"],"picked":"Backflip","floor":17},{"not_picked":["Distraction","Prepared","Predator+1","Endless Agony"],"picked":"SKIP","floor":18}],"player_experience":650679,"relics_obtained":[{"floor":5,"key":"Question Card"},{"floor":6,"key":"Ginger"},{"floor":8,"key":"Tingsha"},{"floor":9,"key":"Bottled Lightning"},{"floor":12,"key":"Gremlin Horn"}],"event_choices":[{"cards_removed":["Strike_G"],"damage_healed":0,"gold_gain":0,"player_choice":"Card Removal","damage_taken":7,"max_hp_gain":0,"max_hp_loss":0,"event_name":"Golden Wing","floor":2,"gold_loss":0},{"damage_healed":0,"gold_gain":0,"player_choice":"Lose Max HP","damage_taken":0,"relics_obtained":["Golden Idol"],"max_hp_gain":0,"max_hp_loss":6,"event_name":"Golden Idol","floor":3,"gold_loss":0},{"damage_healed":0,"gold_gain":75,"player_choice":"Gather Gold","damage_taken":11,"max_hp_gain":0,"max_hp_loss":0,"event_name":"World of Goop","floor":4,"gold_loss":0}],"is_beta":false,"boss_relics":[{"not_picked":["Runic Dome","Lizard Tail"],"picked":"Tiny House"}],"items_purged_floors":[19],"is_endless":false,"potions_floor_spawned":[8,14,16],"killed_by":"3 Byrds","ascension_level":17}