{"gold_per_floor":[111,111,111,111,136,136,170,170,170,170,181,181,8,37,37,111,111,121,139,154,173,173,173,173,173,199,211,211,211,211,38,38,111,111,127,0,55,55,71,71,83,83,109,144,163,182,182,22,22,22],"floor_reached":51,"playtime":1803,"items_purged":["Defend_B"],"score":1252,"play_id":"2b22205c-dd3f-4eae-96e6-500c562796ee","local_time":"20190526214342","is_ascension_mode":true,"campfire_choices":[{"data":"Zap","floor":6.0,"key":"SMITH"},{"data":"Sunder","floor":8.0,"key":"SMITH"},{"data":"Capacitor","floor":12.0,"key":"SMITH"},{"floor":15.0,"key":"REST"},{"floor":23.0,"key":"REST"},{"data":"RitualDagger","floor":25.0,"key":"SMITH"},{"data":"Loop","floor":28.0,"key":"SMITH"},{"floor":30.0,"key":"REST"},{"data":"Glacier","floor":32.0,"key":"SMITH"},{"floor":40.0,"key":"REST"},{"data":"Buffer","floor":42.0,"key":"SMITH"},{"data":"Loop","floor":47.0,"key":"SMITH"},{"floor":49.0,"key":"REST"}],"neow_cost":"NONE","seed_source_timestamp":894729092268851,"circlet_count":0,"master_deck":["AscendersBane","Strike_B","Defend_B+1","Zap+1","Dualcast+1","Glacier+1","Sunder+1","Capacitor+1","Electrodynamics","Defragment+1","FTL","RitualDagger+1","Loop+1","Buffer+1","Blizzard+1","Recycle+1","Undo+1","Loop+1","Force Field+1","Loop+1","Loop+1","Defragment","Streamline+1"],"special_seed":0,"relics":["Cracked Core","War Paint","Du-Vu Doll","Shuriken","PreservedInsect","Mercury Hourglass","Nuclear Battery","Centennial Puzzle","Dream Catcher","Astrolabe","Red Mask","Pocketwatch","Happy Flower","Oddly Smooth Stone"],"potions_floor_usage":[50,50],"damage_taken":[{"damage":8.0,"enemies":"Small Slimes","floor":1.0,"turns":3.0},{"damage":9.0,"enemies":"Lagavulin","floor":7.0,"turns":8.0},{"damage":1.0,"enemies":"Jaw Worm","floor":11.0,"turns":3.0},{"damage":11.0,"enemies":"Gremlin Nob","floor":14.0,"turns":3.0},{"damage":17.0,"enemies":"Slime Boss","floor":16.0,"turns":6.0},{"damage":9.0,"enemies":"3 Byrds","floor":18.0,"turns":4.0},{"damage":1.0,"enemies":"Shell Parasite","floor":19.0,"turns":5.0},{"damage":0.0,"enemies":"3 Cultists","floor":20.0,"turns":3.0},{"damage":24.0,"enemies":"Snake Plant","floor":21.0,"turns":2.0},{"damage":12.0,"enemies":"Cultist and Chosen","floor":27.0,"turns":4.0},{"damage":36.0,"enemies":"Collector","floor":33.0,"turns":11.0},{"damage":4.0,"enemies":"Orb Walker","floor":35.0,"turns":5.0},{"damage":12.0,"enemies":"2 Orb Walkers","floor":37.0,"turns":5.0},{"damage":5.0,"enemies":"3 Shapes","floor":39.0,"turns":3.0},{"damage":5.0,"enemies":"Sphere and 2 Shapes","floor":41.0,"turns":4.0},{"damage":0.0,"enemies":"Giant Head","floor":44.0,"turns":7.0},{"damage":0.0,"enemies":"Transient","floor":45.0,"turns":5.0},{"damage":0.0,"enemies":"Jaw Worm Horde","floor":46.0,"turns":3.0},{"damage":45,"enemies":"Time Eater","floor":50,"turns":9}],"seed_played":"7537516266216451998","potions_obtained":[{"floor":11.0,"key":"FearPotion"},{"floor":14.0,"key":"FearPotion"},{"floor":21.0,"key":"Ancient Potion"},{"floor":33.0,"key":"Block Potion"},{"floor":35.0,"key":"Poison Potion"},{"floor":39.0,"key":"Energy Potion"},{"floor":45.0,"key":"AttackPotion"},{"floor":46.0,"key":"SpeedPotion"}],"is_trial":false,"path_per_floor":["M","$","?","?","T","R","E","R","T","$","M","R","$","E","R","B",null,"M","M","M","M","?","R","?","R","T","M","R","?","R","$","R","B",null,"M","?","?","$","M","R","M","R","T","E","M","M","R","$","R","B",null],"character_chosen":"DEFECT","items_purchased":["PreservedInsect","Dream Catcher","Defragment"],"campfire_rested":5,"item_purchase_floors":[13,31,48],"current_hp_per_floor":[56,56,56,56,56,56,47,47,47,47,46,46,46,35,56,39,63,54,53,53,29,23,44,44,44,44,32,32,32,53,53,53,17,58,54,54,42,42,37,58,53,53,53,53,53,53,53,53,71,26],"gold":22,"neow_bonus":"REMOVE_CARD","is_prod":false,"is_daily":false,"chose_seed":false,"campfire_upgraded":8,"win_rate":0,"timestamp":1558878222,"path_taken":["M","$","?","?","?","R","E","R","T","$","M","R","?","E","R","BOSS","M","M","M","M","?","R","?","R","T","M","R","?","R","$","R","BOSS","M","?","?","?","M","R","M","R","T","E","M","M","R","$","R","BOSS"],"build_version":"2019-01-23","purchased_purges":1,"victory":true,"max_hp_per_floor":[71,71,71,71,71,71,71,71,71,71,71,71,71,71,71,71,71,71,71,71,71,71,71,71,71,71,71,71,71,71,71,71,71,71,71,71,71,71,71,71,71,71,71,71,71,71,71,71,71,71],"card_choices":[{"not_picked":["Leap","Loop"],"picked":"Glacier","floor":1.0},{"not_picked":["Storm","Steam"],"picked":"Sunder","floor":7.0},{"not_picked":["Redo","Hologram"],"picked":"Capacitor","floor":11.0},{"not_picked":["Rebound","Fusion","Turbo"],"picked":"SKIP","floor":14.0},{"not_picked":["Rainbow","Fission"],"picked":"Electrodynamics","floor":16.0},{"not_picked":["Aggregate","Rip and Tear","Coolheaded"],"picked":"SKIP","floor":18.0},{"not_picked":["White Noise","Compile Driver"],"picked":"Defragment+1","floor":19.0},{"not_picked":["Barrage","Heatsinks","Redo"],"picked":"SKIP","floor":20.0},{"not_picked":["Hologram+1","Steam Power"],"picked":"FTL","floor":21.0},{"not_picked":["Leap","Ball Lightning+1"],"picked":"Loop","floor":27.0},{"not_picked":["Creative AI","All For One"],"picked":"Buffer","floor":33.0},{"not_picked":["Leap+1","Steam"],"picked":"Loop+1","floor":35.0},{"not_picked":["Genetic Algorithm+1","Conserve Battery+1"],"picked":"Force Field+1","floor":37.0},{"not_picked":["Coolheaded+1","Double Energy+1","Gash"],"picked":"SKIP","floor":39.0},{"not_picked":["Rip and Tear","Compile Driver+1","Ball Lightning"],"picked":"SKIP","floor":41.0},{"not_picked":["Barrage","Skim","Coolheaded"],"picked":"SKIP","floor":44.0},{"not_picked":["Consume","Streamline"],"picked":"Loop+1","floor":45.0},{"not_picked":["Gash","Hologram"],"picked":"Loop","floor":46.0},{"not_picked":["Stack","Sunder"],"picked":"Streamline+1","floor":49.0}],"player_experience":604665,"relics_obtained":[{"floor":5.0,"key":"War Paint"},{"floor":7.0,"key":"Du-Vu Doll"},{"floor":9.0,"key":"Shuriken"},{"floor":14.0,"key":"Mercury Hourglass"},{"floor":26.0,"key":"Centennial Puzzle"},{"floor":37.0,"key":"Pocketwatch"},{"floor":43.0,"key":"Happy Flower"},{"floor":44.0,"key":"Oddly Smooth Stone"}],"event_choices":[{"cards_removed":["Defend_B"],"damage_healed":0.0,"max_hp_gain":0.0,"max_hp_loss":0.0,"gold_gain":0.0,"event_name":"Living Wall","player_choice":"Forget","floor":3.0,"gold_loss":0.0,"damage_taken":0.0},{"damage_healed":0.0,"max_hp_gain":0.0,"max_hp_loss":0.0,"gold_gain":0.0,"event_name":"Liars Game","player_choice":"Ignored","floor":4.0,"gold_loss":0.0,"damage_taken":0.0},{"damage_healed":0.0,"max_hp_gain":0.0,"max_hp_loss":0.0,"gold_gain":0.0,"event_name":"Nest","player_choice":"Joined the Cult","floor":22.0,"gold_loss":0.0,"damage_taken":6.0,"cards_obtained":["RitualDagger"]},{"damage_healed":0.0,"max_hp_gain":0.0,"max_hp_loss":0.0,"gold_gain":0.0,"event_name":"The Mausoleum","player_choice":"Ignored","floor":24.0,"gold_loss":0.0,"damage_taken":0.0},{"damage_healed":0.0,"max_hp_gain":0.0,"max_hp_loss":0.0,"gold_gain":0.0,"event_name":"Cursed Tome","player_choice":"Ignored","floor":29.0,"gold_loss":0.0,"damage_taken":0.0},{"damage_healed":0.0,"max_hp_gain":0.0,"max_hp_loss":0.0,"gold_gain":0.0,"event_name":"Tomb of Lord Red Mask","player_choice":"Paid","floor":36.0,"gold_loss":127.0,"damage_taken":0.0,"relics_obtained":["Red Mask"]},{"damage_healed":0.0,"max_hp_gain":0.0,"max_hp_loss":0.0,"gold_gain":0.0,"event_name":"Mysterious Sphere","player_choice":"Fight","floor":37.0,"gold_loss":0.0,"damage_taken":0.0}],"is_beta":false,"boss_relics":[{"not_picked":["Calling Bell","Inserter"],"picked":"Nuclear Battery"},{"not_picked":["Runic Pyramid","Runic Dome"],"picked":"Astrolabe"}],"items_purged_floors":[48],"is_endless":false,"potions_floor_spawned":[11,14,21,33,35,39,45,46],"ascension_level":16}