{"gold_per_floor":[118,132,57,57,68,68,98,98,98,98,172,172,192,206,206,206],"floor_reached":16,"playtime":825,"items_purged":[],"score":175,"play_id":"d168cd08-5cca-4d45-a82d-f848a63e6868","local_time":"20181205145712","is_ascension_mode":true,"campfire_choices":[{"floor":6.0,"key":"REST"},{"floor":8.0,"key":"REST"},{"data":"Neutralize","floor":12.0,"key":"SMITH"},{"data":"Concentrate","floor":15.0,"key":"SMITH"}],"neow_cost":"NONE","seed_source_timestamp":139672193663730,"circlet_count":0,"master_deck":["AscendersBane","Defend_G+1","Defend_G","Defend_G","Defend_G","Defend_G","Strike_G","Strike_G","Strike_G","Strike_G","Strike_G","Survivor","Neutralize+1","Normality","Regret","Predator","Footwork+1","Cloak And Dagger","Concentrate+1"],"special_seed":0,"relics":["Calling Bell","Oddly Smooth Stone","Gremlin Horn","FossilizedHelix","Ninja Scroll","Ancient Tea Set","Golden Idol","Molten Egg 2"],"potions_floor_usage":[16,16],"damage_taken":[{"damage":5.0,"enemies":"Small Slimes","floor":1.0,"turns":5.0},{"damage":2.0,"enemies":"2 Louse","floor":2.0,"turns":2.0},{"damage":0.0,"enemies":"Jaw Worm","floor":5.0,"turns":4.0},{"damage":33.0,"enemies":"3 Sentries","floor":7.0,"turns":14.0},{"damage":1.0,"enemies":"Blue Slaver","floor":13.0,"turns":5.0},{"damage":0.0,"enemies":"2 Fungi Beasts","floor":14.0,"turns":3.0},{"damage":61,"enemies":"The Guardian","floor":16,"turns":12}],"seed_played":"-8032653547918376465","potions_obtained":[{"floor":5.0,"key":"FearPotion"},{"floor":14.0,"key":"SteroidPotion"}],"is_trial":false,"path_per_floor":["M","M","?","?","M","R","E","R","T","?","T","R","M","M","R","B"],"character_chosen":"THE_SILENT","items_purchased":[],"campfire_rested":2,"item_purchase_floors":[],"current_hp_per_floor":[54,52,52,32,32,51,18,37,37,37,37,37,36,36,36,0],"gold":206,"neow_bonus":"BOSS_RELIC","is_prod":false,"is_daily":false,"chose_seed":false,"campfire_upgraded":2,"win_rate":0,"timestamp":1543989432,"path_taken":["M","M","?","?","M","R","E","R","T","?","?","R","M","M","R","BOSS"],"build_version":"2018-12-4","purchased_purges":0,"victory":false,"max_hp_per_floor":[66,66,66,66,66,66,66,66,66,60,60,60,60,60,60,60],"card_choices":[{"not_picked":["Dash","Outmaneuver"],"picked":"Predator","floor":1.0},{"not_picked":["Masterful Stab","Setup"],"picked":"Footwork","floor":2.0},{"not_picked":["Eviscerate","Dagger Throw","All Out Attack"],"picked":"SKIP","floor":5.0},{"not_picked":["Slice+1","Accuracy"],"picked":"Cloak And Dagger","floor":13.0},{"not_picked":["Bouncing Flask","A Thousand Cuts"],"picked":"Concentrate","floor":14.0}],"player_experience":2504837,"relics_obtained":[{"floor":0.0,"key":"Oddly Smooth Stone"},{"floor":0.0,"key":"Gremlin Horn"},{"floor":0.0,"key":"FossilizedHelix"},{"floor":7.0,"key":"Ninja Scroll"},{"floor":9.0,"key":"Ancient Tea Set"},{"floor":11.0,"key":"Molten Egg 2"}],"event_choices":[{"cards_removed":["Regret"],"damage_healed":0.0,"max_hp_gain":0.0,"max_hp_loss":0.0,"gold_gain":0.0,"event_name":"The Cleric","player_choice":"Card Removal","floor":3.0,"gold_loss":75.0,"damage_taken":0.0},{"damage_healed":0.0,"max_hp_gain":0.0,"max_hp_loss":0.0,"gold_gain":0.0,"event_name":"Shining Light","player_choice":"Entered Light","floor":4.0,"gold_loss":0.0,"damage_taken":20.0,"cards_upgraded":["Footwork","Defend_G"]},{"damage_healed":0.0,"max_hp_gain":0.0,"max_hp_loss":6.0,"gold_gain":0.0,"event_name":"Golden Idol","player_choice":"Lose Max HP","floor":10.0,"gold_loss":0.0,"damage_taken":0.0,"relics_obtained":["Golden Idol"]}],"is_beta":true,"boss_relics":[],"items_purged_floors":[],"is_endless":false,"potions_floor_spawned":[5,14],"killed_by":"The Guardian","ascension_level":15}