{"gold_per_floor":[366,386,2,2,2,2,22,22,22,47,59,71,83,120,132,218,230,258,51,69,69,86,86],"floor_reached":23,"playtime":851,"items_purged":["Strike_G"],"score":394,"play_id":"e8b0254e-56a0-4681-b0a3-f8f0db8d6784","local_time":"20190418215008","is_ascension_mode":true,"campfire_choices":[{"data":"Neutralize","floor":6.0,"key":"SMITH"},{"data":"Noxious Fumes","floor":8.0,"key":"SMITH"},{"floor":11.0,"key":"REST"},{"floor":13.0,"key":"REST"},{"data":"Caltrops","floor":15.0,"key":"SMITH"}],"neow_cost":"PERCENT_DAMAGE","seed_source_timestamp":539287794142301,"circlet_count":0,"master_deck":["AscendersBane","Defend_G","Defend_G","Defend_G","Defend_G","Defend_G","Strike_G","Strike_G","Strike_G","Strike_G","Survivor","Neutralize+1","Caltrops+1","Dash+1","Noxious Fumes+1","Bandage Up","Dagger Spray","Leg Sweep","Infinite Blades","Die Die Die","Backflip","Backflip+1"],"special_seed":0,"relics":["Ring of the Snake","Snake Skull","Shuriken","MawBank","Dodecahedron","Black Star","OrangePellets"],"potions_floor_usage":[23,23],"damage_taken":[{"damage":0.0,"enemies":"Cultist","floor":1.0,"turns":4.0},{"damage":2.0,"enemies":"Jaw Worm","floor":2.0,"turns":6.0},{"damage":8.0,"enemies":"2 Louse","floor":7.0,"turns":3.0},{"damage":36.0,"enemies":"Gremlin Nob","floor":10.0,"turns":5.0},{"damage":6.0,"enemies":"Lagavulin","floor":14.0,"turns":8.0},{"damage":12.0,"enemies":"Hexaghost","floor":16.0,"turns":10.0},{"damage":19.0,"enemies":"Chosen","floor":18.0,"turns":5.0},{"damage":19.0,"enemies":"Shell Parasite","floor":20.0,"turns":8.0},{"damage":4.0,"enemies":"Shelled Parasite and Fungi","floor":22.0,"turns":9.0},{"damage":20,"enemies":"Slavers","floor":23,"turns":1}],"seed_played":"-4697541142532918751","potions_obtained":[{"floor":10.0,"key":"EssenceOfSteel"},{"floor":14.0,"key":"PowerPotion"},{"floor":20.0,"key":"Dexterity Potion"},{"floor":22.0,"key":"Dexterity Potion"}],"is_trial":false,"path_per_floor":["M","M","$","?","$","R","M","R","T","E","R","?","R","E","R","B",null,"M","$","M","?","M","E"],"character_chosen":"THE_SILENT","items_purchased":["Snake Skull","Noxious Fumes","Bandage Up","OrangePellets"],"campfire_rested":2,"item_purchase_floors":[3,3,3,19],"current_hp_per_floor":[44,42,42,42,42,42,38,38,38,2,21,21,40,38,38,30,57,42,42,27,9,9,0],"gold":86,"neow_bonus":"TWO_FIFTY_GOLD","is_prod":false,"is_daily":false,"chose_seed":false,"campfire_upgraded":3,"win_rate":0,"timestamp":1555591808,"path_taken":["M","?","$","?","?","R","M","R","T","E","R","?","R","E","R","BOSS","M","$","M","?","M","E"],"build_version":"2019-04-04","purchased_purges":1,"victory":false,"max_hp_per_floor":[66,66,66,66,66,66,66,66,66,66,66,66,66,66,66,66,66,66,66,66,71,71,71],"card_choices":[{"not_picked":["PiercingWail","Acrobatics"],"picked":"Caltrops","floor":1.0},{"not_picked":["Acrobatics","Dagger Throw"],"picked":"Dash","floor":2.0},{"not_picked":["Bane","Quick Slash"],"picked":"Dagger Spray","floor":7.0},{"not_picked":["Poisoned Stab","Accuracy"],"picked":"Leg Sweep","floor":10.0},{"not_picked":["Poisoned Stab","Tactician"],"picked":"Infinite Blades","floor":14.0},{"not_picked":["Phantasmal Killer","Storm of Steel"],"picked":"Die Die Die","floor":16.0},{"not_picked":["Dodge and Roll","Expertise"],"picked":"Backflip","floor":18.0},{"not_picked":["Riddle With Holes","Cloak And Dagger"],"picked":"Backflip+1","floor":20.0},{"not_picked":["Outmaneuver","Reflex","Dagger Spray"],"picked":"SKIP","floor":22.0}],"player_experience":2976294,"relics_obtained":[{"floor":9.0,"key":"Shuriken"},{"floor":10.0,"key":"MawBank"},{"floor":14.0,"key":"Dodecahedron"}],"event_choices":[{"damage_healed":0.0,"max_hp_gain":0.0,"max_hp_loss":0.0,"gold_gain":0.0,"event_name":"Living Wall","player_choice":"Grow","floor":4.0,"gold_loss":0.0,"damage_taken":0.0,"cards_upgraded":["Dash"]},{"damage_healed":0.0,"max_hp_gain":0.0,"max_hp_loss":0.0,"gold_gain":0.0,"event_name":"Shining Light","player_choice":"Ignored","floor":12.0,"gold_loss":0.0,"damage_taken":0.0},{"damage_healed":0.0,"max_hp_gain":5.0,"max_hp_loss":0.0,"gold_gain":0.0,"event_name":"Forgotten Altar","player_choice":"Shed Blood","floor":21.0,"gold_loss":0.0,"damage_taken":23.0}],"is_beta":true,"boss_relics":[{"not_picked":["Velvet Choker","Calling Bell"],"picked":"Black Star"}],"items_purged_floors":[3],"is_endless":false,"potions_floor_spawned":[10,14,20,22],"killed_by":"Slavers","ascension_level":20}