{"gold_per_floor":[110,125,145,145,162,162,187,187,187,203,220,220,20,51,51,125,125,142,142],"floor_reached":19,"playtime":821,"items_purged":["Strike_G"],"score":331,"play_id":"6f53fb59-0c45-4a66-87c3-fc10c08c3254","local_time":"20190602171037","is_ascension_mode":true,"campfire_choices":[{"data":"Flechettes","floor":6,"key":"SMITH"},{"floor":8,"key":"REST"},{"data":"Poisoned Stab","floor":12,"key":"SMITH"},{"data":"Neutralize","floor":15,"key":"SMITH"}],"neow_cost":"NONE","seed_source_timestamp":595518727825516,"circlet_count":0,"master_deck":["AscendersBane","Defend_G","Defend_G","Defend_G","Defend_G","Defend_G","Strike_G","Strike_G","Strike_G","Strike_G","Survivor","Neutralize+1","Flechettes+1","Poisoned Stab+1","Backstab","Deflect","Cloak And Dagger+1","Bouncing Flask+1","Well Laid Plans","Distraction+1","Burst+1","Noxious Fumes"],"relics":["Ring of the Snake","Pen Nib","Vajra","Toxic Egg 2","Boot","Molten Egg 2","White Beast Statue"],"potions_floor_usage":[7,7,19],"damage_taken":[{"damage":0,"enemies":"2 Louse","floor":1,"turns":3},{"damage":2,"enemies":"Jaw Worm","floor":2,"turns":4},{"damage":0,"enemies":"Small Slimes","floor":3,"turns":3},{"damage":4,"enemies":"Blue Slaver","floor":5,"turns":3},{"damage":22,"enemies":"Lagavulin","floor":7,"turns":7},{"damage":2,"enemies":"Looter","floor":10,"turns":3},{"damage":0,"enemies":"2 Fungi Beasts","floor":11,"turns":2},{"damage":6,"enemies":"3 Sentries","floor":14,"turns":6},{"damage":12,"enemies":"Hexaghost","floor":16,"turns":7},{"damage":45,"enemies":"Chosen","floor":18,"turns":6},{"damage":8,"enemies":"3 Byrds","floor":19,"turns":1}],"seed_played":"-6594094574322207195","potions_obtained":[{"floor":1,"key":"Dexterity Potion"},{"floor":3,"key":"SteroidPotion"},{"floor":14,"key":"LiquidBronze"},{"floor":18,"key":"FearPotion"}],"is_trial":false,"path_per_floor":["M","M","M","?","M","R","E","R","T","M","M","R","$","E","R","B",null,"M","M"],"character_chosen":"THE_SILENT","items_purchased":["Bouncing Flask+1","Well Laid Plans"],"campfire_rested":1,"item_purchase_floors":[13,13],"current_hp_per_floor":[59,57,57,39,35,35,13,32,32,30,30,30,30,24,24,12,53,8,0],"gold":142,"neow_bonus":"RANDOM_COMMON_RELIC","is_prod":false,"is_daily":false,"chose_seed":false,"campfire_upgraded":3,"win_rate":0,"timestamp":1559488237,"path_taken":["M","M","M","?","M","R","E","R","T","M","M","R","$","E","R","BOSS","M","M"],"build_version":"2019-01-23","purchased_purges":1,"victory":false,"max_hp_per_floor":[66,66,66,66,66,66,66,66,66,66,66,66,66,66,66,66,66,66,66],"card_choices":[{"not_picked":["Terror","Outmaneuver"],"picked":"Flechettes","floor":1},{"not_picked":["Concentrate","Caltrops"],"picked":"Poisoned Stab","floor":2},{"not_picked":["Blade Dance","Quick Slash"],"picked":"Backstab","floor":3},{"not_picked":["Malaise","Predator"],"picked":"Deflect","floor":5},{"not_picked":["Sucker Punch","Underhanded Strike","Slice"],"picked":"SKIP","floor":7},{"not_picked":["Predator","Setup+1"],"picked":"Cloak And Dagger+1","floor":10},{"not_picked":["Sucker Punch","Poisoned Stab","Acrobatics+1"],"picked":"SKIP","floor":11},{"not_picked":["Tools of the Trade","Dagger Throw"],"picked":"Distraction+1","floor":14},{"not_picked":["Venomology+1","Phantasmal Killer+1"],"picked":"Burst+1","floor":16},{"not_picked":["Masterful Stab+1","Blade Dance+1"],"picked":"Noxious Fumes","floor":18}],"player_experience":659256,"relics_obtained":[{"floor":7,"key":"Toxic Egg 2"},{"floor":9,"key":"Boot"},{"floor":14,"key":"Molten Egg 2"}],"event_choices":[{"damage_healed":0,"gold_gain":0,"player_choice":"Success","damage_taken":18,"relics_obtained":["Vajra"],"max_hp_gain":0,"max_hp_loss":0,"event_name":"Scrap Ooze","floor":4,"gold_loss":0}],"is_beta":false,"boss_relics":[{"not_picked":["Snecko Eye","HoveringKite"],"picked":"White Beast Statue"}],"items_purged_floors":[13],"is_endless":false,"potions_floor_spawned":[1,3,5,14,18],"killed_by":"3 Byrds","ascension_level":17}