{"gold_per_floor":[115,41,116,131,181,181,208,226,226,295,307,319,345,383,395,481,493,520,507,519,551,563,575,587,599,635,647,694,725,799,861,873,962,1024,1054,1066,1092,1154,509,540,540,568,568,581,641,674,685,430,430,430,430,430,6,36,36],"floor_reached":56,"playtime":4964,"items_purged":["Defend_G","Defend_G","Defend_G+1"],"score":2098,"play_id":"1284735a-eaf2-4b1b-9526-cb2f4ca9516b","local_time":"20190309114511","is_ascension_mode":true,"campfire_choices":[{"data":"Noxious Fumes","floor":6,"key":"SMITH"},{"data":"Footwork","floor":11,"key":"SMITH"},{"data":"Calculated Gamble","floor":15,"key":"SMITH"},{"data":"Footwork","floor":23,"key":"SMITH"},{"data":"Reflex","floor":25,"key":"SMITH"},{"data":"Noxious Fumes","floor":27,"key":"SMITH"},{"data":"Calculated Gamble","floor":32,"key":"SMITH"},{"data":"Well Laid Plans","floor":41,"key":"SMITH"},{"floor":49,"key":"RECALL"},{"data":"Wraith Form v2","floor":52,"key":"SMITH"}],"neow_cost":"NONE","seed_source_timestamp":812908449184143,"circlet_count":0,"master_deck":["AscendersBane","Defend_G+1","Survivor","Neutralize","Calculated Gamble+1","Noxious Fumes+1","Leg Sweep","Footwork+1","Dodge and Roll+1","PiercingWail","Reflex+1","After Image","Footwork+1","Noxious Fumes+1","Caltrops+1","Heel Hook","Calculated Gamble+1","Bite","Bite","Bite","Bite","Bite","Wraith Form v2+1","Infinite Blades+1","Footwork","Malaise","Well Laid Plans+1","Backflip+1","Night Terror","Adrenaline","Expertise","Footwork"],"relics":["Ring of the Snake","NeowsBlessing","Bottled Tornado","MawBank","Bottled Lightning","Bag of Preparation","Coffee Dripper","SsserpentHead","Mummified Hand","Tiny House","Calipers","War Paint","Molten Egg 2","Du-Vu Doll","Dodecahedron","Blood Vial","Snake Skull","Happy Flower","Lantern"],"potions_floor_usage":[10,16,16,19,30,55,55],"damage_taken":[{"damage":0,"enemies":"2 Louse","floor":1,"turns":1},{"damage":0,"enemies":"Small Slimes","floor":4,"turns":1},{"damage":0,"enemies":"3 Sentries","floor":7,"turns":2},{"damage":0,"enemies":"Cultist","floor":8,"turns":4},{"damage":20,"enemies":"Lagavulin Event","floor":10,"turns":10},{"damage":3,"enemies":"3 Louse","floor":13,"turns":7},{"damage":9,"enemies":"Lagavulin","floor":14,"turns":12},{"damage":21,"enemies":"Slime Boss","floor":16,"turns":15},{"damage":4,"enemies":"Chosen","floor":18,"turns":8},{"damage":14,"enemies":"2 Thieves","floor":19,"turns":5},{"damage":13,"enemies":"Snake Plant","floor":21,"turns":6},{"damage":20,"enemies":"Colosseum Slavers","floor":22,"turns":7},{"damage":15,"enemies":"Book of Stabbing","floor":28,"turns":7},{"damage":0,"enemies":"Centurion and Healer","floor":29,"turns":8},{"damage":0,"enemies":"Cultist and Chosen","floor":30,"turns":6},{"damage":3,"enemies":"Automaton","floor":33,"turns":12},{"damage":0,"enemies":"Orb Walker","floor":35,"turns":5},{"damage":5,"enemies":"3 Shapes","floor":37,"turns":5},{"damage":10,"enemies":"Nemesis","floor":40,"turns":13},{"damage":0,"enemies":"Giant Head","floor":42,"turns":13},{"damage":0,"enemies":"Writhing Mass","floor":44,"turns":8},{"damage":21,"enemies":"Transient","floor":45,"turns":5},{"damage":5,"enemies":"Reptomancer","floor":46,"turns":8},{"damage":0,"enemies":"Sphere and 2 Shapes","floor":47,"turns":6},{"damage":23,"enemies":"Time Eater","floor":50,"turns":16},{"damage":0,"enemies":"Shield and Spear","floor":54,"turns":8},{"damage":44,"enemies":"The Heart","floor":55,"turns":14}],"seed_played":"-1902378507938599386","potions_obtained":[{"floor":1,"key":"GamblersBrew"},{"floor":13,"key":"Fire Potion"},{"floor":14,"key":"SneckoOil"},{"floor":16,"key":"Block Potion"},{"floor":18,"key":"SpeedPotion"},{"floor":21,"key":"Ancient Potion"},{"floor":34,"key":"SmokeBomb"},{"floor":42,"key":"Dexterity Potion"}],"is_trial":false,"path_per_floor":["M","$","?","M","?","R","E","M","T","?","R","?","M","E","R","B",null,"M","M","?","M","?","R","?","R","T","R","E","M","M","?","R","B",null,"M","$","M","?","$","E","R","E","T","M","M","E","M","$","R","B",null,"R","$","E","B",null],"character_chosen":"THE_SILENT","items_purchased":["Noxious Fumes","Calipers","War Paint","Footwork","Malaise","Snake Skull","Expertise","Happy Flower","Footwork"],"campfire_rested":0,"item_purchase_floors":[2,39,39,39,39,48,53,53,53],"current_hp_per_floor":[59,59,48,48,48,48,48,48,48,28,28,50,47,38,38,17,54,50,36,49,36,16,16,16,16,16,16,1,1,1,1,1,30,47,51,51,50,50,50,51,51,51,51,51,34,49,51,51,51,51,51,51,51,51,32],"gold":36,"neow_bonus":"THREE_ENEMY_KILL","is_prod":false,"is_daily":false,"chose_seed":false,"campfire_upgraded":9,"win_rate":0,"timestamp":1552099511,"path_taken":["M","$","?","M","?","R","E","?","T","?","R","?","M","E","R","BOSS","M","M","?","M","?","R","?","R","T","R","E","M","?","?","R","BOSS","M","$","M","?","?","E","R","E","T","M","?","E","M","$","R","BOSS","R","$","E","BOSS"],"build_version":"2019-02-06","purchased_purges":3,"victory":true,"max_hp_per_floor":[66,66,66,66,66,66,66,66,66,66,66,66,66,66,66,66,66,66,66,66,66,66,66,66,66,66,66,66,66,66,46,46,46,51,51,51,51,51,51,51,51,51,51,51,51,51,51,51,51,51,51,51,51,51,51],"card_choices":[{"not_picked":["Terror","Infinite Blades"],"picked":"Calculated Gamble","floor":1},{"not_picked":["Backflip","Prepared"],"picked":"Leg Sweep","floor":4},{"not_picked":["Bouncing Flask","All Out Attack"],"picked":"Footwork","floor":7},{"not_picked":["Cloak And Dagger","Acrobatics"],"picked":"Dodge and Roll","floor":8},{"not_picked":["Quick Slash","Dagger Throw"],"picked":"PiercingWail","floor":10},{"not_picked":["Prepared","Accuracy"],"picked":"Reflex","floor":13},{"not_picked":["Flying Knee","Expertise","Prepared"],"picked":"SKIP","floor":14},{"not_picked":["Burst","Adrenaline"],"picked":"After Image","floor":16},{"not_picked":["Bane","Reflex"],"picked":"Footwork","floor":18},{"not_picked":["Deflect","Riddle With Holes"],"picked":"Noxious Fumes","floor":19},{"not_picked":["Deflect","Finisher+1"],"picked":"Caltrops+1","floor":21},{"not_picked":["Underhanded Strike","Cloak And Dagger"],"picked":"Heel Hook","floor":28},{"not_picked":["Catalyst","Outmaneuver"],"picked":"Calculated Gamble","floor":29},{"not_picked":["Masterful Stab+1","Flying Knee","Dagger Spray"],"picked":"SKIP","floor":30},{"not_picked":["A Thousand Cuts","Grand Finale"],"picked":"Wraith Form v2","floor":33},{"not_picked":["Blade Dance","Dagger Throw"],"picked":"Infinite Blades+1","floor":34},{"not_picked":["Blade Dance","PiercingWail","Bane"],"picked":"SKIP","floor":35},{"not_picked":["Deflect","PiercingWail","Distraction"],"picked":"SKIP","floor":37},{"not_picked":["Tools of the Trade","Catalyst"],"picked":"Well Laid Plans","floor":40},{"not_picked":["Sucker Punch+1","Doppelganger"],"picked":"Backflip+1","floor":42},{"not_picked":["Poisoned Stab+1","Cloak And Dagger","Dagger Spray+1"],"picked":"SKIP","floor":44},{"not_picked":["Catalyst","Outmaneuver"],"picked":"Night Terror","floor":45},{"not_picked":["Infinite Blades","Slice+1"],"picked":"Adrenaline","floor":46},{"not_picked":["Well Laid Plans","Finisher+1","Sucker Punch+1"],"picked":"SKIP","floor":47},{"not_picked":["Deflect+1","Setup","Escape Plan"],"picked":"SKIP","floor":54}],"player_experience":2656557,"relics_obtained":[{"floor":7,"key":"Bottled Tornado"},{"floor":9,"key":"MawBank"},{"floor":10,"key":"Bottled Lightning"},{"floor":14,"key":"Bag of Preparation"},{"floor":28,"key":"Mummified Hand"},{"floor":40,"key":"Molten Egg 2"},{"floor":42,"key":"Du-Vu Doll"},{"floor":43,"key":"Dodecahedron"},{"floor":46,"key":"Blood Vial"},{"floor":54,"key":"Lantern"}],"event_choices":[{"damage_healed":0,"gold_gain":75,"player_choice":"Gather Gold","damage_taken":11,"max_hp_gain":0,"max_hp_loss":0,"event_name":"World of Goop","floor":3,"gold_loss":0},{"damage_healed":0,"gold_gain":50,"player_choice":"Pray","damage_taken":0,"max_hp_gain":0,"max_hp_loss":0,"event_name":"Golden Shrine","floor":5,"gold_loss":0},{"damage_healed":0,"gold_gain":0,"player_choice":"Searched \u00271\u0027 times","damage_taken":0,"max_hp_gain":0,"max_hp_loss":0,"event_name":"Dead Adventurer","floor":10,"gold_loss":0},{"damage_healed":22,"gold_gain":0,"player_choice":"Banana","damage_taken":0,"max_hp_gain":0,"max_hp_loss":0,"event_name":"Big Fish","floor":12,"gold_loss":0},{"damage_healed":13,"gold_gain":0,"player_choice":"Heal","damage_taken":0,"max_hp_gain":0,"max_hp_loss":0,"event_name":"The Library","floor":20,"gold_loss":0},{"damage_healed":0,"gold_gain":0,"player_choice":"Fight","damage_taken":0,"max_hp_gain":0,"max_hp_loss":0,"event_name":"Colosseum","floor":22,"gold_loss":0},{"damage_healed":0,"gold_gain":0,"player_choice":"Fled From Nobs","damage_taken":0,"max_hp_gain":0,"max_hp_loss":0,"event_name":"Colosseum","floor":22,"gold_loss":0},{"damage_healed":0,"gold_gain":0,"player_choice":"Trade","damage_taken":0,"relics_obtained":["SsserpentHead"],"max_hp_gain":0,"max_hp_loss":0,"event_name":"FaceTrader","floor":24,"gold_loss":0},{"damage_healed":0,"gold_gain":0,"player_choice":"Became a vampire","damage_taken":0,"max_hp_gain":0,"max_hp_loss":20,"event_name":"Vampires","floor":31,"gold_loss":0,"cards_obtained":["Bite","Bite","Bite","Bite","Bite"]},{"cards_removed":["Defend_G"],"damage_healed":0,"gold_gain":0,"player_choice":"Purged","damage_taken":0,"max_hp_gain":0,"max_hp_loss":0,"event_name":"Purifier","floor":38,"gold_loss":0}],"is_beta":true,"boss_relics":[{"not_picked":["Orrery","Fusion Hammer"],"picked":"Coffee Dripper"},{"not_picked":["Velvet Choker","Calling Bell"],"picked":"Tiny House"}],"items_purged_floors":[39,48,53],"is_endless":false,"potions_floor_spawned":[1,13,14,16,18,21,28,29,42,45,47],"ascension_level":15}