{"gold_per_floor":[113,128,41,41,41,77,77,93,93,168,168,208,50,63,63,159,159,173,173,196,196,215,215,140,161,161,161,161,195,220,236,236,329,329,349,349,349,370,370,370,383,406,452,452,473,508,239,364,364,364,364,364,72,112,112],"floor_reached":56,"playtime":4954,"items_purged":["Pain","Writhe","Strike_B+1"],"score":2298,"play_id":"6b5de1ec-ee66-44ce-baf1-b87b01010409","local_time":"20190423170918","is_ascension_mode":true,"campfire_choices":[{"data":"Zap","floor":7.0,"key":"SMITH"},{"data":"Defragment","floor":15.0,"key":"SMITH"},{"data":"Defragment","floor":23.0,"key":"SMITH"},{"floor":27.0,"key":"REST"},{"floor":32.0,"key":"REST"},{"floor":40.0,"key":"REST"},{"floor":44.0,"key":"RECALL"},{"data":"Loop","floor":49.0,"key":"SMITH"},{"data":"Hologram","floor":52.0,"key":"SMITH"}],"neow_cost":"NONE","seed_source_timestamp":949553217080922,"circlet_count":0,"master_deck":["AscendersBane","Strike_B+1","Strike_B+1","Defend_B+1","Defend_B+1","Defend_B+1","Defend_B+1","Zap+1","Dualcast","Hologram+1","Sweeping Beam","Defragment+1","Glacier","Conserve Battery","Conserve Battery","Defragment+1","Thunder Strike","Go for the Eyes","Hologram","Coolheaded","Redo+1","Leap+1","Blizzard","Electrodynamics","Turbo+1","Stack+1","Loop+1","Chill","Cold Snap","Loop","Amplify","Hologram+1"],"special_seed":0,"relics":["Cracked Core","NeowsBlessing","Golden Idol","Gremlin Horn","Bottled Tornado","Calipers","Oddly Smooth Stone","Sozu","Bird Faced Urn","WarpedTongs","Ginger","Runic Pyramid","Bronze Scales","Du-Vu Doll","Nunchaku","Bag of Preparation","FossilizedHelix"],"potions_floor_usage":[],"damage_taken":[{"damage":0.0,"enemies":"Cultist","floor":1.0,"turns":1.0},{"damage":0.0,"enemies":"Small Slimes","floor":2.0,"turns":2.0},{"damage":0.0,"enemies":"Gremlin Nob","floor":6.0,"turns":1.0},{"damage":2.0,"enemies":"2 Louse","floor":8.0,"turns":3.0},{"damage":0.0,"enemies":"Gremlin Gang","floor":11.0,"turns":1.0},{"damage":7.0,"enemies":"3 Sentries","floor":12.0,"turns":8.0},{"damage":0.0,"enemies":"Blue Slaver","floor":14.0,"turns":5.0},{"damage":0.0,"enemies":"The Guardian","floor":16.0,"turns":13.0},{"damage":3.0,"enemies":"Shell Parasite","floor":18.0,"turns":9.0},{"damage":4.0,"enemies":"Chosen","floor":20.0,"turns":4.0},{"damage":28.0,"enemies":"Centurion and Healer","floor":22.0,"turns":17.0},{"damage":0.0,"enemies":"Snake Plant","floor":25.0,"turns":5.0},{"damage":24.0,"enemies":"Gremlin Leader","floor":29.0,"turns":9.0},{"damage":0.0,"enemies":"Cultist and Chosen","floor":30.0,"turns":8.0},{"damage":0.0,"enemies":"Snecko","floor":31.0,"turns":9.0},{"damage":0.0,"enemies":"Automaton","floor":33.0,"turns":16.0},{"damage":7.0,"enemies":"Orb Walker","floor":35.0,"turns":4.0},{"damage":33.0,"enemies":"3 Darklings","floor":38.0,"turns":4.0},{"damage":8.0,"enemies":"Jaw Worm Horde","floor":41.0,"turns":4.0},{"damage":0.0,"enemies":"Maw","floor":42.0,"turns":11.0},{"damage":6.0,"enemies":"3 Darklings","floor":45.0,"turns":4.0},{"damage":8.0,"enemies":"Giant Head","floor":46.0,"turns":14.0},{"damage":0.0,"enemies":"Mind Bloom Boss Battle","floor":48.0,"turns":10.0},{"damage":34.0,"enemies":"Time Eater","floor":50.0,"turns":16.0},{"damage":20.0,"enemies":"Shield and Spear","floor":54.0,"turns":11.0},{"damage":0,"enemies":"The Heart","floor":55,"turns":18}],"seed_played":"2587813261257767424","potions_obtained":[{"floor":6.0,"key":"Ancient Potion"},{"floor":8.0,"key":"SmokeBomb"},{"floor":12.0,"key":"Strength Potion"}],"is_trial":false,"path_per_floor":["M","M","$","?","?","E","R","M","T","?","M","E","$","M","R","B",null,"M","?","M","?","M","R","$","M","T","R","?","E","M","M","R","B",null,"M","?","?","M","?","R","M","M","T","R","M","E","$","?","R","B",null,"R","$","E","B",null],"character_chosen":"DEFECT","items_purchased":["Defragment","Oddly Smooth Stone","Amplify","Bag of Preparation"],"campfire_rested":3,"item_purchase_floors":[3,13,47,53],"current_hp_per_floor":[64,64,64,43,43,43,43,41,41,30,30,23,23,23,23,23,54,51,51,51,51,27,27,27,31,31,50,50,30,34,38,57,61,63,59,59,59,32,32,51,49,57,57,57,59,56,56,64,64,50,61,61,61,56,64],"gold":112,"neow_bonus":"THREE_ENEMY_KILL","is_prod":false,"is_daily":false,"chose_seed":false,"campfire_upgraded":5,"win_rate":0,"timestamp":1556006958,"path_taken":["M","?","$","?","?","E","R","M","T","?","M","E","$","M","R","BOSS","M","?","M","?","M","R","$","?","T","R","?","E","M","M","R","BOSS","M","?","?","?","?","R","M","M","T","R","M","E","$","?","R","BOSS","R","$","E","BOSS"],"build_version":"2019-04-21","purchased_purges":3,"victory":true,"max_hp_per_floor":[71,71,71,71,64,64,64,64,64,64,64,64,64,64,64,64,64,64,64,64,64,64,64,64,64,64,64,64,64,64,64,64,64,64,64,64,64,64,64,64,64,64,64,64,64,64,64,64,64,64,64,64,64,64,64],"card_choices":[{"not_picked":["Sweeping Beam","Steam"],"picked":"Hologram","floor":1.0},{"not_picked":["Barrage","Stack"],"picked":"Sweeping Beam","floor":2.0},{"not_picked":["Beam Cell","Fission"],"picked":"Glacier","floor":6.0},{"not_picked":["Beam Cell","Fusion"],"picked":"Conserve Battery","floor":8.0},{"not_picked":["Turbo","Gash"],"picked":"Conserve Battery","floor":12.0},{"not_picked":["Fission","Stack"],"picked":"Defragment","floor":14.0},{"not_picked":["Hyperbeam","All For One"],"picked":"Thunder Strike","floor":16.0},{"not_picked":["Leap","Steam"],"picked":"Go for the Eyes","floor":18.0},{"not_picked":["Gash","Leap"],"picked":"Hologram","floor":20.0},{"not_picked":["Stack","Biased Cognition"],"picked":"Coolheaded","floor":22.0},{"not_picked":["Stack","Streamline"],"picked":"Redo+1","floor":25.0},{"not_picked":["Hyperbeam","Turbo","Lockon"],"picked":"SKIP","floor":29.0},{"not_picked":["Gash","Storm"],"picked":"Leap+1","floor":30.0},{"not_picked":["Sunder","FTL"],"picked":"Blizzard","floor":31.0},{"not_picked":["Thunder Strike","All For One"],"picked":"Electrodynamics","floor":33.0},{"not_picked":["Rip and Tear+1","Blizzard"],"picked":"Turbo+1","floor":35.0},{"not_picked":["Leap","Steam"],"picked":"Stack+1","floor":38.0},{"not_picked":["Static Discharge+1","Fission"],"picked":"Loop","floor":41.0},{"not_picked":["Sweeping Beam","Compile Driver"],"picked":"Chill","floor":42.0},{"not_picked":["Leap","Turbo"],"picked":"Cold Snap","floor":45.0},{"not_picked":["Fission","Sweeping Beam"],"picked":"Loop","floor":46.0},{"not_picked":["Tempest+1","Redo"],"picked":"Hologram+1","floor":48.0},{"not_picked":["Cold Snap","Heatsinks","Conserve Battery"],"picked":"SKIP","floor":54.0}],"player_experience":3021818,"relics_obtained":[{"floor":6.0,"key":"Gremlin Horn"},{"floor":9.0,"key":"Bottled Tornado"},{"floor":12.0,"key":"Calipers"},{"floor":29.0,"key":"Ginger"},{"floor":43.0,"key":"Bronze Scales"},{"floor":46.0,"key":"Du-Vu Doll"},{"floor":48.0,"key":"Nunchaku"},{"floor":54.0,"key":"FossilizedHelix"}],"event_choices":[{"damage_healed":0.0,"max_hp_gain":0.0,"max_hp_loss":0.0,"gold_gain":0.0,"event_name":"Shining Light","player_choice":"Entered Light","floor":4.0,"gold_loss":0.0,"damage_taken":21.0,"cards_upgraded":["Strike_B","Strike_B"]},{"damage_healed":0.0,"max_hp_gain":0.0,"max_hp_loss":7.0,"gold_gain":0.0,"event_name":"Golden Idol","player_choice":"Lose Max HP","floor":5.0,"gold_loss":0.0,"damage_taken":0.0,"relics_obtained":["Golden Idol"]},{"damage_healed":0.0,"max_hp_gain":0.0,"max_hp_loss":0.0,"gold_gain":75.0,"event_name":"World of Goop","player_choice":"Gather Gold","floor":10.0,"gold_loss":0.0,"damage_taken":11.0},{"damage_healed":0.0,"max_hp_gain":0.0,"max_hp_loss":0.0,"gold_gain":0.0,"event_name":"The Mausoleum","player_choice":"Opened","floor":19.0,"gold_loss":0.0,"damage_taken":0.0,"relics_obtained":["Bird Faced Urn"],"cards_obtained":["Writhe"]},{"damage_healed":0.0,"max_hp_gain":0.0,"max_hp_loss":0.0,"gold_gain":0.0,"event_name":"Accursed Blacksmith","player_choice":"Rummage","floor":21.0,"gold_loss":0.0,"damage_taken":0.0,"relics_obtained":["WarpedTongs"],"cards_obtained":["Pain"]},{"damage_healed":0.0,"max_hp_gain":0.0,"max_hp_loss":0.0,"gold_gain":0.0,"event_name":"Back to Basics","player_choice":"Simplicity","floor":28.0,"gold_loss":0.0,"damage_taken":0.0,"cards_upgraded":["Strike_B","Strike_B","Defend_B","Defend_B","Defend_B","Defend_B"]},{"cards_removed":["Strike_B"],"damage_healed":0.0,"max_hp_gain":0.0,"max_hp_loss":0.0,"gold_gain":0.0,"event_name":"Falling","player_choice":"Removed Attack","floor":36.0,"gold_loss":0.0,"damage_taken":0.0},{"damage_healed":0.0,"max_hp_gain":0.0,"max_hp_loss":0.0,"gold_gain":0.0,"event_name":"Match and Keep!","player_choice":"0 cards matched","floor":37.0,"gold_loss":0.0,"damage_taken":0.0,"cards_obtained":[]},{"damage_healed":0.0,"max_hp_gain":0.0,"max_hp_loss":0.0,"gold_gain":0.0,"event_name":"Mysterious Sphere","player_choice":"Ignored","floor":39.0,"gold_loss":0.0,"damage_taken":0.0},{"damage_healed":0.0,"max_hp_gain":0.0,"max_hp_loss":0.0,"gold_gain":0.0,"event_name":"MindBloom","player_choice":"Fight","floor":48.0,"gold_loss":0.0,"damage_taken":0.0}],"is_beta":true,"boss_relics":[{"not_picked":["Orrery","Philosopher\u0027s Stone"],"picked":"Sozu"},{"not_picked":["Calling Bell","Pandora\u0027s Box"],"picked":"Runic Pyramid"}],"items_purged_floors":[24,47,53],"is_endless":false,"potions_floor_spawned":[6,8,12,22,29,30,33,35,46,54],"ascension_level":17}