{"gold_per_floor":[130,217,241,218,155,181,181,195,267,284,184,184,257,257,257,358,358,377,394,95,95,0,0,18,18,18,35,46,46],"floor_reached":29,"playtime":1471,"items_purged":["Strike_B","Strike_B"],"score":223,"play_id":"0f66ae22-fd02-44de-b346-b5e4e7a7ba6c","local_time":"20181202191116","is_ascension_mode":false,"campfire_choices":[{"floor":7.0,"key":"REST"},{"floor":15.0,"key":"REST"},{"data":"Zap","floor":23,"key":"SMITH"},{"floor":25,"key":"REST"}],"neow_cost":"NONE","seed_source_timestamp":0,"circlet_count":0,"master_deck":["Strike_B","Strike_B","Defend_B","Defend_B","Defend_B","Zap+1","Dualcast","Redo","Steam","Ball Lightning","Tempest","Ball Lightning","Sunder+1"],"special_seed":0,"relics":["Cracked Core","MawBank","Juzu Bracelet","Kunai","Darkstone Periapt","Pocketwatch","Runic Pyramid","Orichalcum","Pen Nib","Pear"],"potions_floor_usage":[29],"damage_taken":[{"damage":11.0,"enemies":"Jaw Worm","floor":1.0,"turns":3.0},{"damage":6.0,"enemies":"2 Louse","floor":3.0,"turns":2.0},{"damage":40.0,"enemies":"Lagavulin","floor":6.0,"turns":7.0},{"damage":4.0,"enemies":"Small Slimes","floor":8.0,"turns":2.0},{"damage":4.0,"enemies":"Exordium Wildlife","floor":10.0,"turns":4.0},{"damage":37.0,"enemies":"Hexaghost","floor":16.0,"turns":8.0},{"damage":32.0,"enemies":"Shell Parasite","floor":18.0,"turns":5.0},{"damage":10.0,"enemies":"Chosen","floor":19.0,"turns":4.0},{"damage":20,"enemies":"Shelled Parasite and Fungi","floor":24,"turns":5},{"damage":15,"enemies":"Snake Plant","floor":27,"turns":3},{"damage":9,"enemies":"3 Cultists","floor":28,"turns":4},{"damage":23,"enemies":"Shelled Parasite and Fungi","floor":29,"turns":3}],"seed_played":"-5350363713746231926","potions_obtained":[{"floor":3.0,"key":"PowerPotion"},{"floor":10.0,"key":"Explosive Potion"},{"floor":27,"key":"PowerPotion"}],"is_trial":false,"path_per_floor":["M","?","M","?","$","E","R","M","T","M","$","?","T","?","R","B",null,"M","M","$","?","?","R","M","R","T","M","M","M"],"character_chosen":"DEFECT","items_purchased":["Orichalcum","Pen Nib"],"campfire_rested":3,"item_purchase_floors":[20,20],"current_hp_per_floor":[64,53,47,65,65,25,47,43,43,39,39,32,32,32,54,17,75,43,33,33,33,33,33,13,35,45,30,21,0],"gold":46,"neow_bonus":"RANDOM_COMMON_RELIC","is_prod":false,"is_daily":false,"chose_seed":false,"campfire_upgraded":1,"win_rate":0.0,"timestamp":1543745476,"path_taken":["M","?","M","?","$","E","R","M","T","M","$","?","?","?","R","BOSS","M","M","$","?","?","R","M","R","T","M","M","M"],"build_version":"2018-11-15","purchased_purges":2,"victory":false,"max_hp_per_floor":[75,75,75,75,75,75,75,75,75,75,75,75,75,75,75,75,75,75,75,75,75,75,75,75,75,85,85,85,85],"card_choices":[{"not_picked":["Stack","Rebound"],"picked":"Redo","floor":1.0},{"not_picked":["Force Field","Storm"],"picked":"Steam","floor":3.0},{"not_picked":["Streamline","Coolheaded"],"picked":"Ball Lightning","floor":6.0},{"not_picked":["Lockon","Leap","Rebound"],"picked":"SKIP","floor":8.0},{"not_picked":["Multi-Cast","Gash"],"picked":"Tempest","floor":10.0},{"not_picked":["Heatsinks","Doom and Gloom","Fusion"],"picked":"SKIP","floor":18.0},{"not_picked":["Hologram","Scrape","Redo"],"picked":"SKIP","floor":19.0},{"not_picked":["Reprogram","Loop"],"picked":"Ball Lightning","floor":24},{"not_picked":["Sweeping Beam+1","Cold Snap"],"picked":"Sunder+1","floor":27},{"not_picked":["Cold Snap","Rip and Tear+1","Capacitor"],"picked":"SKIP","floor":28}],"player_experience":58486,"relics_obtained":[{"floor":6.0,"key":"Juzu Bracelet"},{"floor":9.0,"key":"Kunai"},{"floor":13.0,"key":"Darkstone Periapt"},{"floor":26,"key":"Pear"}],"event_choices":[{"damage_healed":0.0,"max_hp_gain":0.0,"max_hp_loss":0.0,"gold_gain":75.0,"event_name":"World of Goop","player_choice":"Gather Gold","floor":2.0,"gold_loss":0.0,"damage_taken":11.0},{"damage_healed":18.0,"max_hp_gain":0.0,"max_hp_loss":0.0,"gold_gain":0.0,"event_name":"The Cleric","player_choice":"Healed","floor":4.0,"gold_loss":35.0,"damage_taken":0.0},{"cards_removed":["Defend_B"],"damage_healed":0.0,"max_hp_gain":0.0,"max_hp_loss":0.0,"gold_gain":0.0,"event_name":"Golden Wing","player_choice":"Card Removal","floor":12.0,"gold_loss":0.0,"damage_taken":7.0},{"damage_healed":0.0,"max_hp_gain":0.0,"max_hp_loss":0.0,"gold_gain":0.0,"event_name":"WeMeetAgain","player_choice":"Gave Potion","floor":14.0,"gold_loss":0.0,"damage_taken":0.0,"relics_obtained":["Pocketwatch"]},{"damage_healed":0,"gold_gain":0,"player_choice":"Ignored","damage_taken":0,"max_hp_gain":0,"max_hp_loss":0,"event_name":"Ghosts","floor":21,"gold_loss":0},{"damage_healed":0,"gold_gain":0,"player_choice":"Paid Fearfully","damage_taken":0,"max_hp_gain":0,"max_hp_loss":0,"event_name":"Masked Bandits","floor":22,"gold_loss":95}],"is_beta":false,"boss_relics":[{"not_picked":["Inserter","Orrery"],"picked":"Runic Pyramid"}],"items_purged_floors":[5,11],"is_endless":false,"potions_floor_spawned":[3,10,27],"killed_by":"Shelled Parasite and Fungi","ascension_level":0}