{"gold_per_floor":[117,117,117,137,157,157,183,183,260,260,272,300,316,391,391,391],"floor_reached":16,"playtime":725,"items_purged":[],"score":204,"play_id":"549f3169-424b-4c33-97e2-c219479ef8fe","local_time":"20190326033349","is_ascension_mode":true,"campfire_choices":[{"data":"Pommel Strike","floor":6,"key":"SMITH"},{"data":"Secret Technique","floor":8,"key":"SMITH"},{"data":"Bash","floor":10,"key":"SMITH"},{"floor":15,"key":"REST"}],"neow_cost":"TEN_PERCENT_HP_LOSS","seed_source_timestamp":2256456131829491,"circlet_count":0,"master_deck":["AscendersBane","Strike_R","Strike_R","Strike_R","Strike_R","Strike_R","Defend_R","Defend_R","Defend_R+1","Defend_R","Bash+1","Forethought+1","Secret Technique+1","Headbutt","Clothesline","Pommel Strike+1","Carnage","Cleave","Inflame","Evolve"],"relics":["Burning Blood","Bronze Scales","Paper Frog","Bag of Marbles"],"potions_floor_usage":[3,7,16],"damage_taken":[{"damage":4,"enemies":"Jaw Worm","floor":1,"turns":5},{"damage":6,"enemies":"Small Slimes","floor":4,"turns":4},{"damage":1,"enemies":"Cultist","floor":5,"turns":4},{"damage":21,"enemies":"Gremlin Nob","floor":7,"turns":4},{"damage":3,"enemies":"Blue Slaver","floor":11,"turns":3},{"damage":33,"enemies":"Lagavulin","floor":12,"turns":7},{"damage":1,"enemies":"Exordium Thugs","floor":13,"turns":3},{"damage":36,"enemies":"The Guardian","floor":16,"turns":9}],"seed_played":"-2146652896811499950","potions_obtained":[{"floor":3,"key":"Fruit Juice"},{"floor":3,"key":"Strength Potion"},{"floor":7,"key":"Block Potion"},{"floor":11,"key":"BloodPotion"},{"floor":12,"key":"Explosive Potion"}],"is_trial":false,"path_per_floor":["M","?","?","M","M","R","E","R","T","R","M","E","M","?","R","B"],"character_chosen":"IRONCLAD","items_purchased":[],"campfire_rested":1,"item_purchase_floors":[],"current_hp_per_floor":[68,48,53,53,58,58,43,43,43,43,46,19,24,13,34,0],"gold":391,"neow_bonus":"RANDOM_COLORLESS_2","is_prod":false,"is_daily":false,"chose_seed":false,"campfire_upgraded":3,"win_rate":0,"timestamp":1553538829,"path_taken":["M","?","?","M","M","R","E","R","T","R","M","E","?","?","R","BOSS"],"build_version":"2019-03-15","purchased_purges":0,"victory":false,"max_hp_per_floor":[68,68,73,73,73,73,73,73,73,73,73,73,73,73,73,73],"card_choices":[{"not_picked":["Iron Wave","Fire Breathing"],"picked":"Headbutt","floor":1},{"not_picked":["Clash","Second Wind"],"picked":"Clothesline","floor":4},{"not_picked":["Body Slam","Whirlwind"],"picked":"Pommel Strike","floor":5},{"not_picked":["Anger","Body Slam"],"picked":"Carnage","floor":7},{"not_picked":["Carnage","Clothesline"],"picked":"Cleave","floor":11},{"not_picked":["Flex","Sword Boomerang"],"picked":"Inflame","floor":12},{"not_picked":["Havoc","Perfected Strike"],"picked":"Evolve","floor":13}],"player_experience":2736652,"relics_obtained":[{"floor":7,"key":"Bronze Scales"},{"floor":9,"key":"Paper Frog"},{"floor":12,"key":"Bag of Marbles"}],"event_choices":[{"damage_healed":0,"gold_gain":0,"player_choice":"Entered Light","damage_taken":20,"max_hp_gain":0,"max_hp_loss":0,"event_name":"Shining Light","floor":2,"gold_loss":0,"cards_upgraded":["Defend_R","Forethought"]},{"damage_healed":0,"gold_gain":0,"player_choice":"Got Potions","damage_taken":0,"max_hp_gain":0,"max_hp_loss":0,"event_name":"Lab","floor":3,"gold_loss":0},{"damage_healed":0,"gold_gain":75,"player_choice":"Gather Gold","damage_taken":11,"max_hp_gain":0,"max_hp_loss":0,"event_name":"World of Goop","floor":14,"gold_loss":0}],"is_beta":true,"boss_relics":[],"items_purged_floors":[],"is_endless":false,"potions_floor_spawned":[7,11,12],"killed_by":"The Guardian","ascension_level":17}