{"gold_per_floor":[110,110,123,123,183,183,77,77,128,153,169,184,195,208,208,208],"floor_reached":16,"playtime":639,"items_purged":[],"score":194,"play_id":"42045260-b79a-4760-ac7b-af66f65ed76c","local_time":"20190524112900","is_ascension_mode":true,"campfire_choices":[{"data":"Corruption","floor":6,"key":"SMITH"},{"data":"Armaments","floor":8,"key":"SMITH"},{"floor":15,"key":"REST"}],"neow_cost":"NONE","seed_source_timestamp":243445048884466,"circlet_count":0,"master_deck":["AscendersBane","Strike_R","Strike_R","Strike_R","Strike_R","Strike_R","Defend_R","Defend_R","Defend_R","Defend_R","Bash","Pummel","Regret","Armaments+1","Corruption+1","Warcry","Shrug It Off","Exhume+1","Clothesline","Shrug It Off+1","Pommel Strike"],"relics":["Burning Blood","Centennial Puzzle","Lantern","SsserpentHead","Ancient Tea Set","Toxic Egg 2"],"potions_floor_usage":[16],"damage_taken":[{"damage":5,"enemies":"Small Slimes","floor":1,"turns":5},{"damage":12,"enemies":"2 Louse","floor":3,"turns":2},{"damage":0,"enemies":"Cultist","floor":5,"turns":3},{"damage":45,"enemies":"Lagavulin","floor":10,"turns":9},{"damage":10,"enemies":"Blue Slaver","floor":11,"turns":4},{"damage":14,"enemies":"Large Slime","floor":13,"turns":6},{"damage":3,"enemies":"Looter","floor":14,"turns":3},{"damage":24,"enemies":"Slime Boss","floor":16,"turns":5}],"seed_played":"6097675463530792526","potions_obtained":[{"floor":5,"key":"Ancient Potion"},{"floor":11,"key":"PowerPotion"}],"is_trial":false,"path_per_floor":["M","?","M","?","M","R","$","R","T","E","M","?","M","M","R","B"],"character_chosen":"IRONCLAD","items_purchased":["Warcry","Shrug It Off"],"campfire_rested":1,"item_purchase_floors":[7,7],"current_hp_per_floor":[69,69,63,63,69,69,69,69,69,30,26,44,36,39,61,37],"gold":208,"neow_bonus":"RANDOM_COMMON_RELIC","is_prod":false,"is_daily":false,"chose_seed":false,"campfire_upgraded":2,"win_rate":0,"timestamp":1558686540,"path_taken":["M","?","M","?","?","R","$","R","T","E","M","?","M","M","R","BOSS"],"build_version":"2019-01-23","purchased_purges":0,"victory":false,"max_hp_per_floor":[75,75,75,75,75,75,75,75,75,75,75,75,75,75,75,75],"card_choices":[{"not_picked":["Cleave","Entrench"],"picked":"Pummel","floor":1},{"not_picked":["Headbutt","Body Slam"],"picked":"Armaments","floor":3},{"not_picked":["Pommel Strike","Cleave"],"picked":"Corruption","floor":5},{"not_picked":["Sentinel","Wild Strike"],"picked":"Exhume","floor":10},{"not_picked":["Twin Strike","Rupture"],"picked":"Clothesline","floor":11},{"not_picked":["Rampage","Metallicize"],"picked":"Shrug It Off+1","floor":13},{"not_picked":["Reckless Charge","Twin Strike"],"picked":"Pommel Strike","floor":14}],"player_experience":1397017,"relics_obtained":[{"floor":9,"key":"Ancient Tea Set"},{"floor":10,"key":"Toxic Egg 2"}],"event_choices":[{"damage_healed":0,"gold_gain":0,"player_choice":"Box","damage_taken":0,"relics_obtained":["Lantern"],"max_hp_gain":0,"max_hp_loss":0,"event_name":"Big Fish","floor":2,"gold_loss":0,"cards_obtained":["Regret"]},{"damage_healed":0,"gold_gain":0,"player_choice":"Trade","damage_taken":0,"relics_obtained":["SsserpentHead"],"max_hp_gain":0,"max_hp_loss":0,"event_name":"FaceTrader","floor":4,"gold_loss":0},{"damage_healed":18,"gold_gain":0,"player_choice":"Healed","damage_taken":0,"max_hp_gain":0,"max_hp_loss":0,"event_name":"The Cleric","floor":12,"gold_loss":35}],"is_beta":false,"boss_relics":[],"items_purged_floors":[],"is_endless":false,"potions_floor_spawned":[5,11,14],"killed_by":"Slime Boss","ascension_level":18}