{"gold_per_floor":[214,43,61,71,88,88,116,116,168,133,159,159,173,203,203,279,279,279,279,279,279,279,279,279,279,279,279,279,279,279,204,204,204,204,204,204,36,36,36,36,36,36,36,36,36,36,36,36,36,36,36,36,36,36,36],"floor_reached":55,"playtime":2846,"items_purged":[],"score":1353,"play_id":"19a48608-5d0f-4f44-bd6b-35282596ce63","local_time":"20190527184622","is_ascension_mode":true,"campfire_choices":[{"data":"Deadly Poison","floor":6.0,"key":"SMITH"},{"floor":8.0,"key":"REST"},{"data":"A Thousand Cuts","floor":15.0,"key":"SMITH"},{"data":"Footwork","floor":23.0,"key":"SMITH"},{"data":"Cloak And Dagger","floor":25.0,"key":"SMITH"},{"floor":28.0,"key":"REST"},{"floor":30.0,"key":"REST"},{"data":"Cloak And Dagger","floor":32.0,"key":"SMITH"},{"data":"Burst","floor":40.0,"key":"SMITH"},{"data":"Well Laid Plans","floor":42.0,"key":"SMITH"},{"floor":44.0,"key":"RECALL"},{"data":"After Image","floor":49.0,"key":"SMITH"},{"data":"Cloak And Dagger","floor":52.0,"key":"SMITH"}],"neow_cost":"NONE","seed_source_timestamp":727113645172218,"circlet_count":0,"master_deck":["AscendersBane","Strike_G","Strike_G","Strike_G","Defend_G","Defend_G+1","Defend_G","Defend_G","Defend_G","Survivor","Neutralize","Deadly Poison+1","Footwork+1","Leg Sweep+1","Sucker Punch","A Thousand Cuts+1","Escape Plan","Deflect","After Image+1","Cloak And Dagger+1","Escape Plan","Cloak And Dagger+1","Escape Plan","Well Laid Plans+1","Glass Knife","Burst+1","Cloak And Dagger+1"],"special_seed":0,"relics":["Ring of the Snake","Ancient Tea Set","Pear","Strawberry","Matryoshka","Vajra","Ectoplasm","Anchor","Juzu Bracelet","StoneCalendar","Shuriken","White Beast Statue","Pen Nib","Turnip","Ornamental Fan","Potion Belt","PreservedInsect","War Paint","Gambling Chip"],"potions_floor_usage":[55],"damage_taken":[{"damage":8.0,"enemies":"Cultist","floor":1.0,"turns":5.0},{"damage":9.0,"enemies":"Jaw Worm","floor":3.0,"turns":4.0},{"damage":8.0,"enemies":"2 Louse","floor":4.0,"turns":8.0},{"damage":0.0,"enemies":"Looter","floor":5.0,"turns":4.0},{"damage":40.0,"enemies":"Gremlin Nob","floor":7.0,"turns":5.0},{"damage":3.0,"enemies":"Lagavulin","floor":11.0,"turns":9.0},{"damage":0.0,"enemies":"2 Fungi Beasts","floor":13.0,"turns":4.0},{"damage":42.0,"enemies":"Slime Boss","floor":16.0,"turns":10.0},{"damage":0.0,"enemies":"3 Byrds","floor":18.0,"turns":2.0},{"damage":1.0,"enemies":"Shell Parasite","floor":20.0,"turns":7.0},{"damage":9.0,"enemies":"Snake Plant","floor":21.0,"turns":6.0},{"damage":2.0,"enemies":"Centurion and Healer","floor":22.0,"turns":9.0},{"damage":8.0,"enemies":"Book of Stabbing","floor":24.0,"turns":7.0},{"damage":30.0,"enemies":"Slavers","floor":27.0,"turns":5.0},{"damage":12.0,"enemies":"Automaton","floor":33.0,"turns":9.0},{"damage":0.0,"enemies":"3 Shapes","floor":35.0,"turns":5.0},{"damage":0.0,"enemies":"Mind Bloom Boss Battle","floor":38.0,"turns":8.0},{"damage":3.0,"enemies":"3 Darklings","floor":39.0,"turns":6.0},{"damage":0.0,"enemies":"Reptomancer","floor":47.0,"turns":5.0},{"damage":24.0,"enemies":"Awakened One","floor":50.0,"turns":17.0},{"damage":35.0,"enemies":"Shield and Spear","floor":54.0,"turns":12.0},{"damage":56,"enemies":"The Heart","floor":55,"turns":3}],"seed_played":"-7527493832268673565","potions_obtained":[{"floor":1.0,"key":"Regen Potion"},{"floor":3.0,"key":"Dexterity Potion"},{"floor":4.0,"key":"LiquidBronze"},{"floor":13.0,"key":"Regen Potion"},{"floor":20.0,"key":"Explosive Potion"},{"floor":21.0,"key":"GamblersBrew"},{"floor":33.0,"key":"SkillPotion"},{"floor":35.0,"key":"SteroidPotion"},{"floor":38.0,"key":"Fire Potion"},{"floor":39.0,"key":"SkillPotion"},{"floor":47.0,"key":"GamblersBrew"},{"floor":54.0,"key":"LiquidBronze"}],"is_trial":false,"path_per_floor":["M","$","M","M","M","R","E","R","T","?","E","?","M","?","R","B",null,"M","?","M","M","M","R","E","R","T","E","R","?","R","?","R","B",null,"M","?","$","?","M","R","?","R","T","R","?","T","E","$","R","B",null,"R","$","E","B"],"character_chosen":"THE_SILENT","items_purchased":["Ancient Tea Set","Pen Nib"],"campfire_rested":3,"item_purchase_floors":[2,37],"current_hp_per_floor":[51,51,42,49,49,49,19,41,41,60,64,53,53,53,53,26,69,69,69,68,59,57,57,49,49,49,19,43,27,51,51,51,39,72,72,72,72,72,69,69,69,69,69,69,69,69,69,69,69,45,71,71,71,36,0],"gold":36,"neow_bonus":"HUNDRED_GOLD","is_prod":false,"is_daily":false,"chose_seed":false,"campfire_upgraded":9,"win_rate":0,"timestamp":1558950382,"path_taken":["M","$","M","M","M","R","E","R","T","?","E","?","M","?","R","BOSS","M","?","M","M","M","R","E","R","T","E","R","?","R","?","R","BOSS","M","?","$","?","M","R","?","R","T","R","?","?","E","$","R","BOSS","R","$","E","BOSS"],"build_version":"2019-05-26","purchased_purges":0,"victory":false,"max_hp_per_floor":[66,66,66,66,66,66,76,76,76,76,83,83,83,83,83,83,83,83,83,83,83,83,83,83,83,83,83,83,83,83,83,83,83,83,83,83,83,83,83,83,79,79,79,79,79,79,79,79,79,79,79,79,79,79,79],"card_choices":[{"not_picked":["Setup","Dodge and Roll"],"picked":"Deadly Poison","floor":1.0},{"not_picked":["Heel Hook","Backflip"],"picked":"Footwork","floor":3.0},{"not_picked":["Escape Plan","Quick Slash"],"picked":"Leg Sweep","floor":4.0},{"not_picked":["Slice","Quick Slash"],"picked":"Sucker Punch","floor":5.0},{"not_picked":["Flying Knee","Skewer"],"picked":"A Thousand Cuts","floor":7.0},{"not_picked":["Poisoned Stab","Setup"],"picked":"Escape Plan","floor":11.0},{"not_picked":["Dodge and Roll","Acrobatics"],"picked":"Deflect","floor":13.0},{"not_picked":["Storm of Steel","Bullet Time"],"picked":"After Image","floor":16.0},{"not_picked":["Riddle With Holes+1","Slice+1"],"picked":"Cloak And Dagger","floor":18.0},{"not_picked":["Blade Dance","Predator"],"picked":"Escape Plan","floor":20.0},{"not_picked":["Slice","All Out Attack"],"picked":"Cloak And Dagger","floor":21.0},{"not_picked":["Acrobatics","Crippling Poison"],"picked":"Escape Plan","floor":22.0},{"not_picked":["Calculated Gamble+1","Corpse Explosion"],"picked":"Well Laid Plans","floor":24.0},{"not_picked":["Skewer","Prepared"],"picked":"Glass Knife","floor":27.0},{"not_picked":["Phantasmal Killer","Storm of Steel"],"picked":"Burst","floor":33.0},{"not_picked":["Sucker Punch","Dagger Spray","Prepared"],"picked":"SKIP","floor":35.0},{"not_picked":["Sucker Punch","Dagger Spray","Prepared"],"picked":"SKIP","floor":35.0},{"not_picked":["Concentrate","Slice","Endless Agony"],"picked":"SKIP","floor":39.0},{"not_picked":["Slice","Bouncing Flask+1"],"picked":"Cloak And Dagger","floor":47.0},{"not_picked":["Slice","Outmaneuver","Sucker Punch"],"picked":"SKIP","floor":54.0}],"player_experience":3358294,"relics_obtained":[{"floor":7.0,"key":"Pear"},{"floor":11.0,"key":"Strawberry"},{"floor":24.0,"key":"Anchor"},{"floor":26.0,"key":"Juzu Bracelet"},{"floor":26.0,"key":"StoneCalendar"},{"floor":27.0,"key":"Shuriken"},{"floor":38.0,"key":"Turnip"},{"floor":43.0,"key":"Ornamental Fan"},{"floor":43.0,"key":"Potion Belt"},{"floor":46.0,"key":"PreservedInsect"},{"floor":47.0,"key":"War Paint"},{"floor":54.0,"key":"Gambling Chip"}],"event_choices":[{"damage_healed":19.0,"max_hp_gain":0.0,"max_hp_loss":0.0,"gold_gain":0.0,"event_name":"The Cleric","player_choice":"Healed","floor":10.0,"gold_loss":35.0,"damage_taken":0.0},{"damage_healed":0.0,"max_hp_gain":0.0,"max_hp_loss":0.0,"gold_gain":0.0,"event_name":"Scrap Ooze","player_choice":"Success","floor":12.0,"gold_loss":0.0,"damage_taken":11.0,"relics_obtained":["Matryoshka"]},{"damage_healed":0.0,"max_hp_gain":0.0,"max_hp_loss":0.0,"gold_gain":30.0,"event_name":"Dead Adventurer","player_choice":"Searched \u00273\u0027 times","floor":14.0,"gold_loss":0.0,"damage_taken":0.0,"relics_obtained":["Vajra"]},{"damage_healed":0.0,"max_hp_gain":0.0,"max_hp_loss":0.0,"gold_gain":0.0,"event_name":"Ghosts","player_choice":"Ignored","floor":19.0,"gold_loss":0.0,"damage_taken":0.0},{"damage_healed":0.0,"max_hp_gain":0.0,"max_hp_loss":0.0,"gold_gain":90.0,"event_name":"Knowing Skull","player_choice":"GOLD ","floor":29.0,"potions_obtained":[],"gold_loss":0.0,"damage_taken":16.0,"cards_obtained":[]},{"cards_removed":["Strike_G"],"damage_healed":0.0,"max_hp_gain":0.0,"max_hp_loss":0.0,"gold_gain":0.0,"event_name":"Beggar","player_choice":"Gave Gold","floor":31.0,"gold_loss":75.0,"damage_taken":0.0},{"damage_healed":0.0,"max_hp_gain":0.0,"max_hp_loss":0.0,"gold_gain":0.0,"event_name":"Tomb of Lord Red Mask","player_choice":"Ignored","floor":36.0,"gold_loss":0.0,"damage_taken":0.0},{"damage_healed":0.0,"max_hp_gain":0.0,"max_hp_loss":0.0,"gold_gain":0.0,"event_name":"MindBloom","player_choice":"Fight","floor":38.0,"gold_loss":0.0,"damage_taken":0.0},{"damage_healed":0.0,"max_hp_gain":0.0,"max_hp_loss":4.0,"gold_gain":0.0,"event_name":"Winding Halls","player_choice":"Max HP","floor":41.0,"gold_loss":0.0,"damage_taken":0.0},{"cards_removed":["Strike_G"],"damage_healed":0.0,"max_hp_gain":0.0,"max_hp_loss":0.0,"gold_gain":0.0,"event_name":"Falling","player_choice":"Removed Attack","floor":45.0,"gold_loss":0.0,"damage_taken":0.0}],"is_beta":true,"boss_relics":[{"not_picked":["Eternal Feather","Busted Crown"],"picked":"Ectoplasm"},{"not_picked":["Tiny House","Runic Dome"],"picked":"White Beast Statue"}],"items_purged_floors":[],"is_endless":false,"potions_floor_spawned":[1,3,4,7,13,20,21,33,35,38,39,47,54],"killed_by":"The Heart","ascension_level":18}