{"gold_per_floor":[117,131,144,162,162,162,195,33,33,33,50,66,98,98,98,98],"floor_reached":16,"playtime":369,"items_purged":["Strike_B"],"score":224,"play_id":"183b429e-4904-4c53-b50d-4ee5a85519bd","local_time":"20190508003505","is_ascension_mode":true,"campfire_choices":[{"floor":6,"key":"REST"},{"floor":10,"key":"REST"},{"data":"Sunder","floor":15,"key":"SMITH"}],"neow_cost":"TEN_PERCENT_HP_LOSS","seed_source_timestamp":196413237581900,"circlet_count":0,"master_deck":["AscendersBane","Strike_B+1","Strike_B","Strike_B","Defend_B+1","Defend_B","Defend_B","Defend_B","Zap","Dualcast","Echo Form","Auto Shields","BootSequence","Redo","Sweeping Beam","FTL","Sunder+1","BootSequence","Glacier","Meteor Strike"],"relics":["Cracked Core","Shuriken","Matryoshka","FaceOfCleric"],"potions_floor_usage":[16,16],"damage_taken":[{"damage":2,"enemies":"Cultist","floor":1,"turns":4},{"damage":10,"enemies":"Small Slimes","floor":2,"turns":3},{"damage":2,"enemies":"Jaw Worm","floor":3,"turns":4},{"damage":10,"enemies":"Red Slaver","floor":4,"turns":4},{"damage":32,"enemies":"Gremlin Nob","floor":7,"turns":4},{"damage":6,"enemies":"Large Slime","floor":11,"turns":4},{"damage":0,"enemies":"2 Fungi Beasts","floor":12,"turns":3},{"damage":5,"enemies":"3 Sentries","floor":13,"turns":6},{"damage":17,"enemies":"Slime Boss","floor":16,"turns":3}],"seed_played":"-3855340277155637715","potions_obtained":[{"floor":1,"key":"Poison Potion"},{"floor":7,"key":"FearPotion"}],"is_trial":false,"path_per_floor":["M","M","M","M","?","R","E","$","T","R","M","M","E","?","R","B"],"character_chosen":"DEFECT","items_purchased":["Sunder"],"campfire_rested":2,"item_purchase_floors":[8],"current_hp_per_floor":[62,52,50,40,21,40,8,8,8,27,21,21,16,16,16,0],"gold":98,"neow_bonus":"THREE_RARE_CARDS","is_prod":false,"is_daily":false,"chose_seed":false,"campfire_upgraded":1,"win_rate":0,"timestamp":1557243305,"path_taken":["M","M","M","?","?","R","E","$","T","R","M","M","E","?","R","BOSS"],"build_version":"2019-01-23","purchased_purges":1,"victory":false,"max_hp_per_floor":[64,64,64,64,64,64,64,64,64,64,64,64,64,64,64,64],"card_choices":[{"not_picked":["Rainbow","Creative AI"],"picked":"Echo Form","floor":0},{"not_picked":["Hello World","Coolheaded"],"picked":"Auto Shields","floor":1},{"not_picked":["Conserve Battery","Redo"],"picked":"BootSequence","floor":2},{"not_picked":["Force Field","Aggregate"],"picked":"Redo","floor":3},{"not_picked":["Beam Cell","Leap"],"picked":"Sweeping Beam","floor":4},{"not_picked":["Leap","Hello World"],"picked":"FTL","floor":7},{"not_picked":["Darkness","Stack"],"picked":"BootSequence","floor":11},{"not_picked":["Cold Snap","Beam Cell"],"picked":"Glacier","floor":12},{"not_picked":["Streamline","Sweeping Beam"],"picked":"Meteor Strike","floor":13}],"player_experience":4939725,"relics_obtained":[{"floor":7,"key":"Shuriken"},{"floor":13,"key":"Matryoshka"}],"event_choices":[{"damage_healed":0,"gold_gain":0,"player_choice":"Entered Light","damage_taken":19,"max_hp_gain":0,"max_hp_loss":0,"event_name":"Shining Light","floor":5,"gold_loss":0,"cards_upgraded":["Strike_B","Defend_B"]},{"damage_healed":0,"gold_gain":0,"player_choice":"Trade","damage_taken":0,"relics_obtained":["FaceOfCleric"],"max_hp_gain":0,"max_hp_loss":0,"event_name":"FaceTrader","floor":14,"gold_loss":0}],"is_beta":false,"boss_relics":[],"items_purged_floors":[8],"is_endless":false,"potions_floor_spawned":[1,7,11,13],"killed_by":"Slime Boss","ascension_level":20}