{"gold_per_floor":[109,34,50,66,78,78,93,93,93,93,108,119,119,294,294,389,389,401,53,53,46,145,145,162,162,215,245,245,257,18,34,34,136,136,148,162,13,30,44,44,60,75,75,75],"floor_reached":44,"playtime":2888,"items_purged":["Strike_R","Doubt"],"score":621,"play_id":"cba6233c-68f4-4db7-b3f4-1341f6f863fe","local_time":"20190119192621","is_ascension_mode":true,"campfire_choices":[{"data":"Madness","floor":6.0,"key":"SMITH"},{"data":"Clothesline","floor":8.0,"key":"SMITH"},{"data":"Bash","floor":10.0,"key":"SMITH"},{"data":"Flame Barrier","floor":13.0,"key":"SMITH"},{"data":"Spot Weakness","floor":15.0,"key":"SMITH"},{"data":"Shockwave","floor":23.0,"key":"SMITH"},{"data":"Sword Boomerang","floor":25.0,"key":"SMITH"},{"data":"Body Slam","floor":28.0,"key":"SMITH"},{"floor":32.0,"key":"REST"},{"data":"Barricade","floor":40.0,"key":"SMITH"}],"neow_cost":"PERCENT_DAMAGE","seed_source_timestamp":791766321664283,"circlet_count":0,"master_deck":["Strike_R","Strike_R","Defend_R","Defend_R","Defend_R","Bash+1","Panacea","Madness+1","Headbutt","Clothesline+1","Ghostly Armor","Shockwave+1","Spot Weakness+1","Flame Barrier+1","Reaper","Reaper+1","Heavy Blade+1","Metallicize+1","Warcry","Entrench+1","Sword Boomerang+1","Body Slam+1","Rage","Barricade+1","Flex+1","Second Wind","Pummel","True Grit+1","Armaments+1","Warcry+1"],"special_seed":0,"relics":["Burning Blood","Happy Flower","Astrolabe","Regal Pillow","Strawberry","Juzu Bracelet","Shuriken","Mark of Pain","Lantern","Pear"],"potions_floor_usage":[44],"damage_taken":[{"damage":4.0,"enemies":"Small Slimes","floor":1.0,"turns":4.0},{"damage":6.0,"enemies":"Jaw Worm","floor":3.0,"turns":4.0},{"damage":0.0,"enemies":"2 Louse","floor":4.0,"turns":3.0},{"damage":13.0,"enemies":"Lots of Slimes","floor":5.0,"turns":4.0},{"damage":3.0,"enemies":"Looter","floor":7.0,"turns":3.0},{"damage":7.0,"enemies":"Exordium Wildlife","floor":11.0,"turns":4.0},{"damage":11.0,"enemies":"Lots of Slimes","floor":12.0,"turns":4.0},{"damage":23.0,"enemies":"The Guardian","floor":16.0,"turns":10.0},{"damage":15.0,"enemies":"Shell Parasite","floor":18.0,"turns":6.0},{"damage":26.0,"enemies":"2 Thieves","floor":21.0,"turns":5.0},{"damage":13.0,"enemies":"Snake Plant","floor":24.0,"turns":5.0},{"damage":70.0,"enemies":"Book of Stabbing","floor":27.0,"turns":6.0},{"damage":1.0,"enemies":"Chosen and Byrds","floor":29.0,"turns":3.0},{"damage":53.0,"enemies":"3 Cultists","floor":31.0,"turns":6.0},{"damage":67.0,"enemies":"Champ","floor":33.0,"turns":11.0},{"damage":46.0,"enemies":"3 Shapes","floor":35.0,"turns":8.0},{"damage":7.0,"enemies":"3 Darklings","floor":36.0,"turns":6.0},{"damage":22.0,"enemies":"Jaw Worm Horde","floor":38.0,"turns":6.0},{"damage":67.0,"enemies":"Transient","floor":39.0,"turns":5.0},{"damage":0.0,"enemies":"Spire Growth","floor":41.0,"turns":6.0},{"damage":54.0,"enemies":"Sphere and 2 Shapes","floor":42.0,"turns":7.0},{"damage":94,"enemies":"Reptomancer","floor":44,"turns":4}],"seed_played":"-5370564452320516874","potions_obtained":[{"floor":1.0,"key":"EntropicBrew"},{"floor":3.0,"key":"Fire Potion"},{"floor":16.0,"key":"Poison Potion"},{"floor":27.0,"key":"Fire Potion"},{"floor":29.0,"key":"FearPotion"},{"floor":33.0,"key":"Block Potion"},{"floor":35.0,"key":"Strength Potion"},{"floor":36.0,"key":"Dexterity Potion"},{"floor":39.0,"key":"BloodPotion"},{"floor":42.0,"key":"Weak Potion"}],"is_trial":false,"path_per_floor":["M","$","M","M","M","R","M","R","T","R","M","M","R","?","R","B",null,"M","$","?","M","?","R","M","R","T","E","R","M","$","M","R","B",null,"M","M","$","M","M","R","M","M","T","E"],"character_chosen":"IRONCLAD","items_purchased":["Fruit Juice","Regal Pillow","Shuriken","Lantern"],"campfire_rested":1,"item_purchase_floors":[19,19,30,37],"current_hp_per_floor":[53,53,53,59,52,52,55,55,55,55,54,49,49,49,49,32,68,68,73,73,67,67,67,64,64,71,24,24,29,29,9,51,12,72,61,86,86,92,47,47,86,51,61,0],"gold":75,"neow_bonus":"RANDOM_COLORLESS_2","is_prod":false,"is_daily":false,"chose_seed":false,"campfire_upgraded":9,"win_rate":0,"timestamp":1547893581,"path_taken":["M","$","M","M","M","R","M","R","T","R","M","M","R","?","R","BOSS","M","$","?","M","?","R","M","R","T","E","R","M","?","M","R","BOSS","M","M","$","M","M","R","M","M","T","E"],"build_version":"2019-01-17v2","purchased_purges":2,"victory":false,"max_hp_per_floor":[80,80,80,80,80,80,80,80,80,80,80,80,80,80,80,80,80,80,85,85,85,85,85,85,85,92,92,92,92,92,92,92,92,92,92,92,92,92,92,92,92,92,102,102],"card_choices":[{"not_picked":["Pommel Strike","Anger"],"picked":"Headbutt","floor":1.0},{"not_picked":["Perfected Strike","Whirlwind"],"picked":"Clothesline","floor":3.0},{"not_picked":["Clothesline","Havoc"],"picked":"Ghostly Armor","floor":4.0},{"not_picked":["Sword Boomerang","Flex"],"picked":"Shockwave","floor":5.0},{"not_picked":["Clash","Thunderclap"],"picked":"Spot Weakness","floor":7.0},{"not_picked":["Thunderclap","Combust"],"picked":"Flame Barrier","floor":11.0},{"not_picked":["Flex","Sentinel"],"picked":"Reaper","floor":12.0},{"not_picked":["Clothesline","Clash"],"picked":"Warcry","floor":18.0},{"not_picked":["Fire Breathing","Evolve"],"picked":"Entrench+1","floor":21.0},{"not_picked":["Shockwave+1","Corruption"],"picked":"Sword Boomerang","floor":24.0},{"not_picked":["Berserk","Heavy Blade"],"picked":"Body Slam","floor":27.0},{"not_picked":["Pommel Strike","Cleave","Iron Wave"],"picked":"SKIP","floor":29.0},{"not_picked":["Flame Barrier","Anger+1"],"picked":"Rage","floor":31.0},{"not_picked":["Juggernaut","Feed"],"picked":"Barricade","floor":33.0},{"not_picked":["Corruption+1","Wild Strike"],"picked":"Flex+1","floor":35.0},{"not_picked":["Heavy Blade+1","Flex"],"picked":"Second Wind","floor":36.0},{"not_picked":["Bludgeon","Anger"],"picked":"Pummel","floor":38.0},{"not_picked":["Pommel Strike+1","Second Wind+1"],"picked":"True Grit+1","floor":39.0},{"not_picked":["Clothesline","Wild Strike+1"],"picked":"Armaments+1","floor":41.0},{"not_picked":["Wild Strike","Cleave+1"],"picked":"Warcry+1","floor":42.0}],"player_experience":411420,"relics_obtained":[{"floor":9.0,"key":"Happy Flower"},{"floor":26.0,"key":"Strawberry"},{"floor":27.0,"key":"Juzu Bracelet"},{"floor":43.0,"key":"Pear"}],"event_choices":[{"damage_healed":0.0,"max_hp_gain":0.0,"max_hp_loss":0.0,"gold_gain":175.0,"event_name":"Liars Game","player_choice":"AGREE","floor":14.0,"gold_loss":0.0,"damage_taken":0.0,"cards_obtained":["Doubt"]},{"damage_healed":0.0,"max_hp_gain":0.0,"max_hp_loss":0.0,"gold_gain":0.0,"event_name":"Vampires","player_choice":"Ignored","floor":20.0,"gold_loss":0.0,"damage_taken":0.0},{"damage_healed":0.0,"max_hp_gain":0.0,"max_hp_loss":0.0,"gold_gain":99.0,"event_name":"Nest","player_choice":"Stole From Cult","floor":22.0,"gold_loss":0.0,"damage_taken":0.0}],"is_beta":false,"boss_relics":[{"not_picked":["Lizard Tail","Empty Cage"],"picked":"Astrolabe"},{"not_picked":["Calling Bell","Fusion Hammer"],"picked":"Mark of Pain"}],"items_purged_floors":[2,19],"is_endless":false,"potions_floor_spawned":[1,3,16,27,29,33,35,36,39,42],"killed_by":"Reptomancer","ascension_level":8}