{"gold_per_floor":[109,124,142,142,142,142,161,161,241,241,258,291,309,334,334,433,433,444,474,399,399],"floor_reached":21,"playtime":1844,"items_purged":[],"score":326,"play_id":"4f0214f1-f559-404d-a3df-c21b9f499e5f","local_time":"20190206181420","is_ascension_mode":true,"campfire_choices":[{"data":"Barricade","floor":6.0,"key":"SMITH"},{"data":"Shrug It Off","floor":8.0,"key":"SMITH"},{"floor":10.0,"key":"REST"},{"data":"Entrench","floor":15.0,"key":"SMITH"}],"neow_cost":"NONE","seed_source_timestamp":2343841462439432,"circlet_count":0,"master_deck":["AscendersBane","Strike_R+1","Defend_R","Defend_R","Defend_R","Bash","Barricade+1","Shockwave","Clothesline+1","Shrug It Off+1","Power Through","Body Slam","Bludgeon","Entrench+1","Warcry","Feed"],"special_seed":0,"relics":["Burning Blood","Sundial","Vajra","Odd Mushroom","Empty Cage","Red Mask"],"potions_floor_usage":[],"damage_taken":[{"damage":13.0,"enemies":"2 Louse","floor":1.0,"turns":4.0},{"damage":4.0,"enemies":"Jaw Worm","floor":2.0,"turns":5.0},{"damage":7.0,"enemies":"Small Slimes","floor":3.0,"turns":4.0},{"damage":15.0,"enemies":"Exordium Wildlife","floor":7.0,"turns":7.0},{"damage":8.0,"enemies":"Looter","floor":11.0,"turns":4.0},{"damage":13.0,"enemies":"Gremlin Nob","floor":12.0,"turns":5.0},{"damage":6.0,"enemies":"2 Fungi Beasts","floor":13.0,"turns":4.0},{"damage":7.0,"enemies":"The Mushroom Lair","floor":14.0,"turns":4.0},{"damage":15.0,"enemies":"The Guardian","floor":16.0,"turns":13.0},{"damage":14.0,"enemies":"Shell Parasite","floor":18.0,"turns":15.0},{"damage":55,"enemies":"Masked Bandits","floor":19,"turns":7},{"damage":22,"enemies":"Spheric Guardian","floor":21,"turns":3}],"seed_played":"-8412069419715258893","potions_obtained":[{"floor":1.0,"key":"Strength Potion"},{"floor":2.0,"key":"EssenceOfSteel"},{"floor":13.0,"key":"SkillPotion"},{"floor":19,"key":"EssenceOfSteel"}],"is_trial":false,"path_per_floor":["M","M","M","?","?","R","M","R","T","R","M","E","M","?","R","B",null,"M","?","?","M"],"character_chosen":"IRONCLAD","items_purchased":[],"campfire_rested":1,"item_purchase_floors":[],"current_hp_per_floor":[65,67,66,59,43,43,34,34,34,58,56,49,49,48,48,39,70,65,16,16,0],"gold":399,"neow_bonus":"TRANSFORM_CARD","is_prod":false,"is_daily":false,"chose_seed":false,"campfire_upgraded":3,"win_rate":0,"timestamp":1549444460,"path_taken":["M","M","M","?","?","R","M","R","T","R","?","E","M","?","R","BOSS","M","?","?","M"],"build_version":"2019-01-23","purchased_purges":0,"victory":false,"max_hp_per_floor":[80,80,80,80,80,80,80,80,80,80,80,80,80,80,80,80,80,83,83,83,83],"card_choices":[{"not_picked":["Twin Strike","Thunderclap"],"picked":"Shockwave","floor":1.0},{"not_picked":["Wild Strike","Armaments"],"picked":"Clothesline","floor":2.0},{"not_picked":["Clothesline","Heavy Blade"],"picked":"Shrug It Off","floor":3.0},{"not_picked":["Perfected Strike","Carnage"],"picked":"Power Through","floor":7.0},{"not_picked":["Pommel Strike","Clothesline"],"picked":"Body Slam","floor":11.0},{"not_picked":["Blood for Blood","Rupture"],"picked":"Bludgeon","floor":12.0},{"not_picked":["Spot Weakness","Iron Wave"],"picked":"Entrench","floor":13.0},{"not_picked":["Clothesline","Headbutt"],"picked":"Warcry","floor":14.0},{"not_picked":["Demon Form","Juggernaut"],"picked":"Feed","floor":16.0},{"not_picked":["Warcry","Heavy Blade","Perfected Strike"],"picked":"SKIP","floor":18.0}],"player_experience":545319,"relics_obtained":[{"floor":9.0,"key":"Sundial"},{"floor":12.0,"key":"Vajra"},{"floor":14.0,"key":"Odd Mushroom"},{"floor":19,"key":"Red Mask"}],"event_choices":[{"cards_removed":["Strike_R"],"damage_healed":0.0,"max_hp_gain":0.0,"max_hp_loss":0.0,"gold_gain":0.0,"event_name":"Golden Wing","player_choice":"Card Removal","floor":4.0,"gold_loss":0.0,"damage_taken":7.0},{"damage_healed":0.0,"max_hp_gain":0.0,"max_hp_loss":0.0,"gold_gain":0.0,"event_name":"Shining Light","player_choice":"Entered Light","floor":5.0,"gold_loss":0.0,"damage_taken":16.0,"cards_upgraded":["Strike_R","Clothesline"]},{"damage_healed":0.0,"max_hp_gain":0.0,"max_hp_loss":0.0,"gold_gain":0.0,"event_name":"Mushrooms","player_choice":"Fought Mushrooms","floor":14.0,"gold_loss":0.0,"damage_taken":0.0},{"damage_healed":0,"gold_gain":0,"player_choice":"Fought Bandits","damage_taken":0,"max_hp_gain":0,"max_hp_loss":0,"event_name":"Masked Bandits","floor":19,"gold_loss":0},{"cards_removed":["Defend_R"],"damage_healed":0,"gold_gain":0,"player_choice":"Gave Gold","damage_taken":0,"max_hp_gain":0,"max_hp_loss":0,"event_name":"Beggar","floor":20,"gold_loss":75}],"is_beta":false,"boss_relics":[{"not_picked":["Eternal Feather","Lizard Tail"],"picked":"Empty Cage"}],"items_purged_floors":[],"is_endless":false,"potions_floor_spawned":[1,2,13,19],"killed_by":"Spheric Guardian","ascension_level":12}