{"gold_per_floor":[109,128,205,223,298,298,331,331,331,331,360,376,376,389,389,389],"floor_reached":16,"playtime":566,"items_purged":[],"score":198,"play_id":"4d472cb7-863f-40c1-ba24-a7bdae4e63a3","local_time":"20190519183352","is_ascension_mode":true,"campfire_choices":[{"data":"Carnage","floor":6,"key":"SMITH"},{"data":"Warcry","floor":8,"key":"SMITH"},{"floor":10,"key":"REST"},{"data":"Warcry","floor":13,"key":"SMITH"},{"data":"Clothesline","floor":15,"key":"SMITH"}],"neow_cost":"NONE","seed_source_timestamp":113956317033202,"circlet_count":0,"master_deck":["AscendersBane","Strike_R","Strike_R","Strike_R","Strike_R","Strike_R","Defend_R","Defend_R","Defend_R","Defend_R","Bash","Carnage+1","Shrug It Off","Warcry+1","Warcry+1","Clothesline+1","Rupture+1"],"relics":["Burning Blood","NeowsBlessing","Pantograph","Frozen Egg 2","Incense Burner"],"potions_floor_usage":[7],"damage_taken":[{"damage":0,"enemies":"Cultist","floor":1,"turns":1},{"damage":0,"enemies":"2 Louse","floor":2,"turns":1},{"damage":0,"enemies":"Jaw Worm","floor":4,"turns":1},{"damage":18,"enemies":"Gremlin Nob","floor":7,"turns":4},{"damage":30,"enemies":"Lagavulin","floor":11,"turns":5},{"damage":0,"enemies":"Exordium Wildlife","floor":12,"turns":3},{"damage":5,"enemies":"Looter","floor":14,"turns":5},{"damage":79,"enemies":"Hexaghost","floor":16,"turns":11}],"seed_played":"7182509357952933169","potions_obtained":[{"floor":4,"key":"SpeedPotion"},{"floor":14,"key":"AttackPotion"}],"is_trial":false,"path_per_floor":["M","M","?","M","?","R","E","R","T","R","E","M","R","M","R","B"],"character_chosen":"IRONCLAD","items_purchased":[],"campfire_rested":1,"item_purchase_floors":[],"current_hp_per_floor":[74,75,75,75,64,64,52,52,52,74,50,56,56,57,57,0],"gold":389,"neow_bonus":"THREE_ENEMY_KILL","is_prod":false,"is_daily":false,"chose_seed":false,"campfire_upgraded":4,"win_rate":0,"timestamp":1558280032,"path_taken":["M","?","?","M","?","R","E","R","T","R","E","M","R","M","R","BOSS"],"build_version":"2019-01-23","purchased_purges":0,"victory":false,"max_hp_per_floor":[75,75,75,75,75,75,75,75,75,75,75,75,75,75,75,75],"card_choices":[{"not_picked":["Armaments","Anger"],"picked":"Carnage","floor":1},{"not_picked":["Perfected Strike","Twin Strike"],"picked":"Shrug It Off","floor":2},{"not_picked":["Thunderclap","Havoc"],"picked":"Warcry","floor":4},{"not_picked":["Impervious","Shrug It Off"],"picked":"Warcry","floor":7},{"not_picked":["Dual Wield","Thunderclap"],"picked":"Clothesline","floor":11},{"not_picked":["Body Slam","Whirlwind","Fire Breathing+1"],"picked":"SKIP","floor":12},{"not_picked":["Headbutt","Sword Boomerang"],"picked":"Rupture+1","floor":14}],"player_experience":1376567,"relics_obtained":[{"floor":7,"key":"Pantograph"},{"floor":9,"key":"Frozen Egg 2"},{"floor":11,"key":"Incense Burner"}],"event_choices":[{"damage_healed":0,"gold_gain":77,"player_choice":"Gained Gold","damage_taken":0,"max_hp_gain":0,"max_hp_loss":0,"event_name":"Golden Wing","floor":3,"gold_loss":0},{"damage_healed":0,"gold_gain":75,"player_choice":"Gather Gold","damage_taken":11,"max_hp_gain":0,"max_hp_loss":0,"event_name":"World of Goop","floor":5,"gold_loss":0}],"is_beta":false,"boss_relics":[],"items_purged_floors":[],"is_endless":false,"potions_floor_spawned":[4,14],"killed_by":"Hexaghost","ascension_level":16}