{"gold_per_floor":[115,125,125,125,140,140,150,181,181,181,121,151,151,165,165,165],"floor_reached":16,"playtime":920,"items_purged":[],"score":220,"play_id":"3a0d5469-1d65-44ef-b6f0-95fc9e8aef09","local_time":"20190411220722","is_ascension_mode":true,"campfire_choices":[{"data":"Infinite Blades","floor":6,"key":"SMITH"},{"floor":10,"key":"REST"},{"data":"Neutralize","floor":13,"key":"SMITH"},{"data":"Deflect","floor":15,"key":"SMITH"}],"neow_cost":"TEN_PERCENT_HP_LOSS","seed_source_timestamp":3705451562042861,"circlet_count":0,"master_deck":["AscendersBane","Defend_G","Defend_G","Defend_G","Defend_G","Defend_G","Strike_G","Strike_G","Strike_G","Strike_G","Strike_G","Survivor","Neutralize+1","After Image","Infinite Blades+1","Pain","Backflip","Predator","Blur","Leg Sweep","Deflect+1"],"relics":["Ring of the Snake","WarpedTongs","Paper Crane","Pear","Letter Opener"],"potions_floor_usage":[8,8],"damage_taken":[{"damage":8,"enemies":"Cultist","floor":1,"turns":6},{"damage":0,"enemies":"2 Louse","floor":2,"turns":3},{"damage":6,"enemies":"Small Slimes","floor":5,"turns":4},{"damage":19,"enemies":"Red Slaver","floor":7,"turns":4},{"damage":12,"enemies":"Lagavulin","floor":8,"turns":7},{"damage":4,"enemies":"Looter","floor":11,"turns":5},{"damage":13,"enemies":"3 Sentries","floor":12,"turns":12},{"damage":6,"enemies":"Large Slime","floor":14,"turns":8},{"damage":9,"enemies":"The Guardian","floor":16,"turns":15}],"seed_played":"4079996737063468070","potions_obtained":[{"floor":1,"key":"AttackPotion"},{"floor":5,"key":"SkillPotion"},{"floor":12,"key":"Ancient Potion"},{"floor":14,"key":"SkillPotion"}],"is_trial":false,"path_per_floor":["M","M","?","?","M","R","M","E","T","R","M","E","R","M","R","B"],"character_chosen":"THE_SILENT","items_purchased":[],"campfire_rested":1,"item_purchase_floors":[],"current_hp_per_floor":[51,51,51,51,45,45,26,14,24,45,41,28,28,22,22,13],"gold":165,"neow_bonus":"THREE_RARE_CARDS","is_prod":false,"is_daily":false,"chose_seed":false,"campfire_upgraded":3,"win_rate":0,"timestamp":1554988042,"path_taken":["M","?","?","?","M","R","M","E","T","R","M","E","R","?","R","BOSS"],"build_version":"2019-04-04","purchased_purges":0,"victory":false,"max_hp_per_floor":[60,60,60,60,60,60,60,60,70,70,70,70,70,70,70,70],"card_choices":[{"not_picked":["Bullet Time","Die Die Die"],"picked":"After Image","floor":0},{"not_picked":["Crippling Poison","Dodge and Roll","Accuracy"],"picked":"SKIP","floor":1},{"not_picked":["Blade Dance","Sucker Punch"],"picked":"Infinite Blades","floor":2},{"not_picked":["Predator","Sucker Punch"],"picked":"Backflip","floor":5},{"not_picked":["Outmaneuver","Deadly Poison"],"picked":"Predator","floor":7},{"not_picked":["Dodge and Roll","Acrobatics"],"picked":"Blur","floor":8},{"not_picked":["Poisoned Stab","Backflip"],"picked":"Leg Sweep","floor":11},{"not_picked":["Dagger Throw","Phantasmal Killer","Acrobatics"],"picked":"SKIP","floor":12},{"not_picked":["Prepared","Crippling Poison"],"picked":"Deflect","floor":14}],"player_experience":2897707,"relics_obtained":[{"floor":8,"key":"Paper Crane"},{"floor":9,"key":"Pear"},{"floor":12,"key":"Letter Opener"}],"event_choices":[{"damage_healed":0,"gold_gain":0,"player_choice":"Ignored","damage_taken":0,"max_hp_gain":0,"max_hp_loss":0,"event_name":"Liars Game","floor":3,"gold_loss":0},{"damage_healed":0,"gold_gain":0,"player_choice":"Rummage","damage_taken":0,"relics_obtained":["WarpedTongs"],"max_hp_gain":0,"max_hp_loss":0,"event_name":"Accursed Blacksmith","floor":4,"gold_loss":0,"cards_obtained":["Pain"]}],"is_beta":true,"boss_relics":[],"items_purged_floors":[],"is_endless":false,"potions_floor_spawned":[1,5,12,14],"killed_by":"The Guardian","ascension_level":20}