{"gold_per_floor":[109,109,122,122,134,146,172,184,221,308,320,332,363,395,407,492,504,533,545,557,569,601,111,111,135,135,150,150,150,150,166,166,166],"floor_reached":33,"playtime":1036,"items_purged":["Strike_R"],"score":431,"play_id":"9f182695-2650-43f8-a8bf-4f272aa85233","local_time":"20190520081306","is_ascension_mode":true,"campfire_choices":[{"data":"Bash","floor":6,"key":"SMITH"},{"data":"Carnage","floor":8,"key":"SMITH"},{"data":"Twin Strike","floor":12,"key":"SMITH"},{"data":"Shockwave","floor":15,"key":"SMITH"},{"data":"Double Tap","floor":24,"key":"SMITH"},{"data":"RitualDagger","floor":28,"key":"SMITH"},{"data":"True Grit","floor":30,"key":"SMITH"},{"floor":32,"key":"REST"}],"neow_cost":"NONE","seed_source_timestamp":86579505115365,"circlet_count":0,"master_deck":["AscendersBane","Defend_R","Defend_R","Defend_R","Defend_R","Bash+1","Carnage+1","Twin Strike+1","Twin Strike","Shockwave+1","Demon Form","Impervious+1","Sever Soul+1","Havoc+1","Anger+1","RitualDagger+1","True Grit+1","Double Tap+1","Uppercut+1","Dropkick+1"],"relics":["Burning Blood","NeowsBlessing","Omamori","MawBank","Blood Vial","Astrolabe","Centennial Puzzle","Bag of Preparation","Regal Pillow","Juzu Bracelet","Question Card"],"potions_floor_usage":[22,33,33],"damage_taken":[{"damage":0,"enemies":"2 Louse","floor":1,"turns":1},{"damage":0,"enemies":"Cultist","floor":3,"turns":1},{"damage":0,"enemies":"Small Slimes","floor":7,"turns":1},{"damage":11,"enemies":"Blue Slaver","floor":13,"turns":3},{"damage":11,"enemies":"Looter","floor":14,"turns":2},{"damage":28,"enemies":"Slime Boss","floor":16,"turns":7},{"damage":1,"enemies":"3 Byrds","floor":18,"turns":7},{"damage":22,"enemies":"2 Thieves","floor":22,"turns":3},{"damage":22,"enemies":"Cultist and Chosen","floor":27,"turns":5},{"damage":32,"enemies":"Snake Plant","floor":31,"turns":3},{"damage":57,"enemies":"Collector","floor":33,"turns":9}],"seed_played":"-646905231595189488","potions_obtained":[{"floor":1,"key":"Dexterity Potion"},{"floor":7,"key":"SteroidPotion"},{"floor":27,"key":"Dexterity Potion"}],"is_trial":false,"path_per_floor":["M","?","M","?","?","R","M","R","T","?","$","R","M","M","R","B",null,"M","?","?","?","M","$","R","T","T","M","R","$","R","M","R","B"],"character_chosen":"IRONCLAD","items_purchased":["Bag of Preparation","Regal Pillow","Double Tap"],"campfire_rested":1,"item_purchase_floors":[23,23,23],"current_hp_per_floor":[74,74,75,75,68,68,74,74,74,63,63,63,60,57,57,37,66,73,73,67,67,53,53,53,53,53,39,39,39,39,15,52,0],"gold":166,"neow_bonus":"THREE_ENEMY_KILL","is_prod":false,"is_daily":false,"chose_seed":false,"campfire_upgraded":7,"win_rate":0,"timestamp":1558307586,"path_taken":["M","?","?","?","?","R","M","R","T","?","?","R","M","M","R","BOSS","M","?","?","?","M","$","R","?","T","M","R","?","R","M","R","BOSS"],"build_version":"2019-05-07","purchased_purges":1,"victory":false,"max_hp_per_floor":[75,75,75,75,75,75,75,75,75,75,75,75,75,75,75,75,75,75,75,75,75,75,75,75,75,75,75,75,75,75,75,75,75],"card_choices":[{"not_picked":["Rage","Havoc"],"picked":"Carnage","floor":1},{"not_picked":["Warcry","Havoc"],"picked":"Twin Strike","floor":3},{"not_picked":["Perfected Strike","Sword Boomerang"],"picked":"Twin Strike","floor":7},{"not_picked":["Headbutt","Warcry","Twin Strike"],"picked":"SKIP","floor":13},{"not_picked":["Wild Strike","Power Through"],"picked":"Shockwave","floor":14},{"not_picked":["Immolate","Reaper"],"picked":"Demon Form","floor":16},{"not_picked":["Rampage","Carnage"],"picked":"Anger+1","floor":18},{"not_picked":["Flex","Twin Strike+1"],"picked":"True Grit","floor":22},{"not_picked":["Carnage","Shrug It Off","Sword Boomerang"],"picked":"Uppercut+1","floor":27},{"not_picked":["Thunderclap","Wild Strike","Twin Strike"],"picked":"Dropkick+1","floor":31}],"player_experience":3291383,"relics_obtained":[{"floor":2,"key":"Omamori"},{"floor":9,"key":"Blood Vial"},{"floor":25,"key":"Juzu Bracelet"},{"floor":26,"key":"Question Card"}],"event_choices":[{"damage_healed":0,"gold_gain":0,"player_choice":"Relic","damage_taken":0,"max_hp_gain":0,"max_hp_loss":0,"event_name":"Wheel of Change","floor":2,"gold_loss":0},{"damage_healed":0,"gold_gain":0,"player_choice":"Box","damage_taken":0,"relics_obtained":["MawBank"],"max_hp_gain":0,"max_hp_loss":0,"event_name":"Big Fish","floor":4,"gold_loss":0,"cards_obtained":["Regret"]},{"cards_removed":["Strike_R"],"damage_healed":0,"gold_gain":0,"player_choice":"Card Removal","damage_taken":7,"max_hp_gain":0,"max_hp_loss":0,"event_name":"Golden Wing","floor":5,"gold_loss":0},{"damage_healed":0,"gold_gain":75,"player_choice":"Gather Gold","damage_taken":11,"max_hp_gain":0,"max_hp_loss":0,"event_name":"World of Goop","floor":10,"gold_loss":0},{"damage_healed":0,"gold_gain":0,"player_choice":"Opened","damage_taken":0,"relics_obtained":["Centennial Puzzle"],"max_hp_gain":0,"max_hp_loss":0,"event_name":"The Mausoleum","floor":19,"gold_loss":0,"cards_obtained":["Writhe"]},{"damage_healed":0,"gold_gain":0,"player_choice":"Joined the Cult","damage_taken":6,"max_hp_gain":0,"max_hp_loss":0,"event_name":"Nest","floor":20,"gold_loss":0,"cards_obtained":["RitualDagger"]},{"damage_healed":0,"gold_gain":0,"player_choice":"Ignored","damage_taken":0,"max_hp_gain":0,"max_hp_loss":0,"event_name":"Ghosts","floor":21,"gold_loss":0}],"is_beta":true,"boss_relics":[{"not_picked":["Philosopher\u0027s Stone","Mark of Pain"],"picked":"Astrolabe"}],"items_purged_floors":[23],"is_endless":false,"potions_floor_spawned":[1,7,16,27,31],"killed_by":"Collector","ascension_level":17}