{"gold_per_floor":[114,134,145,158,83,114,114,131,131,31,51,69,69,84,84,157,157,170,184,184,184,234,234,234],"floor_reached":24,"playtime":1579,"items_purged":["Strike_R","Strike_R"],"score":463,"play_id":"492a772b-026b-4139-acce-b69fd8f6108e","local_time":"20190423220752","is_ascension_mode":true,"campfire_choices":[{"data":"Armaments","floor":7.0,"key":"SMITH"},{"data":"True Grit","floor":13.0,"key":"SMITH"},{"data":"Evolve","floor":15.0,"key":"SMITH"},{"data":"Battle Trance","floor":23.0,"key":"SMITH"}],"neow_cost":"PERCENT_DAMAGE","seed_source_timestamp":971214933222058,"circlet_count":0,"master_deck":["AscendersBane","Strike_R","Strike_R","Strike_R","Defend_R","Defend_R","Defend_R","Defend_R","Bash","Bludgeon","Armaments+1","Pommel Strike","Flame Barrier","Entrench","Evolve+1","True Grit+1","Ghostly Armor","Ghostly Armor","Body Slam","Juggernaut","Battle Trance+1"],"special_seed":0,"relics":["Burning Blood","Calipers","Blue Candle","White Beast Statue"],"potions_floor_usage":[24],"damage_taken":[{"damage":0.0,"enemies":"Cultist","floor":1.0,"turns":2.0},{"damage":6.0,"enemies":"Small Slimes","floor":2.0,"turns":4.0},{"damage":0.0,"enemies":"Jaw Worm","floor":3.0,"turns":5.0},{"damage":16.0,"enemies":"Large Slime","floor":4.0,"turns":5.0},{"damage":38.0,"enemies":"Gremlin Nob","floor":6.0,"turns":5.0},{"damage":0.0,"enemies":"2 Fungi Beasts","floor":8.0,"turns":4.0},{"damage":21.0,"enemies":"Gremlin Gang","floor":11.0,"turns":4.0},{"damage":3.0,"enemies":"Large Slime","floor":12.0,"turns":7.0},{"damage":16.0,"enemies":"3 Louse","floor":14.0,"turns":3.0},{"damage":0.0,"enemies":"Slime Boss","floor":16.0,"turns":11.0},{"damage":17.0,"enemies":"3 Byrds","floor":18.0,"turns":7.0},{"damage":0.0,"enemies":"Chosen","floor":19.0,"turns":5.0},{"damage":62,"enemies":"Centurion and Healer","floor":24,"turns":8}],"seed_played":"2244799190916091168","potions_obtained":[{"floor":3.0,"key":"Regen Potion"},{"floor":4.0,"key":"Regen Potion"},{"floor":8.0,"key":"Explosive Potion"},{"floor":12.0,"key":"Poison Potion"},{"floor":14.0,"key":"Block Potion"},{"floor":18.0,"key":"Swift Potion"},{"floor":19.0,"key":"Dexterity Potion"}],"is_trial":false,"path_per_floor":["M","M","M","M","$","E","R","M","T","$","M","M","R","M","R","B",null,"M","M","?","$","?","R","M"],"character_chosen":"IRONCLAD","items_purchased":[],"campfire_rested":0,"item_purchase_floors":[],"current_hp_per_floor":[56,56,62,52,52,34,34,40,40,40,37,40,40,30,30,36,65,54,60,60,60,53,53,0],"gold":234,"neow_bonus":"THREE_RARE_CARDS","is_prod":false,"is_daily":false,"chose_seed":false,"campfire_upgraded":4,"win_rate":0,"timestamp":1556024872,"path_taken":["M","M","?","M","$","E","R","M","T","$","M","M","R","M","R","BOSS","M","M","?","$","?","R","M"],"build_version":"2019-04-21","purchased_purges":2,"victory":false,"max_hp_per_floor":[75,75,75,75,75,75,75,75,75,75,75,75,75,75,75,75,75,75,75,75,75,75,75,75],"card_choices":[{"not_picked":["Dark Embrace","Impervious"],"picked":"Bludgeon","floor":0.0},{"not_picked":["Sword Boomerang","Perfected Strike"],"picked":"Armaments","floor":1.0},{"not_picked":["Armaments","Combust"],"picked":"Pommel Strike","floor":2.0},{"not_picked":["Warcry","Anger"],"picked":"Flame Barrier","floor":3.0},{"not_picked":["Perfected Strike","Shrug It Off"],"picked":"Entrench","floor":4.0},{"not_picked":["Cleave","Wild Strike"],"picked":"Evolve","floor":6.0},{"not_picked":["Thunderclap","Dual Wield"],"picked":"True Grit","floor":8.0},{"not_picked":["Inflame","Headbutt"],"picked":"Ghostly Armor","floor":11.0},{"not_picked":["Berserk","Havoc"],"picked":"Ghostly Armor","floor":12.0},{"not_picked":["Burning Pact","Corruption"],"picked":"Body Slam","floor":14.0},{"not_picked":["Bludgeon","Exhume"],"picked":"Juggernaut","floor":16.0},{"not_picked":["Iron Wave","Twin Strike","Thunderclap"],"picked":"SKIP","floor":18.0},{"not_picked":["Rampage+1","Perfected Strike","Warcry"],"picked":"SKIP","floor":19.0}],"player_experience":3030607,"relics_obtained":[{"floor":6.0,"key":"Calipers"},{"floor":9.0,"key":"Blue Candle"}],"event_choices":[{"damage_healed":0.0,"max_hp_gain":0.0,"max_hp_loss":0.0,"gold_gain":0.0,"event_name":"The Library","player_choice":"Read","floor":20.0,"gold_loss":0.0,"damage_taken":0.0,"cards_obtained":["Battle Trance"]},{"damage_healed":0.0,"max_hp_gain":0.0,"max_hp_loss":0.0,"gold_gain":50.0,"event_name":"FaceTrader","player_choice":"Touch","floor":22.0,"gold_loss":0.0,"damage_taken":7.0}],"is_beta":true,"boss_relics":[{"not_picked":["Calling Bell","Astrolabe"],"picked":"White Beast Statue"}],"items_purged_floors":[5,10],"is_endless":false,"potions_floor_spawned":[3,4,8,12,14,18,19],"killed_by":"Centurion and Healer","ascension_level":17}