{"gold_per_floor":[115,65,83,83,83,83,116,134,134,134,134,134,144,163,163,263,263,278,292,307,7,22,22,40,40,40,114,130,130,164,175,175,175],"floor_reached":33,"playtime":1286,"items_purged":[],"score":323,"play_id":"f0e52b7a-4158-4601-9815-8be1ba983b3e","local_time":"20181230225253","is_ascension_mode":true,"campfire_choices":[{"data":"Perfected Strike","floor":6,"key":"SMITH"},{"data":"Perfected Strike","floor":10,"key":"SMITH"},{"data":"Bash","floor":12,"key":"SMITH"},{"data":"Clothesline","floor":15,"key":"SMITH"},{"data":"Pommel Strike","floor":23,"key":"SMITH"},{"data":"Twin Strike","floor":25,"key":"SMITH"},{"data":"Perfected Strike","floor":29,"key":"SMITH"},{"floor":32,"key":"REST"}],"neow_cost":"NONE","seed_source_timestamp":695896768627977,"circlet_count":0,"master_deck":["Strike_R","Strike_R+1","Strike_R","Strike_R","Defend_R","Defend_R","Defend_R","Bash+1","Perfected Strike+1","Perfected Strike+1","Seeing Red+1","Shockwave+1","Clothesline+1","Reaper+1","Rage+1","Armaments+1","Seeing Red+1","Ghostly Armor+1","Pommel Strike+1","Dual Wield+1","Battle Trance+1","Spot Weakness+1","Twin Strike+1","Bandage Up+1","Perfected Strike+1","Twin Strike+1"],"relics":["Burning Blood","Letter Opener","Toxic Egg 2","Orrery","Whetstone","Sundial","Ornamental Fan","Lantern"],"potions_floor_usage":[7,16,20,24,33],"damage_taken":[{"damage":1,"enemies":"2 Louse","floor":1,"turns":3},{"damage":7,"enemies":"Jaw Worm","floor":3,"turns":2},{"damage":40,"enemies":"Lagavulin","floor":7,"turns":4},{"damage":0,"enemies":"Cultist","floor":8,"turns":2},{"damage":12,"enemies":"Exordium Thugs","floor":13,"turns":3},{"damage":0,"enemies":"2 Fungi Beasts","floor":14,"turns":2},{"damage":43,"enemies":"Hexaghost","floor":16,"turns":8},{"damage":0,"enemies":"Shell Parasite","floor":18,"turns":4},{"damage":2,"enemies":"Chosen","floor":19,"turns":5},{"damage":4,"enemies":"Centurion and Healer","floor":20,"turns":3},{"damage":21,"enemies":"Snecko","floor":22,"turns":4},{"damage":26,"enemies":"Snake Plant","floor":24,"turns":3},{"damage":12,"enemies":"Cultist and Chosen","floor":28,"turns":3},{"damage":20,"enemies":"Slavers","floor":30,"turns":4},{"damage":21,"enemies":"Snecko","floor":31,"turns":4},{"damage":104,"enemies":"Automaton","floor":33,"turns":6}],"seed_played":"9175798405236705625","potions_obtained":[{"floor":3,"key":"Poison Potion"},{"floor":13,"key":"LiquidBronze"},{"floor":16,"key":"AttackPotion"},{"floor":18,"key":"Regen Potion"},{"floor":31,"key":"SteroidPotion"}],"is_trial":false,"path_per_floor":["M","?","M","$","?","R","E","M","T","R","?","R","M","M","R","B",null,"M","M","M","$","M","R","M","R","T","T","M","R","E","M","R","B"],"character_chosen":"IRONCLAD","items_purchased":["Whetstone","Twin Strike","Bandage Up+1"],"campfire_rested":1,"item_purchase_floors":[21,21,21],"current_hp_per_floor":[80,80,79,79,79,79,45,51,51,51,51,51,45,51,51,14,80,80,80,80,80,65,65,60,60,60,60,78,78,72,63,80,0],"gold":175,"neow_bonus":"TRANSFORM_CARD","is_prod":false,"is_daily":false,"chose_seed":false,"campfire_upgraded":7,"win_rate":0,"timestamp":1546177973,"path_taken":["M","?","M","$","?","R","E","M","T","R","?","R","M","M","R","BOSS","M","M","?","$","M","R","M","R","T","?","M","R","E","M","R","BOSS"],"build_version":"2018-12-20","purchased_purges":0,"victory":false,"max_hp_per_floor":[80,80,80,80,80,80,80,80,80,80,80,80,80,80,80,80,80,80,80,80,80,80,80,80,80,80,80,80,80,80,80,80,80],"card_choices":[{"not_picked":["Pommel Strike","Havoc"],"picked":"Perfected Strike","floor":1},{"not_picked":["Havoc","Anger","Heavy Blade"],"picked":"SKIP","floor":3},{"not_picked":["Feel No Pain","Sever Soul","Disarm"],"picked":"SKIP","floor":7},{"not_picked":["Sword Boomerang","Havoc","Shrug It Off"],"picked":"SKIP","floor":8},{"not_picked":["Shrug It Off+1","Anger"],"picked":"Shockwave+1","floor":13},{"not_picked":["Anger","Searing Blow"],"picked":"Clothesline","floor":14},{"not_picked":["Fiend Fire","Demon Form"],"picked":"Reaper","floor":16},{"not_picked":["Cleave","Burning Pact+1"],"picked":"Rage+1","floor":17},{"not_picked":["Juggernaut","Flex+1"],"picked":"Armaments+1","floor":17},{"not_picked":["Headbutt","Anger"],"picked":"Seeing Red+1","floor":17},{"not_picked":["Evolve","Body Slam"],"picked":"Ghostly Armor+1","floor":17},{"not_picked":["Shrug It Off+1","Flame Barrier+1"],"picked":"Pommel Strike","floor":17},{"not_picked":["True Grit+1","Blood for Blood"],"picked":"Dual Wield+1","floor":18},{"not_picked":["Flame Barrier+1","Flex+1"],"picked":"Battle Trance+1","floor":19},{"not_picked":["Shrug It Off+1","Feel No Pain"],"picked":"Spot Weakness+1","floor":20},{"not_picked":["Iron Wave","Thunderclap","Anger"],"picked":"SKIP","floor":22},{"not_picked":["Heavy Blade","Clothesline","Combust"],"picked":"SKIP","floor":24},{"not_picked":["Clash+1","True Grit+1"],"picked":"Perfected Strike","floor":28},{"not_picked":["Offering+1","Headbutt+1"],"picked":"Twin Strike+1","floor":30},{"not_picked":["Thunderclap","Clash+1","Twin Strike"],"picked":"SKIP","floor":31}],"player_experience":284047,"relics_obtained":[{"floor":7,"key":"Letter Opener"},{"floor":9,"key":"Toxic Egg 2"},{"floor":26,"key":"Sundial"},{"floor":27,"key":"Ornamental Fan"},{"floor":30,"key":"Lantern"}],"event_choices":[{"cards_removed":["Defend_R"],"damage_healed":0,"gold_gain":0,"player_choice":"Card Removal","damage_taken":0,"max_hp_gain":0,"max_hp_loss":0,"event_name":"The Cleric","floor":2,"gold_loss":50},{"damage_healed":0,"gold_gain":0,"player_choice":"Ignored","damage_taken":0,"max_hp_gain":0,"max_hp_loss":0,"event_name":"Golden Wing","floor":5,"gold_loss":0},{"damage_healed":0,"gold_gain":0,"player_choice":"1 cards matched","damage_taken":0,"max_hp_gain":0,"max_hp_loss":0,"event_name":"Match and Keep!","floor":11,"gold_loss":0,"cards_obtained":["Seeing Red"]}],"is_beta":false,"boss_relics":[{"not_picked":["Snecko Eye","Empty Cage"],"picked":"Orrery"}],"items_purged_floors":[],"is_endless":false,"potions_floor_spawned":[3,13,16,18,31],"killed_by":"Automaton","ascension_level":4}