{"gold_per_floor":[110,110,123,149,162,162,197,197,197,209,221,231,17,49,49,124,124,134,144,69,69,81,114,114,114,137,149,169,169,25,43,43,117,117,134,47,47,47,47,47,82,98,98,118,118,118,131,146,146,146],"floor_reached":50,"playtime":3118,"items_purged":["Strike_G","Strike_G"],"score":1129,"play_id":"a907b865-0a4c-4ec9-93cf-a468c330fe88","local_time":"20190224185330","is_ascension_mode":true,"campfire_choices":[{"data":"Dash","floor":6.0,"key":"SMITH"},{"floor":8.0,"key":"REST"},{"data":"Dagger Spray","floor":15.0,"key":"SMITH"},{"floor":24.0,"key":"REST"},{"floor":29.0,"key":"REST"},{"floor":32.0,"key":"REST"},{"data":"Footwork","floor":40.0,"key":"SMITH"},{"floor":46.0,"key":"REST"},{"floor":49,"key":"REST"}],"neow_cost":"NONE","seed_source_timestamp":0,"circlet_count":0,"master_deck":["AscendersBane","Defend_G","Defend_G","Defend_G","Defend_G","Survivor","Neutralize","Dagger Spray+1","Dash+1","Quick Slash","Crippling Poison","PiercingWail","Footwork+1","Well Laid Plans","Poisoned Stab","Blade Dance","Noxious Fumes","Escape Plan","Infinite Blades","Blade Dance","After Image","Sucker Punch+1","Dash+1","Choke+1","Blur","Madness","Madness","Backflip+1","Cloak And Dagger","Accuracy","Noxious Fumes"],"special_seed":0,"relics":["Ring of the Snake","Bag of Preparation","Darkstone Periapt","FossilizedHelix","Pen Nib","Shuriken","Sozu","Bottled Flame","Juzu Bracelet","Astrolabe","Nunchaku","Pantograph"],"potions_floor_usage":[],"damage_taken":[{"damage":2.0,"enemies":"2 Louse","floor":1.0,"turns":4.0},{"damage":12.0,"enemies":"Jaw Worm","floor":3.0,"turns":5.0},{"damage":0.0,"enemies":"Cultist","floor":5.0,"turns":3.0},{"damage":20.0,"enemies":"3 Sentries","floor":7.0,"turns":8.0},{"damage":0.0,"enemies":"Exordium Wildlife","floor":10.0,"turns":4.0},{"damage":1.0,"enemies":"Large Slime","floor":11.0,"turns":6.0},{"damage":4.0,"enemies":"Lots of Slimes","floor":12.0,"turns":2.0},{"damage":0.0,"enemies":"Gremlin Nob","floor":14.0,"turns":4.0},{"damage":0.0,"enemies":"Slime Boss","floor":16.0,"turns":7.0},{"damage":7.0,"enemies":"Spheric Guardian","floor":18.0,"turns":4.0},{"damage":0.0,"enemies":"Shell Parasite","floor":19.0,"turns":6.0},{"damage":0.0,"enemies":"Snecko","floor":22.0,"turns":6.0},{"damage":30.0,"enemies":"Slavers","floor":23.0,"turns":6.0},{"damage":3.0,"enemies":"Shelled Parasite and Fungi","floor":27.0,"turns":7.0},{"damage":6.0,"enemies":"Snake Plant","floor":28.0,"turns":6.0},{"damage":12.0,"enemies":"3 Cultists","floor":31.0,"turns":5.0},{"damage":58.0,"enemies":"Champ","floor":33.0,"turns":12.0},{"damage":0.0,"enemies":"Orb Walker","floor":35.0,"turns":2.0},{"damage":55.0,"enemies":"Giant Head","floor":41.0,"turns":10.0},{"damage":0.0,"enemies":"3 Shapes","floor":42.0,"turns":6.0},{"damage":10.0,"enemies":"Transient","floor":44.0,"turns":6.0},{"damage":0,"enemies":"Writhing Mass","floor":47,"turns":9},{"damage":4,"enemies":"Sphere and 2 Shapes","floor":48,"turns":6},{"damage":72,"enemies":"Donu and Deca","floor":50,"turns":7}],"seed_played":"2301796026182663718","potions_obtained":[{"floor":1.0,"key":"Poison Potion"},{"floor":14.0,"key":"FearPotion"},{"floor":16.0,"key":"GamblersBrew"}],"is_trial":false,"path_per_floor":["M","?","M","T","M","R","E","R","T","M","M","M","$","E","R","B",null,"M","M","$","?","M","E","R","?","T","M","M","R","$","M","R","B",null,"M","$","?","?","?","R","E","M","T","M","$","R","M","M","R","B"],"character_chosen":"THE_SILENT","items_purchased":["Well Laid Plans","Pen Nib","Infinite Blades","Blur"],"campfire_rested":6,"item_purchase_floors":[13,13,30,36],"current_hp_per_floor":[57,62,50,50,50,50,30,51,51,51,50,46,46,46,46,46,65,58,58,58,58,58,28,49,42,42,39,33,54,54,42,63,5,55,55,55,81,66,66,66,11,11,11,1,1,25,25,21,45,0],"gold":146,"neow_bonus":"REMOVE_CARD","is_prod":false,"is_daily":false,"chose_seed":false,"campfire_upgraded":3,"win_rate":0,"timestamp":1551002010,"path_taken":["M","?","M","?","M","R","E","R","T","M","M","?","$","E","R","BOSS","M","M","$","?","M","E","R","?","T","M","M","R","$","M","R","BOSS","BOSS","M","$","?","?","?","R","E","M","T","M","$","R","M","M","R","BOSS"],"build_version":"2019-01-23","purchased_purges":2,"victory":false,"max_hp_per_floor":[66,71,71,71,71,71,71,71,71,71,71,71,71,71,71,71,71,71,71,71,71,71,71,71,71,71,71,71,71,71,71,71,71,71,71,71,81,81,81,81,81,81,81,81,81,81,81,81,81,81],"card_choices":[{"not_picked":["Concentrate","Escape Plan"],"picked":"Dagger Spray","floor":1.0},{"not_picked":["PiercingWail","Footwork"],"picked":"Dash","floor":3.0},{"not_picked":["Caltrops","Deflect"],"picked":"Quick Slash","floor":5.0},{"not_picked":["Cloak And Dagger","Choke"],"picked":"Crippling Poison","floor":7.0},{"not_picked":["Acrobatics","Concentrate"],"picked":"PiercingWail","floor":10.0},{"not_picked":["Reflex","Terror"],"picked":"Footwork","floor":11.0},{"not_picked":["Eviscerate","Quick Slash","Poisoned Stab"],"picked":"SKIP","floor":12.0},{"not_picked":["Dodge and Roll","Expertise"],"picked":"Poisoned Stab","floor":14.0},{"not_picked":["Grand Finale","Venomology"],"picked":"Malaise","floor":16.0},{"not_picked":["Heel Hook","Reflex","Concentrate"],"picked":"SKIP","floor":18.0},{"not_picked":["Accuracy+1","Deadly Poison"],"picked":"Blade Dance","floor":19.0},{"not_picked":["Dodge and Roll","Predator"],"picked":"Noxious Fumes","floor":22.0},{"not_picked":["Flechettes","Eviscerate","Crippling Poison"],"picked":"SKIP","floor":23.0},{"not_picked":["Dodge and Roll","Quick Slash+1","Dash"],"picked":"SKIP","floor":27.0},{"not_picked":["Flying Knee","Calculated Gamble"],"picked":"Escape Plan","floor":28.0},{"not_picked":["Well Laid Plans","Caltrops"],"picked":"Blade Dance","floor":31.0},{"not_picked":["Corpse Explosion","Doppelganger"],"picked":"After Image","floor":33.0},{"not_picked":["Bane+1","Acrobatics","Deflect"],"picked":"SKIP","floor":35.0},{"not_picked":["Catalyst","Sucker Punch"],"picked":"Backflip+1","floor":41.0},{"not_picked":["Tactician","Bane"],"picked":"Cloak And Dagger","floor":42.0},{"not_picked":["Distraction","Crippling Poison+1"],"picked":"Accuracy","floor":44.0},{"not_picked":["Flechettes","Masterful Stab","Quick Slash"],"picked":"SKIP","floor":47},{"not_picked":["Underhanded Strike","Quick Slash"],"picked":"Noxious Fumes","floor":48}],"player_experience":681055,"relics_obtained":[{"floor":4.0,"key":"Bag of Preparation"},{"floor":7.0,"key":"Darkstone Periapt"},{"floor":9.0,"key":"FossilizedHelix"},{"floor":14.0,"key":"Shuriken"},{"floor":23.0,"key":"Bottled Flame"},{"floor":26.0,"key":"Juzu Bracelet"},{"floor":41.0,"key":"Nunchaku"},{"floor":43.0,"key":"Pantograph"}],"event_choices":[{"damage_healed":0.0,"max_hp_gain":5.0,"max_hp_loss":0.0,"gold_gain":0.0,"event_name":"Big Fish","player_choice":"Donut","floor":2.0,"gold_loss":0.0,"damage_taken":0.0},{"damage_healed":0.0,"max_hp_gain":0.0,"max_hp_loss":0.0,"gold_gain":0.0,"event_name":"Cursed Tome","player_choice":"Ignored","floor":21.0,"gold_loss":0.0,"damage_taken":0.0},{"damage_healed":0.0,"max_hp_gain":0.0,"max_hp_loss":0.0,"gold_gain":0.0,"event_name":"Knowing Skull","player_choice":"","floor":25.0,"potions_obtained":[],"gold_loss":0.0,"damage_taken":7.0,"cards_obtained":[]},{"cards_removed":["Malaise"],"damage_healed":16.0,"max_hp_gain":10.0,"max_hp_loss":0.0,"gold_gain":0.0,"event_name":"Bonfire Elementals","player_choice":"Offered Rare","floor":37.0,"gold_loss":0.0,"damage_taken":0.0},{"damage_healed":0.0,"max_hp_gain":0.0,"max_hp_loss":0.0,"gold_gain":0.0,"event_name":"Winding Halls","player_choice":"Embrace Madness","floor":38.0,"gold_loss":0.0,"damage_taken":15.0,"cards_obtained":["Madness","Madness"]},{"damage_healed":0.0,"max_hp_gain":0.0,"max_hp_loss":0.0,"gold_gain":0.0,"event_name":"SensoryStone","player_choice":"Memory 1","floor":39.0,"gold_loss":0.0,"damage_taken":0.0}],"is_beta":false,"boss_relics":[{"not_picked":["Calling Bell","Runic Pyramid"],"picked":"Sozu"},{"not_picked":["Snecko Eye","Empty Cage"],"picked":"Astrolabe"}],"items_purged_floors":[20,30],"is_endless":false,"potions_floor_spawned":[1,14,16,18,19,27,31,44,47,48],"killed_by":"Donu and Deca","ascension_level":19}