{"gold_per_floor":[116,166,180,200,211,211,237,162,162,162,162,172,191,225,225,302,302,318,238],"floor_reached":19,"playtime":573,"items_purged":[],"score":358,"play_id":"205a61f9-dcfa-4754-9ee0-6fe11662696c","local_time":"20190531033901","is_ascension_mode":true,"campfire_choices":[{"data":"Streamline","floor":6,"key":"SMITH"},{"data":"Defragment","floor":15,"key":"SMITH"}],"neow_cost":"NONE","seed_source_timestamp":367226302899100,"circlet_count":0,"master_deck":["AscendersBane","Strike_B","Strike_B+1","Strike_B","Defend_B","Defend_B","Defend_B","Defend_B","Zap+1","Dualcast","Streamline+1","Hologram","Rebound","Chill","Sunder","Coolheaded","Skim","Defragment+1","Meteor Strike"],"relics":["Cracked Core","NeowsBlessing","StoneCalendar","Sundial","Blue Candle","Cursed Key"],"potions_floor_usage":[13,16],"damage_taken":[{"damage":0,"enemies":"Jaw Worm","floor":1,"turns":1},{"damage":0,"enemies":"Cultist","floor":3,"turns":1},{"damage":0,"enemies":"Small Slimes","floor":4,"turns":1},{"damage":10,"enemies":"Looter","floor":5,"turns":4},{"damage":20,"enemies":"3 Sentries","floor":7,"turns":9},{"damage":0,"enemies":"Lots of Slimes","floor":12,"turns":4},{"damage":0,"enemies":"Large Slime","floor":13,"turns":7},{"damage":21,"enemies":"Lagavulin","floor":14,"turns":7},{"damage":27,"enemies":"Hexaghost","floor":16,"turns":11},{"damage":30,"enemies":"Chosen","floor":18,"turns":4},{"damage":26,"enemies":"2 Thieves","floor":19,"turns":2}],"seed_played":"-6703574697749081211","potions_obtained":[{"floor":5,"key":"Strength Potion"},{"floor":7,"key":"Regen Potion"},{"floor":12,"key":"AttackPotion"},{"floor":16,"key":"Dexterity Potion"}],"is_trial":false,"path_per_floor":["M","?","M","M","M","R","E","?","T","?","?","M","M","E","R","B",null,"M","M"],"character_chosen":"DEFECT","items_purchased":[],"campfire_rested":0,"item_purchase_floors":[],"current_hp_per_floor":[64,64,64,64,54,54,34,34,34,13,36,36,51,30,30,3,54,24,0],"gold":238,"neow_bonus":"THREE_ENEMY_KILL","is_prod":false,"is_daily":false,"chose_seed":false,"campfire_upgraded":2,"win_rate":0,"timestamp":1559241541,"path_taken":["M","?","M","M","?","R","E","?","T","?","?","M","M","E","R","BOSS","M","M"],"build_version":"2019-01-23","purchased_purges":0,"victory":false,"max_hp_per_floor":[71,71,71,71,71,71,71,71,71,71,71,71,71,71,71,71,71,71,71],"card_choices":[{"not_picked":["Cold Snap","Skim"],"picked":"Streamline","floor":1},{"not_picked":["Sweeping Beam","Barrage"],"picked":"Hologram","floor":3},{"not_picked":["Recycle","Conserve Battery"],"picked":"Rebound","floor":4},{"not_picked":["Sunder","Compile Driver"],"picked":"Chill","floor":5},{"not_picked":["Redo","Ball Lightning"],"picked":"Sunder","floor":7},{"not_picked":["Compile Driver","Leap"],"picked":"Coolheaded","floor":12},{"not_picked":["Glacier","Double Energy"],"picked":"Skim","floor":13},{"not_picked":["Machine Learning","Stack"],"picked":"Defragment","floor":14},{"not_picked":["Thunder Strike","Hyperbeam"],"picked":"Meteor Strike","floor":16},{"not_picked":["Leap","Stack","Consume"],"picked":"SKIP","floor":18}],"player_experience":5227903,"relics_obtained":[{"floor":7,"key":"StoneCalendar"},{"floor":9,"key":"Sundial"},{"floor":14,"key":"Blue Candle"}],"event_choices":[{"damage_healed":0,"gold_gain":50,"player_choice":"Pray","damage_taken":0,"max_hp_gain":0,"max_hp_loss":0,"event_name":"Golden Shrine","floor":2,"gold_loss":0},{"cards_removed":["Strike_B"],"damage_healed":0,"gold_gain":0,"player_choice":"Card Removal","damage_taken":0,"max_hp_gain":0,"max_hp_loss":0,"event_name":"The Cleric","floor":8,"gold_loss":75},{"damage_healed":0,"gold_gain":0,"player_choice":"Entered Light","damage_taken":21,"max_hp_gain":0,"max_hp_loss":0,"event_name":"Shining Light","floor":10,"gold_loss":0,"cards_upgraded":["Zap","Strike_B"]},{"damage_healed":23,"gold_gain":0,"player_choice":"Banana","damage_taken":0,"max_hp_gain":0,"max_hp_loss":0,"event_name":"Big Fish","floor":11,"gold_loss":0}],"is_beta":false,"boss_relics":[{"not_picked":["Inserter","Black Star"],"picked":"Cursed Key"}],"items_purged_floors":[],"is_endless":false,"potions_floor_spawned":[5,7,12,16],"killed_by":"2 Thieves","ascension_level":20}