{"gold_per_floor":[115,125,125,125,141,172,187,187,187,187],"floor_reached":10,"playtime":205,"items_purged":[],"score":136,"play_id":"2877d203-853b-484e-8f71-1258278ddbfe","local_time":"20190430011111","is_ascension_mode":true,"campfire_choices":[],"neow_cost":"TEN_PERCENT_HP_LOSS","seed_source_timestamp":770986814458600,"circlet_count":0,"master_deck":["AscendersBane","Strike_B","Strike_B","Defend_B","Defend_B","Defend_B","Zap","Dualcast","Cold Snap","Ball Lightning","Doom and Gloom","Conserve Battery","Compile Driver"],"special_seed":0,"relics":["Cracked Core","Golden Idol","Art of War","Shuriken"],"potions_floor_usage":[],"damage_taken":[{"damage":9.0,"enemies":"Small Slimes","floor":1.0,"turns":3.0},{"damage":2.0,"enemies":"2 Louse","floor":2.0,"turns":4.0},{"damage":2.0,"enemies":"Jaw Worm","floor":5.0,"turns":5.0},{"damage":26.0,"enemies":"Gremlin Nob","floor":6.0,"turns":4.0},{"damage":0.0,"enemies":"2 Fungi Beasts","floor":7.0,"turns":3.0},{"damage":25,"enemies":"Exordium Thugs","floor":10,"turns":3}],"seed_played":"4510757995514908641","potions_obtained":[{"floor":2.0,"key":"Regen Potion"},{"floor":6.0,"key":"Regen Potion"}],"is_trial":false,"path_per_floor":["M","M","?","?","M","E","M","?","T","M"],"character_chosen":"DEFECT","items_purchased":[],"campfire_rested":0,"item_purchase_floors":[],"current_hp_per_floor":[55,53,31,20,32,6,15,8,8,0],"gold":187,"neow_bonus":"REMOVE_TWO","is_prod":false,"is_daily":false,"chose_seed":false,"campfire_upgraded":0,"win_rate":0,"timestamp":1556554271,"path_taken":["M","M","?","?","M","E","M","?","T","?"],"build_version":"2019-01-23","purchased_purges":0,"victory":false,"max_hp_per_floor":[64,64,64,64,64,64,64,64,64,64],"card_choices":[{"not_picked":["Conserve Battery","Steam"],"picked":"Cold Snap","floor":1.0},{"not_picked":["Steam","Tempest"],"picked":"Ball Lightning","floor":2.0},{"not_picked":["Blizzard","Leap"],"picked":"Doom and Gloom","floor":5.0},{"not_picked":["Lockon","Redo"],"picked":"Conserve Battery","floor":6.0},{"not_picked":["Coolheaded","Stack"],"picked":"Compile Driver","floor":7.0}],"player_experience":4871375,"relics_obtained":[{"floor":6.0,"key":"Shuriken"}],"event_choices":[{"damage_healed":0.0,"max_hp_gain":0.0,"max_hp_loss":0.0,"gold_gain":0.0,"event_name":"Golden Idol","player_choice":"Take Damage","floor":3.0,"gold_loss":0.0,"damage_taken":22.0,"relics_obtained":["Golden Idol"]},{"damage_healed":0.0,"max_hp_gain":0.0,"max_hp_loss":0.0,"gold_gain":0.0,"event_name":"Scrap Ooze","player_choice":"Success","floor":4.0,"gold_loss":0.0,"damage_taken":11.0,"relics_obtained":["Art of War"]},{"cards_removed":["Defend_B"],"damage_healed":0.0,"max_hp_gain":0.0,"max_hp_loss":0.0,"gold_gain":0.0,"event_name":"Golden Wing","player_choice":"Card Removal","floor":8.0,"gold_loss":0.0,"damage_taken":7.0}],"is_beta":false,"boss_relics":[],"items_purged_floors":[],"is_endless":false,"potions_floor_spawned":[2,6],"killed_by":"Exordium Thugs","ascension_level":20}