{"gold_per_floor":[109,34,45,57,73,73,107,126,126,126,139,214,2,2,2,2],"floor_reached":16,"playtime":345,"items_purged":["Strike_B"],"score":204,"play_id":"6c8e7e81-19aa-4bc7-a904-20046a36809e","local_time":"20190430011705","is_ascension_mode":true,"campfire_choices":[{"data":"Beam Cell","floor":6,"key":"SMITH"},{"data":"Go for the Eyes","floor":10,"key":"SMITH"},{"floor":15,"key":"REST"}],"neow_cost":"NONE","seed_source_timestamp":771241425681500,"circlet_count":0,"master_deck":["AscendersBane","Strike_B","Strike_B","Defend_B","Defend_B","Defend_B","Defend_B","Zap","Dualcast","Streamline","Beam Cell+1","Glacier","Go for the Eyes+1","Conserve Battery","Gash","Gash","Skim","Conserve Battery"],"relics":["Cracked Core","NeowsBlessing","Thread and Needle","Matryoshka"],"potions_floor_usage":[7,16],"damage_taken":[{"damage":0,"enemies":"Small Slimes","floor":1,"turns":1},{"damage":0,"enemies":"Jaw Worm","floor":3,"turns":1},{"damage":0,"enemies":"2 Louse","floor":4,"turns":1},{"damage":14,"enemies":"Exordium Wildlife","floor":5,"turns":5},{"damage":25,"enemies":"Lagavulin","floor":7,"turns":6},{"damage":0,"enemies":"Large Slime","floor":8,"turns":5},{"damage":0,"enemies":"2 Fungi Beasts","floor":11,"turns":3},{"damage":23,"enemies":"Slime Boss","floor":16,"turns":8}],"seed_played":"-7480949880383759256","potions_obtained":[{"floor":4,"key":"Poison Potion"},{"floor":8,"key":"Explosive Potion"}],"is_trial":false,"path_per_floor":["M","?","M","M","M","R","E","M","T","R","M","?","$","?","R","B"],"character_chosen":"DEFECT","items_purchased":["Skim","Conserve Battery"],"campfire_rested":1,"item_purchase_floors":[13,13],"current_hp_per_floor":[64,64,64,64,50,50,25,25,25,25,25,14,14,14,35,12],"gold":2,"neow_bonus":"THREE_ENEMY_KILL","is_prod":false,"is_daily":false,"chose_seed":false,"campfire_upgraded":2,"win_rate":0,"timestamp":1556554625,"path_taken":["M","?","M","M","M","R","E","M","T","R","M","?","$","?","R","BOSS"],"build_version":"2019-01-23","purchased_purges":1,"victory":false,"max_hp_per_floor":[71,71,71,71,71,71,71,71,71,71,71,71,71,71,71,71],"card_choices":[{"not_picked":["Leap","Steam Power"],"picked":"Streamline","floor":1},{"not_picked":["Barrage","Hologram"],"picked":"Beam Cell","floor":3},{"not_picked":["Reinforced Body","Stack"],"picked":"Glacier","floor":4},{"not_picked":["Stack","Darkness"],"picked":"Go for the Eyes","floor":5},{"not_picked":["Seek","Skim"],"picked":"Conserve Battery","floor":7},{"not_picked":["Loop","Beam Cell"],"picked":"Gash","floor":8},{"not_picked":["Hologram","Leap"],"picked":"Gash","floor":11}],"player_experience":4871580,"relics_obtained":[{"floor":7,"key":"Thread and Needle"},{"floor":9,"key":"Matryoshka"}],"event_choices":[{"cards_removed":["Strike_B"],"damage_healed":0,"gold_gain":0,"player_choice":"Card Removal","damage_taken":0,"max_hp_gain":0,"max_hp_loss":0,"event_name":"The Cleric","floor":2,"gold_loss":75},{"damage_healed":0,"gold_gain":75,"player_choice":"Gather Gold","damage_taken":11,"max_hp_gain":0,"max_hp_loss":0,"event_name":"World of Goop","floor":12,"gold_loss":0},{"damage_healed":0,"gold_gain":0,"player_choice":"Ignored","damage_taken":0,"max_hp_gain":0,"max_hp_loss":0,"event_name":"Shining Light","floor":14,"gold_loss":0}],"is_beta":false,"boss_relics":[],"items_purged_floors":[13],"is_endless":false,"potions_floor_spawned":[4,8],"killed_by":"Slime Boss","ascension_level":20}