{"gold_per_floor":[112,126,126,126,139,139,173,192,192,192,71,71,61,61,61,163,163,181,196,209,220,220,220,246,78,104,104,123,123,123,136,136,235,235,255,130,150,150,130,130,145,145,145,165,165,15,26,37,37,37],"floor_reached":51,"playtime":3643,"items_purged":["Strike_R","Strike_R","Strike_R","Strike_R"],"score":773,"play_id":"1a2fd083-7acb-41c9-9d49-684b9ef68ff7","local_time":"20190103190943","is_ascension_mode":true,"campfire_choices":[{"data":"Body Slam","floor":6.0,"key":"SMITH"},{"data":"Shrug It Off","floor":10.0,"key":"SMITH"},{"data":"True Grit","floor":12.0,"key":"SMITH"},{"floor":15.0,"key":"REST"},{"data":"Barricade","floor":23.0,"key":"SMITH"},{"floor":30.0,"key":"REST"},{"data":"Dual Wield","floor":32.0,"key":"SMITH"},{"floor":40.0,"key":"RECALL"},{"data":"Madness","floor":42.0,"key":"SMITH"},{"data":"Madness","floor":45.0,"key":"SMITH"},{"floor":49.0,"key":"REST"}],"neow_cost":"NONE","seed_source_timestamp":1025173490518849,"circlet_count":0,"master_deck":["Strike_R","Defend_R","Defend_R","Defend_R","Defend_R","Bash","Impatience","Entrench+1","Sentinel","Body Slam+1","Shrug It Off+1","Flame Barrier","True Grit+1","Shrug It Off","Barricade+1","Entrench+1","Shrug It Off+1","Dual Wield+1","Metallicize","Impervious","Feel No Pain","Madness+1","Madness+1","Body Slam","Ghostly Armor+1"],"special_seed":0,"relics":["Burning Blood","Orichalcum","Bird Faced Urn","Darkstone Periapt","Mark of Pain","Blue Candle","Ancient Tea Set","White Beast Statue","Pantograph"],"potions_floor_usage":[50],"damage_taken":[{"damage":14.0,"enemies":"Jaw Worm","floor":1.0,"turns":5.0},{"damage":2.0,"enemies":"2 Louse","floor":2.0,"turns":4.0},{"damage":5.0,"enemies":"Cultist","floor":5.0,"turns":4.0},{"damage":38.0,"enemies":"Gremlin Nob","floor":7.0,"turns":5.0},{"damage":0.0,"enemies":"Red Slaver","floor":8.0,"turns":5.0},{"damage":17.0,"enemies":"Exordium Thugs","floor":13.0,"turns":4.0},{"damage":42.0,"enemies":"The Guardian","floor":16.0,"turns":16.0},{"damage":21.0,"enemies":"Spheric Guardian","floor":18.0,"turns":10.0},{"damage":7.0,"enemies":"2 Thieves","floor":19.0,"turns":4.0},{"damage":15.0,"enemies":"Shelled Parasite and Fungi","floor":20.0,"turns":18.0},{"damage":4.0,"enemies":"Snake Plant","floor":21.0,"turns":7.0},{"damage":37.0,"enemies":"Book of Stabbing","floor":24.0,"turns":8.0},{"damage":0.0,"enemies":"Cultist and Chosen","floor":28.0,"turns":8.0},{"damage":13.0,"enemies":"Chosen and Byrds","floor":31.0,"turns":8.0},{"damage":12.0,"enemies":"Automaton","floor":33.0,"turns":9.0},{"damage":12.0,"enemies":"Orb Walker","floor":35.0,"turns":6.0},{"damage":24.0,"enemies":"3 Shapes","floor":37.0,"turns":7.0},{"damage":23.0,"enemies":"Jaw Worm Horde","floor":41.0,"turns":5.0},{"damage":18.0,"enemies":"Maw","floor":44.0,"turns":7.0},{"damage":0.0,"enemies":"3 Darklings","floor":47.0,"turns":14.0},{"damage":53.0,"enemies":"Transient","floor":48.0,"turns":5.0},{"damage":54,"enemies":"Awakened One","floor":50,"turns":11}],"seed_played":"1605843196714238881","potions_obtained":[{"floor":1.0,"key":"Poison Potion"},{"floor":7.0,"key":"GamblersBrew"},{"floor":8.0,"key":"Dexterity Potion"},{"floor":18.0,"key":"PowerPotion"},{"floor":21.0,"key":"PowerPotion"},{"floor":24.0,"key":"SpeedPotion"},{"floor":28.0,"key":"Poison Potion"},{"floor":35.0,"key":"SkillPotion"},{"floor":37.0,"key":"Weak Potion"},{"floor":39.0,"key":"Dexterity Potion"},{"floor":41.0,"key":"PowerPotion"},{"floor":44.0,"key":"Explosive Potion"},{"floor":47.0,"key":"SkillPotion"},{"floor":48.0,"key":"LiquidBronze"}],"is_trial":false,"path_per_floor":["M","M","?","?","M","R","E","M","T","R","$","R","M","$","R","B",null,"M","M","M","M","T","R","E","$","T","$","M","?","R","M","R","B",null,"M","$","M","?","?","R","M","R","T","M","R","$","M","M","R","B",null],"character_chosen":"IRONCLAD","items_purchased":["True Grit","Metallicize"],"campfire_rested":3,"item_purchase_floors":[11,25],"current_hp_per_floor":[72,76,69,69,70,70,38,44,44,44,44,44,33,33,57,21,80,65,66,57,59,59,59,32,32,32,32,40,25,50,47,47,45,85,81,81,69,58,58,58,45,45,45,41,41,41,53,10,35,18],"gold":37,"neow_bonus":"RANDOM_COLORLESS","is_prod":false,"is_daily":false,"chose_seed":false,"campfire_upgraded":7,"win_rate":0,"timestamp":1546510183,"path_taken":["M","M","?","?","M","R","E","?","T","R","$","R","M","$","R","BOSS","M","M","M","M","?","R","E","$","T","?","M","?","R","M","R","BOSS","M","$","M","?","?","R","M","R","T","M","R","$","M","M","R","BOSS"],"build_version":"2018-12-20","purchased_purges":4,"victory":true,"max_hp_per_floor":[80,80,80,80,80,80,80,80,80,80,80,80,80,80,80,80,80,80,80,80,80,80,80,80,80,80,80,80,85,85,85,85,85,85,85,85,85,85,85,85,85,85,85,85,85,85,85,85,85,85],"card_choices":[{"not_picked":["Clash","Heavy Blade"],"picked":"Entrench","floor":1.0},{"not_picked":["Perfected Strike","Clash"],"picked":"Sentinel","floor":2.0},{"not_picked":["Anger","Second Wind"],"picked":"Body Slam","floor":5.0},{"not_picked":["Clash","Thunderclap"],"picked":"Shrug It Off","floor":7.0},{"not_picked":["Blood for Blood","Havoc"],"picked":"Flame Barrier","floor":8.0},{"not_picked":["Sword Boomerang","Hemokinesis"],"picked":"Shrug It Off","floor":13.0},{"not_picked":["Brutality","Double Tap"],"picked":"Barricade","floor":16.0},{"not_picked":["Twin Strike+1","Heavy Blade","Perfected Strike"],"picked":"SKIP","floor":18.0},{"not_picked":["Flex","Pommel Strike"],"picked":"Entrench+1","floor":19.0},{"not_picked":["Wild Strike","Anger"],"picked":"Shrug It Off+1","floor":20.0},{"not_picked":["Brutality","Clothesline","Second Wind"],"picked":"SKIP","floor":21.0},{"not_picked":["Sever Soul","Second Wind"],"picked":"Dual Wield","floor":24.0},{"not_picked":["True Grit","Anger+1","Warcry"],"picked":"SKIP","floor":28.0},{"not_picked":["Flex","Blood for Blood+1","Disarm"],"picked":"SKIP","floor":31.0},{"not_picked":["Offering","Immolate"],"picked":"Impervious","floor":33.0},{"not_picked":["Sever Soul+1","Dual Wield+1"],"picked":"Feel No Pain","floor":35.0},{"not_picked":["Rupture","Iron Wave+1","Infernal Blade+1"],"picked":"SKIP","floor":37.0},{"not_picked":["Anger","Heavy Blade","Perfected Strike+1"],"picked":"SKIP","floor":41.0},{"not_picked":["Thunderclap+1","Anger","Bloodletting+1"],"picked":"SKIP","floor":44.0},{"not_picked":["Impervious","Iron Wave+1"],"picked":"Body Slam","floor":47.0},{"not_picked":["Feel No Pain+1","Warcry+1"],"picked":"Ghostly Armor+1","floor":48.0}],"player_experience":312470,"relics_obtained":[{"floor":7.0,"key":"Bird Faced Urn"},{"floor":9.0,"key":"Darkstone Periapt"},{"floor":22.0,"key":"Blue Candle"},{"floor":24.0,"key":"Ancient Tea Set"},{"floor":43.0,"key":"Pantograph"}],"event_choices":[{"damage_healed":0.0,"max_hp_gain":0.0,"max_hp_loss":0.0,"gold_gain":0.0,"event_name":"Scrap Ooze","player_choice":"Success","floor":3.0,"gold_loss":0.0,"damage_taken":7.0,"relics_obtained":["Orichalcum"]},{"damage_healed":0.0,"max_hp_gain":0.0,"max_hp_loss":0.0,"gold_gain":0.0,"event_name":"Accursed Blacksmith","player_choice":"Forge","floor":4.0,"gold_loss":0.0,"damage_taken":0.0,"cards_upgraded":["Entrench"]},{"damage_healed":0.0,"max_hp_gain":5.0,"max_hp_loss":0.0,"gold_gain":0.0,"event_name":"Forgotten Altar","player_choice":"Shed Blood","floor":29.0,"gold_loss":0.0,"damage_taken":20.0},{"damage_healed":0.0,"max_hp_gain":0.0,"max_hp_loss":0.0,"gold_gain":0.0,"event_name":"Winding Halls","player_choice":"Embrace Madness","floor":38.0,"gold_loss":0.0,"damage_taken":11.0,"cards_obtained":["Madness","Madness"]},{"damage_healed":0.0,"max_hp_gain":0.0,"max_hp_loss":0.0,"gold_gain":0.0,"event_name":"The Woman in Blue","player_choice":"Bought 1 Potion","floor":39.0,"gold_loss":0.0,"damage_taken":0.0}],"is_beta":false,"boss_relics":[{"not_picked":["Fusion Hammer","Runic Cube"],"picked":"Mark of Pain"},{"not_picked":["Black Blood","Coffee Dripper"],"picked":"White Beast Statue"}],"items_purged_floors":[11,25,36,46],"is_endless":false,"potions_floor_spawned":[1,7,8,18,21,24,28,35,37,41,44,47,48],"ascension_level":4}