{"gold_per_floor":[112,59,77,77,77,152,185,37,91,106,106,116,141,153,153,153],"floor_reached":16,"playtime":757,"items_purged":[],"score":125,"play_id":"131bb2d8-1670-4fd2-9812-15d554fd74dd","local_time":"20190218171819","is_ascension_mode":false,"campfire_choices":[{"floor":15,"key":"REST"}],"neow_cost":"NONE","seed_source_timestamp":80624483621520,"circlet_count":0,"master_deck":["Defend_G","Defend_G","Defend_G","Defend_G","Defend_G","Strike_G","Strike_G","Strike_G","Strike_G","Strike_G","Survivor+1","Neutralize","Endless Agony","Slice","Well Laid Plans+1","Infinite Blades","Infinite Blades","Well Laid Plans"],"relics":["Ring of the Snake","NeowsBlessing","Centennial Puzzle","Tiny Chest","Regal Pillow"],"potions_floor_usage":[16],"damage_taken":[{"damage":0,"enemies":"Cultist","floor":1,"turns":1},{"damage":0,"enemies":"Small Slimes","floor":3,"turns":1},{"damage":0,"enemies":"3 Sentries","floor":7,"turns":1},{"damage":1,"enemies":"Jaw Worm","floor":10,"turns":3},{"damage":3,"enemies":"3 Louse","floor":12,"turns":3},{"damage":13,"enemies":"Exordium Wildlife","floor":14,"turns":6},{"damage":70,"enemies":"The Guardian","floor":16,"turns":13}],"seed_played":"529245065576409795","potions_obtained":[{"floor":3,"key":"Energy Potion"},{"floor":7,"key":"PowerPotion"}],"is_trial":false,"path_per_floor":["M","$","M","$","?","?","E","$","T","M","?","M","T","M","R","B"],"character_chosen":"THE_SILENT","items_purchased":["Slice","Infinite Blades","LiquidBronze"],"campfire_rested":1,"item_purchase_floors":[2,8,8],"current_hp_per_floor":[70,70,70,70,56,45,45,45,45,44,67,64,64,51,70,0],"gold":153,"neow_bonus":"THREE_ENEMY_KILL","is_prod":false,"is_daily":false,"chose_seed":false,"campfire_upgraded":0,"win_rate":0,"timestamp":1550503099,"path_taken":["M","$","M","?","?","?","E","$","T","M","?","?","?","M","R","BOSS"],"build_version":"2019-01-23","purchased_purges":0,"victory":false,"max_hp_per_floor":[70,70,70,70,70,70,70,70,70,70,70,70,70,70,70,70],"card_choices":[{"not_picked":["Quick Slash","Blade Dance"],"picked":"Endless Agony","floor":1},{"not_picked":["Backflip","Blur"],"picked":"Well Laid Plans","floor":3},{"not_picked":["Reflex","Phantasmal Killer","Poisoned Stab"],"picked":"SKIP","floor":7},{"not_picked":["Riddle With Holes","Dagger Spray"],"picked":"Infinite Blades","floor":10},{"not_picked":["Cloak And Dagger","Escape Plan","Outmaneuver"],"picked":"SKIP","floor":12},{"not_picked":["Riddle With Holes","Bane"],"picked":"Well Laid Plans","floor":14}],"player_experience":966087,"relics_obtained":[{"floor":7,"key":"Centennial Puzzle"},{"floor":9,"key":"Tiny Chest"},{"floor":13,"key":"Regal Pillow"}],"event_choices":[{"damage_healed":0,"gold_gain":0,"player_choice":"Entered Light","damage_taken":14,"max_hp_gain":0,"max_hp_loss":0,"event_name":"Shining Light","floor":5,"gold_loss":0,"cards_upgraded":["Survivor","Well Laid Plans"]},{"damage_healed":0,"gold_gain":75,"player_choice":"Gather Gold","damage_taken":11,"max_hp_gain":0,"max_hp_loss":0,"event_name":"World of Goop","floor":6,"gold_loss":0},{"damage_healed":23,"gold_gain":0,"player_choice":"Banana","damage_taken":0,"max_hp_gain":0,"max_hp_loss":0,"event_name":"Big Fish","floor":11,"gold_loss":0}],"is_beta":false,"boss_relics":[],"items_purged_floors":[],"is_endless":false,"potions_floor_spawned":[3,7],"killed_by":"The Guardian","ascension_level":0}