{"gold_per_floor":[125,148,172,195,207,219,263,295,307,346,358,350,382,428,440,524,536,559,19,37,55,55],"floor_reached":22,"playtime":2695,"items_purged":["Defend_R"],"score":385,"play_id":"f532a995-39f0-4007-9db1-a8af9d5c76ba","local_time":"20190424131726","is_ascension_mode":true,"campfire_choices":[{"data":"Armaments","floor":6.0,"key":"SMITH"},{"data":"Battle Trance","floor":11.0,"key":"SMITH"},{"data":"Strike_R","floor":15.0,"key":"PURGE"}],"neow_cost":"NONE","seed_source_timestamp":1024836785174629,"circlet_count":0,"master_deck":["AscendersBane","Defend_R","Defend_R","Defend_R","Bash","Battle Trance+1","Armaments+1","Reckless Charge","Flex","Clothesline","Shrug It Off","Impervious","Rage","Limit Break","Barricade","Flex+1","Havoc+1","Flame Barrier+1","Entrench","Evolve","Warcry+1"],"special_seed":0,"relics":["Burning Blood","MawBank","Ornamental Fan","Matryoshka","Omamori","Peace Pipe","Astrolabe","Lantern","Paper Frog"],"potions_floor_usage":[],"damage_taken":[{"damage":9.0,"enemies":"Jaw Worm","floor":1.0,"turns":4.0},{"damage":1.0,"enemies":"Cultist","floor":2.0,"turns":3.0},{"damage":10.0,"enemies":"2 Louse","floor":3.0,"turns":3.0},{"damage":13.0,"enemies":"Lots of Slimes","floor":4.0,"turns":6.0},{"damage":21.0,"enemies":"Lagavulin","floor":7.0,"turns":8.0},{"damage":3.0,"enemies":"3 Louse","floor":8.0,"turns":4.0},{"damage":17.0,"enemies":"Gremlin Nob","floor":10.0,"turns":4.0},{"damage":0.0,"enemies":"Red Slaver","floor":13.0,"turns":4.0},{"damage":20.0,"enemies":"3 Sentries","floor":14.0,"turns":12.0},{"damage":4.0,"enemies":"The Guardian","floor":16.0,"turns":15.0},{"damage":8.0,"enemies":"Shell Parasite","floor":18.0,"turns":9.0},{"damage":25.0,"enemies":"2 Thieves","floor":20.0,"turns":5.0},{"damage":29.0,"enemies":"Centurion and Healer","floor":21.0,"turns":26.0},{"damage":22,"enemies":"Cultist and Chosen","floor":22,"turns":4}],"seed_played":"642678231670923484","potions_obtained":[{"floor":2.0,"key":"SkillPotion"},{"floor":3.0,"key":"Fire Potion"},{"floor":10.0,"key":"GamblersBrew"},{"floor":14.0,"key":"SpeedPotion"},{"floor":16.0,"key":"BloodPotion"},{"floor":18.0,"key":"Dexterity Potion"}],"is_trial":false,"path_per_floor":["M","M","M","M","?","R","E","M","T","E","R","?","M","E","R","B",null,"M","$","M","M","M"],"character_chosen":"IRONCLAD","items_purchased":["Evolve","Lantern","Paper Frog"],"campfire_rested":0,"item_purchase_floors":[19,19,19],"current_hp_per_floor":[65,70,66,59,59,59,44,47,47,36,36,36,42,28,28,30,64,62,62,43,20,0],"gold":55,"neow_bonus":"RANDOM_COMMON_RELIC","is_prod":false,"is_daily":false,"chose_seed":false,"campfire_upgraded":2,"win_rate":0,"timestamp":1556079446,"path_taken":["M","M","M","M","?","R","E","?","T","E","R","?","M","E","R","BOSS","M","$","M","M","M"],"build_version":"2019-04-23","purchased_purges":1,"victory":false,"max_hp_per_floor":[75,75,75,75,75,75,75,75,75,75,75,75,75,75,75,75,75,75,75,75,75,75],"card_choices":[{"not_picked":["Cleave","Rampage"],"picked":"Battle Trance","floor":1.0},{"not_picked":["Clothesline","Sword Boomerang"],"picked":"Armaments","floor":2.0},{"not_picked":["Anger","Pommel Strike"],"picked":"Reckless Charge","floor":3.0},{"not_picked":["Infernal Blade","Armaments"],"picked":"Flex","floor":4.0},{"not_picked":["Combust","Seeing Red"],"picked":"Clothesline","floor":7.0},{"not_picked":["Corruption","Twin Strike"],"picked":"Shrug It Off","floor":8.0},{"not_picked":["Shrug It Off","Dual Wield"],"picked":"Impervious","floor":10.0},{"not_picked":["Perfected Strike","Power Through"],"picked":"Rage","floor":13.0},{"not_picked":["Fire Breathing","Shrug It Off"],"picked":"Limit Break","floor":14.0},{"not_picked":["Bludgeon","Immolate"],"picked":"Barricade","floor":16.0},{"not_picked":["Twin Strike","Anger"],"picked":"Entrench","floor":18.0},{"not_picked":["Flex","Thunderclap","Iron Wave"],"picked":"SKIP","floor":20.0},{"not_picked":["Thunderclap","Infernal Blade+1"],"picked":"Warcry+1","floor":21.0}],"player_experience":3039652,"relics_obtained":[{"floor":7.0,"key":"Ornamental Fan"},{"floor":9.0,"key":"Matryoshka"},{"floor":10.0,"key":"Omamori"},{"floor":14.0,"key":"Peace Pipe"}],"event_choices":[{"cards_removed":["Strike_R"],"damage_healed":0.0,"max_hp_gain":0.0,"max_hp_loss":0.0,"gold_gain":0.0,"event_name":"Purifier","player_choice":"Purged","floor":5.0,"gold_loss":0.0,"damage_taken":0.0},{"damage_healed":0.0,"max_hp_gain":0.0,"max_hp_loss":0.0,"gold_gain":0.0,"event_name":"The Woman in Blue","player_choice":"Bought 1 Potion","floor":12.0,"gold_loss":0.0,"damage_taken":0.0}],"is_beta":true,"boss_relics":[{"not_picked":["Orrery","Runic Dome"],"picked":"Astrolabe"}],"items_purged_floors":[19],"is_endless":false,"potions_floor_spawned":[2,3,10,14,16,18],"killed_by":"Cultist and Chosen","ascension_level":17}