{"gold_per_floor":[112,92,102,115,126,126,153,153,153,153,165,177,177,177,177,252,252,267,278,278,297,314,314,332,332,332,332,350,350,400,428,428,428],"floor_reached":33,"playtime":1734,"items_purged":[],"score":436,"play_id":"3f390369-6b2c-46b1-8e96-420eafcca584","local_time":"20181205152616","is_ascension_mode":true,"campfire_choices":[{"data":"Skewer","floor":6,"key":"SMITH"},{"data":"Footwork","floor":8,"key":"SMITH"},{"data":"Neutralize","floor":10,"key":"SMITH"},{"data":"Crippling Poison","floor":13,"key":"SMITH"},{"data":"Deadly Poison","floor":15,"key":"SMITH"},{"data":"Venomology","floor":23,"key":"SMITH"},{"data":"Noxious Fumes","floor":25,"key":"SMITH"},{"data":"Dodge and Roll","floor":27,"key":"SMITH"},{"data":"After Image","floor":29,"key":"SMITH"},{"floor":32,"key":"REST"}],"neow_cost":"NONE","seed_source_timestamp":140547381517433,"circlet_count":0,"master_deck":["AscendersBane","Defend_G","Defend_G","Defend_G","Defend_G","Defend_G","Strike_G","Strike_G","Strike_G","Strike_G","Survivor","Neutralize+1","Skewer+1","Footwork+1","Deadly Poison+1","Adrenaline","Deadly Poison+1","Crippling Poison+1","Venomology+1","PiercingWail+1","Backflip","Dodge and Roll+1","Dagger Spray","Noxious Fumes+1","After Image+1","Dodge and Roll"],"relics":["Ring of the Snake","Pen Nib","Blood Vial","Bottled Tornado","White Beast Statue","Juzu Bracelet","Red Mask"],"potions_floor_usage":[5,7,18,18,19,19,21,21,22,24,28,28,31,33,33],"damage_taken":[{"damage":7,"enemies":"Jaw Worm","floor":1,"turns":9},{"damage":1,"enemies":"Cultist","floor":3,"turns":4},{"damage":10,"enemies":"Small Slimes","floor":4,"turns":3},{"damage":4,"enemies":"Gremlin Gang","floor":5,"turns":8},{"damage":6,"enemies":"3 Sentries","floor":7,"turns":8},{"damage":4,"enemies":"Large Slime","floor":11,"turns":5},{"damage":0,"enemies":"Looter","floor":12,"turns":3},{"damage":4,"enemies":"The Guardian","floor":16,"turns":8},{"damage":4,"enemies":"Shell Parasite","floor":18,"turns":4},{"damage":9,"enemies":"Chosen","floor":19,"turns":4},{"damage":0,"enemies":"Centurion and Healer","floor":21,"turns":8},{"damage":6,"enemies":"Chosen and Byrds","floor":22,"turns":8},{"damage":7,"enemies":"Snake Plant","floor":24,"turns":3},{"damage":0,"enemies":"3 Cultists","floor":28,"turns":5},{"damage":14,"enemies":"Masked Bandits","floor":31,"turns":4},{"damage":77,"enemies":"Champ","floor":33,"turns":13}],"seed_played":"-560163971669462187","potions_obtained":[{"floor":1,"key":"SteroidPotion"},{"floor":2,"key":"FairyPotion"},{"floor":3,"key":"EssenceOfSteel"},{"floor":7,"key":"Explosive Potion"},{"floor":12,"key":"Weak Potion"},{"floor":18,"key":"Dexterity Potion"},{"floor":19,"key":"SteroidPotion"},{"floor":21,"key":"GamblersBrew"},{"floor":22,"key":"Poison Potion"},{"floor":24,"key":"Block Potion"},{"floor":28,"key":"SpeedPotion"},{"floor":31,"key":"Ancient Potion"}],"is_trial":false,"path_per_floor":["M","?","M","M","M","R","E","R","T","R","M","M","R","?","R","B",null,"M","M","?","M","M","R","M","R","T","R","M","R","?","?","R","B"],"character_chosen":"THE_SILENT","items_purchased":[],"campfire_rested":1,"item_purchase_floors":[],"current_hp_per_floor":[52,52,51,41,37,37,31,31,31,31,29,31,31,31,31,29,57,55,48,48,50,46,46,41,41,41,41,43,43,43,31,50,0],"gold":428,"neow_bonus":"RANDOM_COMMON_RELIC","is_prod":false,"is_daily":false,"chose_seed":false,"campfire_upgraded":9,"win_rate":0,"timestamp":1543991176,"path_taken":["M","?","?","M","?","R","E","R","T","R","M","M","R","?","R","BOSS","M","?","?","?","M","R","M","R","T","R","M","R","?","?","R","BOSS"],"build_version":"2018-12-4","purchased_purges":0,"victory":false,"max_hp_per_floor":[66,66,66,66,66,66,66,66,66,66,66,66,66,66,66,66,66,66,66,66,66,66,66,66,66,66,66,66,66,66,66,66,66],"card_choices":[{"not_picked":["Acrobatics","Bane"],"picked":"Skewer","floor":1},{"not_picked":["Poisoned Stab","Quick Slash"],"picked":"Footwork","floor":3},{"not_picked":["Sucker Punch","PiercingWail"],"picked":"Deadly Poison","floor":4},{"not_picked":["Expertise","Flying Knee"],"picked":"Adrenaline","floor":5},{"not_picked":["Slice","Sucker Punch"],"picked":"Deadly Poison","floor":7},{"not_picked":["Dagger Throw","Acrobatics","Underhanded Strike"],"picked":"SKIP","floor":11},{"not_picked":["Accuracy","Distraction"],"picked":"Crippling Poison","floor":12},{"not_picked":["Storm of Steel","Grand Finale"],"picked":"Venomology","floor":16},{"not_picked":["Poisoned Stab","Riddle With Holes"],"picked":"PiercingWail+1","floor":18},{"not_picked":["Blade Dance","Accuracy"],"picked":"Backflip","floor":19},{"not_picked":["Outmaneuver","Dagger Throw"],"picked":"Dodge and Roll","floor":21},{"not_picked":["Bane","Underhanded Strike"],"picked":"Dagger Spray","floor":22},{"not_picked":["Deadly Poison","Skewer"],"picked":"Noxious Fumes","floor":24},{"not_picked":["Deflect","Flying Knee"],"picked":"After Image","floor":28},{"not_picked":["Acrobatics","Flying Knee"],"picked":"Dodge and Roll","floor":31}],"player_experience":2505662,"relics_obtained":[{"floor":7,"key":"Blood Vial"},{"floor":9,"key":"Bottled Tornado"},{"floor":26,"key":"Juzu Bracelet"},{"floor":31,"key":"Red Mask"}],"event_choices":[{"damage_healed":0,"gold_gain":0,"player_choice":"Bought 1 Potion","damage_taken":0,"max_hp_gain":0,"max_hp_loss":0,"event_name":"The Woman in Blue","floor":2,"gold_loss":0},{"damage_healed":0,"gold_gain":0,"player_choice":"Upgraded","damage_taken":0,"max_hp_gain":0,"max_hp_loss":0,"event_name":"Upgrade Shrine","floor":14,"gold_loss":0,"cards_upgraded":["Deadly Poison"]},{"cards_removed":["Strike_G"],"damage_healed":0,"gold_gain":0,"player_choice":"Offered Basic","damage_taken":0,"max_hp_gain":0,"max_hp_loss":0,"event_name":"Bonfire Elementals","floor":20,"gold_loss":0},{"damage_healed":0,"gold_gain":50,"player_choice":"Stole From Cult","damage_taken":0,"max_hp_gain":0,"max_hp_loss":0,"event_name":"Nest","floor":30,"gold_loss":0},{"damage_healed":0,"gold_gain":0,"player_choice":"Fought Bandits","damage_taken":0,"max_hp_gain":0,"max_hp_loss":0,"event_name":"Masked Bandits","floor":31,"gold_loss":0}],"is_beta":true,"boss_relics":[{"not_picked":["Orrery","Fusion Hammer"],"picked":"White Beast Statue"}],"items_purged_floors":[],"is_endless":false,"potions_floor_spawned":[1,3,7,12,18,19,21,22,24,28,31],"killed_by":"Champ","ascension_level":15}