{"gold_per_floor":[111,111,122,52,52,52,81,81,81,100,100,114,127,138,138,216,216,233,214,214,266,266,326,326,353,353,353,371,386,143,160,160,236,236,250,261,279,296,296,328,359,359,359,386,9,9,38,58,58,58],"floor_reached":51,"playtime":3431,"items_purged":[],"score":1429,"play_id":"aac522c5-f2c2-43db-a921-6fedf60360d9","local_time":"20190511182415","is_ascension_mode":true,"campfire_choices":[{"data":"Flame Barrier","floor":6.0,"key":"SMITH"},{"floor":8.0,"key":"REST"},{"floor":15.0,"key":"REST"},{"floor":24.0,"key":"REST"},{"floor":27.0,"key":"REST"},{"floor":32.0,"key":"REST"},{"data":"Corruption","floor":42.0,"key":"SMITH"},{"floor":49,"key":"REST"}],"neow_cost":"NONE","seed_source_timestamp":2590955570625641,"circlet_count":0,"master_deck":["AscendersBane","Strike_R","Strike_R","Strike_R","Strike_R","Strike_R","Defend_R","Defend_R","Defend_R","Defend_R","Bash","Flame Barrier+1","Sever Soul","Corruption+1","Exhume","Headbutt","Entrench","Shrug It Off","Carnage","Exhume","Pommel Strike","Sever Soul","Necronomicurse","Shrug It Off","Impervious","Battle Trance","Sentinel+1","Immolate","Seeing Red","Sentinel+1","Burning Pact","Body Slam","Fiend Fire","Intimidate+1","Panache","Flame Barrier+1"],"special_seed":0,"relics":["Burning Blood","Bronze Scales","Darkstone Periapt","Blood Vial","Black Star","Necronomicon","PreservedInsect","Tiny Chest","Mummified Hand","Art of War","Bag of Marbles","Ginger","Bottled Tornado","Eternal Feather","War Paint","WingedGreaves","Omamori","Toxic Egg 2","Singing Bowl","Vajra","Dodecahedron","Strange Spoon","SsserpentHead","Nunchaku","Letter Opener"],"potions_floor_usage":[48,50,50,50,50],"damage_taken":[{"damage":1.0,"enemies":"Cultist","floor":1.0,"turns":3.0},{"damage":4.0,"enemies":"2 Louse","floor":3.0,"turns":5.0},{"damage":44.0,"enemies":"3 Sentries","floor":7.0,"turns":11.0},{"damage":2.0,"enemies":"Jaw Worm","floor":10.0,"turns":4.0},{"damage":17.0,"enemies":"Exordium Thugs","floor":12.0,"turns":4.0},{"damage":26.0,"enemies":"Lots of Slimes","floor":13.0,"turns":4.0},{"damage":16.0,"enemies":"Blue Slaver","floor":14.0,"turns":4.0},{"damage":41.0,"enemies":"The Guardian","floor":16.0,"turns":16.0},{"damage":2.0,"enemies":"Chosen","floor":18.0,"turns":6.0},{"damage":6.0,"enemies":"2 Thieves","floor":19.0,"turns":4.0},{"damage":14.0,"enemies":"Colosseum Slavers","floor":22.0,"turns":5.0},{"damage":11.0,"enemies":"Gremlin Leader","floor":23.0,"turns":5.0},{"damage":45.0,"enemies":"Slavers","floor":25.0,"turns":6.0},{"damage":13.0,"enemies":"Snecko","floor":28.0,"turns":4.0},{"damage":3.0,"enemies":"Snake Plant","floor":29.0,"turns":3.0},{"damage":19.0,"enemies":"3 Cultists","floor":31.0,"turns":5.0},{"damage":62.0,"enemies":"Automaton","floor":33.0,"turns":10.0},{"damage":0.0,"enemies":"Orb Walker","floor":35.0,"turns":3.0},{"damage":16.0,"enemies":"3 Shapes","floor":36.0,"turns":1.0},{"damage":10.0,"enemies":"Spire Growth","floor":37.0,"turns":4.0},{"damage":8.0,"enemies":"4 Shapes","floor":38.0,"turns":1.0},{"damage":0.0,"enemies":"Giant Head","floor":40.0,"turns":3.0},{"damage":26.0,"enemies":"Reptomancer","floor":41.0,"turns":5.0},{"damage":13.0,"enemies":"Giant Head","floor":44.0,"turns":4.0},{"damage":53.0,"enemies":"Nemesis","floor":47.0,"turns":5.0},{"damage":6,"enemies":"Writhing Mass","floor":48,"turns":4},{"damage":63,"enemies":"Awakened One","floor":50,"turns":9}],"seed_played":"-5860490856957430976","potions_obtained":[{"floor":1.0,"key":"SpeedPotion"},{"floor":10.0,"key":"Poison Potion"},{"floor":12.0,"key":"SkillPotion"},{"floor":13.0,"key":"Dexterity Potion"},{"floor":16.0,"key":"Block Potion"},{"floor":28.0,"key":"SteroidPotion"},{"floor":31.0,"key":"PowerPotion"},{"floor":33.0,"key":"Fire Potion"},{"floor":35.0,"key":"EntropicBrew"},{"floor":38.0,"key":"PowerPotion"},{"floor":40.0,"key":"Ancient Potion"},{"floor":48,"key":"PowerPotion"}],"is_trial":false,"path_per_floor":["M","$","M","$","?","R","E","R","T","M","T","M","M","M","R","B",null,"M","M","?","T","?","E","R","E","T","R","M","M","$","M","R","B",null,"M","M","M","M","$","E","E","R","T","E","$","?","E","M","R","B",null],"character_chosen":"IRONCLAD","items_purchased":["Corruption","Bottled Tornado","Strange Spoon","Panache"],"campfire_rested":6,"item_purchase_floors":[4,30,45,45],"current_hp_per_floor":[80,80,82,82,82,82,44,68,68,72,72,63,45,37,61,28,69,75,77,67,67,61,58,84,47,47,73,68,73,73,62,88,32,74,82,74,72,72,72,80,62,80,80,75,75,75,32,34,82,27],"gold":58,"neow_bonus":"TEN_PERCENT_HP_BONUS","is_prod":false,"is_daily":false,"chose_seed":false,"campfire_upgraded":2,"win_rate":0,"timestamp":1557588255,"path_taken":["M","$","?","$","?","R","E","R","T","M","?","M","?","?","R","BOSS","M","?","?","?","?","E","R","E","T","R","M","M","$","M","R","BOSS","M","M","M","M","$","E","E","R","T","E","$","?","E","M","R","BOSS"],"build_version":"2019-01-23","purchased_purges":0,"victory":true,"max_hp_per_floor":[82,82,82,82,82,82,82,82,82,82,82,82,82,82,82,82,82,82,82,88,88,88,88,88,88,88,88,88,88,88,88,88,88,88,88,88,88,88,88,88,88,88,88,88,88,88,90,90,90,90],"card_choices":[{"not_picked":["Pummel","Armaments"],"picked":"Flame Barrier","floor":1.0},{"not_picked":["Sword Boomerang","Havoc"],"picked":"Sever Soul","floor":3.0},{"not_picked":["Bludgeon","Thunderclap"],"picked":"Exhume","floor":7.0},{"not_picked":["Clothesline","Thunderclap"],"picked":"Headbutt","floor":10.0},{"not_picked":["Iron Wave","Cleave"],"picked":"Entrench","floor":12.0},{"not_picked":["Combust","Juggernaut"],"picked":"Shrug It Off","floor":13.0},{"not_picked":["Twin Strike","Clothesline"],"picked":"Carnage","floor":14.0},{"not_picked":["Bludgeon","Demon Form"],"picked":"Exhume","floor":16.0},{"not_picked":["Rampage","Twin Strike"],"picked":"Pommel Strike","floor":18.0},{"not_picked":["Rupture","Second Wind"],"picked":"Sever Soul","floor":19.0},{"not_picked":["Havoc","Heavy Blade"],"picked":"Shrug It Off","floor":23.0},{"not_picked":["Heavy Blade","Blood for Blood"],"picked":"Impervious","floor":25.0},{"not_picked":["Headbutt","Burning Pact"],"picked":"Battle Trance","floor":28.0},{"not_picked":["Headbutt","Clothesline","Whirlwind"],"picked":"SKIP","floor":29.0},{"not_picked":["Blood for Blood","Battle Trance"],"picked":"Sentinel","floor":31.0},{"not_picked":["Berserk","Demon Form"],"picked":"Immolate","floor":33.0},{"not_picked":["Body Slam","Iron Wave"],"picked":"Seeing Red","floor":35.0},{"not_picked":["Cleave+1","Pommel Strike+1"],"picked":"Sentinel","floor":36.0},{"not_picked":["Reckless Charge","Searing Blow+1","Iron Wave"],"picked":"SKIP","floor":37.0},{"not_picked":["Warcry","Heavy Blade"],"picked":"Burning Pact","floor":38.0},{"not_picked":["True Grit","Bloodletting"],"picked":"Body Slam","floor":40.0},{"not_picked":["Body Slam","Metallicize"],"picked":"Fiend Fire","floor":41.0},{"not_picked":["Perfected Strike","True Grit+1"],"picked":"Intimidate+1","floor":44.0},{"not_picked":["Sword Boomerang","Immolate","Pommel Strike"],"picked":"Singing Bowl","floor":47.0},{"not_picked":["Flex+1","Anger"],"picked":"Flame Barrier+1","floor":48}],"player_experience":1331998,"relics_obtained":[{"floor":7.0,"key":"Bronze Scales"},{"floor":9.0,"key":"Darkstone Periapt"},{"floor":11.0,"key":"Blood Vial"},{"floor":20.0,"key":"Necronomicon"},{"floor":21.0,"key":"PreservedInsect"},{"floor":23.0,"key":"Tiny Chest"},{"floor":23.0,"key":"Mummified Hand"},{"floor":25.0,"key":"Art of War"},{"floor":25.0,"key":"Bag of Marbles"},{"floor":26.0,"key":"Ginger"},{"floor":40.0,"key":"War Paint"},{"floor":40.0,"key":"WingedGreaves"},{"floor":41.0,"key":"Omamori"},{"floor":41.0,"key":"Toxic Egg 2"},{"floor":43.0,"key":"Singing Bowl"},{"floor":44.0,"key":"Vajra"},{"floor":44.0,"key":"Dodecahedron"},{"floor":47.0,"key":"Nunchaku"},{"floor":47.0,"key":"Letter Opener"}],"event_choices":[{"damage_healed":0.0,"max_hp_gain":0.0,"max_hp_loss":0.0,"gold_gain":0.0,"event_name":"The Cleric","player_choice":"Leave","floor":5.0,"gold_loss":0.0,"damage_taken":0.0},{"damage_healed":0.0,"max_hp_gain":0.0,"max_hp_loss":0.0,"gold_gain":0.0,"event_name":"Cursed Tome","player_choice":"Obtained Book","floor":20.0,"gold_loss":0.0,"damage_taken":16.0},{"damage_healed":0.0,"max_hp_gain":0.0,"max_hp_loss":0.0,"gold_gain":0.0,"event_name":"Colosseum","player_choice":"Fight","floor":22.0,"gold_loss":0.0,"damage_taken":0.0},{"damage_healed":0.0,"max_hp_gain":0.0,"max_hp_loss":0.0,"gold_gain":0.0,"event_name":"Colosseum","player_choice":"Fled From Nobs","floor":22.0,"gold_loss":0.0,"damage_taken":0.0},{"damage_healed":0.0,"max_hp_gain":0.0,"max_hp_loss":0.0,"gold_gain":0.0,"event_name":"FaceTrader","player_choice":"Trade","floor":46.0,"gold_loss":0.0,"damage_taken":0.0,"relics_obtained":["SsserpentHead"]}],"is_beta":false,"boss_relics":[{"not_picked":["Lizard Tail","Coffee Dripper"],"picked":"Black Star"},{"not_picked":["White Beast Statue","Velvet Choker"],"picked":"Eternal Feather"}],"items_purged_floors":[],"is_endless":false,"potions_floor_spawned":[1,10,12,13,16,22,28,31,33,35,38,40,41,48],"ascension_level":14}