{"gold_per_floor":[112,112,187,199,210,210,238,256,307,307,326,336,235,249,249,345,345,360,374,374,119,134,134,152,152,152,152,40,58,58,86,98,110],"floor_reached":33,"playtime":2643,"items_purged":["Defend_R"],"score":442,"play_id":"da2aaaf1-ab19-4453-9905-42d9354a29fe","local_time":"20190429183259","is_ascension_mode":true,"campfire_choices":[{"data":"Seeing Red","floor":6,"key":"SMITH"},{"data":"Bash","floor":10,"key":"SMITH"},{"floor":15,"key":"REST"},{"floor":23,"key":"REST"},{"data":"Infernal Blade","floor":25,"key":"SMITH"},{"data":"Iron Wave","floor":27,"key":"SMITH"},{"data":"Flex","floor":32,"key":"SMITH"}],"neow_cost":"PERCENT_DAMAGE","seed_source_timestamp":1556764058205717,"circlet_count":0,"master_deck":["AscendersBane","Strike_R","Strike_R","Strike_R","Defend_R","Defend_R","Defend_R","Bash+1","Reaper+1","Seeing Red+1","Dropkick","Clash","Disarm","Sever Soul","Iron Wave+1","Feel No Pain","Feed","Metallicize","Headbutt","Infernal Blade+1","Corruption","Intimidate","Ghostly","Ghostly","Ghostly","Ghostly","Ghostly","Flex+1"],"relics":["Burning Blood","Pear","Happy Flower","Empty Cage","Ornamental Fan","Pantograph","MawBank"],"potions_floor_usage":[7,12,16,22,31],"damage_taken":[{"damage":7,"enemies":"Small Slimes","floor":1,"turns":4},{"damage":7,"enemies":"Jaw Worm","floor":4,"turns":4},{"damage":2,"enemies":"2 Louse","floor":5,"turns":3},{"damage":25,"enemies":"Lagavulin","floor":7,"turns":7},{"damage":15,"enemies":"Large Slime","floor":8,"turns":4},{"damage":9,"enemies":"Looter","floor":11,"turns":3},{"damage":8,"enemies":"Lots of Slimes","floor":12,"turns":2},{"damage":20,"enemies":"Large Slime","floor":14,"turns":5},{"damage":93,"enemies":"Hexaghost","floor":16,"turns":15},{"damage":18,"enemies":"Spheric Guardian","floor":18,"turns":4},{"damage":10,"enemies":"3 Byrds","floor":19,"turns":7},{"damage":32,"enemies":"Snake Plant","floor":22,"turns":6},{"damage":43,"enemies":"Shelled Parasite and Fungi","floor":24,"turns":6},{"damage":23,"enemies":"Centurion and Healer","floor":29,"turns":7},{"damage":20,"enemies":"Slavers","floor":31,"turns":9},{"damage":84,"enemies":"Champ","floor":33,"turns":13}],"seed_played":"3403551873554043013","potions_obtained":[{"floor":5,"key":"SpeedPotion"},{"floor":8,"key":"BloodPotion"},{"floor":11,"key":"Block Potion"},{"floor":19,"key":"Poison Potion"},{"floor":29,"key":"Strength Potion"},{"floor":31,"key":"Poison Potion"}],"is_trial":false,"path_per_floor":["M","?","?","M","M","R","E","M","T","R","M","M","$","M","R","B",null,"M","M","?","$","M","R","M","R","T","R","$","M","?","E","R","B"],"character_chosen":"IRONCLAD","items_purchased":["Iron Wave","Ornamental Fan","Corruption","Intimidate"],"campfire_rested":2,"item_purchase_floors":[13,21,28,28],"current_hp_per_floor":[55,55,44,48,62,62,59,50,50,50,50,73,73,64,90,12,71,64,67,67,67,49,77,45,45,45,45,45,41,41,44,44,0],"gold":110,"neow_bonus":"THREE_RARE_CARDS","is_prod":false,"is_daily":false,"chose_seed":false,"campfire_upgraded":5,"win_rate":0,"timestamp":1556551979,"path_taken":["M","?","?","M","M","R","E","M","T","R","M","M","$","M","R","BOSS","M","M","?","$","M","R","M","R","T","R","$","M","?","E","R","BOSS"],"build_version":"2019-01-23","purchased_purges":1,"victory":false,"max_hp_per_floor":[80,80,80,80,80,80,90,90,90,90,90,90,90,90,90,90,90,93,93,93,93,96,96,96,96,96,96,96,99,49,52,52,52],"card_choices":[{"not_picked":["Impervious","Juggernaut"],"picked":"Reaper","floor":0},{"not_picked":["Clothesline","Rupture"],"picked":"Seeing Red","floor":1},{"not_picked":["Shrug It Off","Cleave"],"picked":"Dropkick","floor":4},{"not_picked":["Heavy Blade","Dual Wield"],"picked":"Clash","floor":5},{"not_picked":["True Grit","Barricade","Clothesline"],"picked":"SKIP","floor":7},{"not_picked":["Perfected Strike","Flame Barrier"],"picked":"Disarm","floor":8},{"not_picked":["Perfected Strike","Blood for Blood"],"picked":"Sever Soul","floor":11},{"not_picked":["True Grit","Rampage","Hemokinesis"],"picked":"SKIP","floor":12},{"not_picked":["Pommel Strike","Flame Barrier"],"picked":"Feel No Pain","floor":14},{"not_picked":["Immolate","Bludgeon"],"picked":"Feed","floor":16},{"not_picked":["Wild Strike+1","Body Slam"],"picked":"Metallicize","floor":18},{"not_picked":["Clothesline","Hemokinesis","True Grit"],"picked":"SKIP","floor":19},{"not_picked":["Heavy Blade+1","Whirlwind"],"picked":"Headbutt","floor":22},{"not_picked":["Anger","Barricade"],"picked":"Infernal Blade","floor":24},{"not_picked":["Sword Boomerang","Clothesline","Anger"],"picked":"SKIP","floor":29},{"not_picked":["Heavy Blade+1","Warcry"],"picked":"Flex","floor":31}],"player_experience":1266838,"relics_obtained":[{"floor":7,"key":"Pear"},{"floor":9,"key":"Happy Flower"},{"floor":26,"key":"Pantograph"},{"floor":31,"key":"MawBank"}],"event_choices":[{"damage_healed":0,"gold_gain":0,"player_choice":"Grow","damage_taken":0,"max_hp_gain":0,"max_hp_loss":0,"event_name":"Living Wall","floor":2,"gold_loss":0,"cards_upgraded":["Reaper"]},{"damage_healed":0,"gold_gain":75,"player_choice":"Gather Gold","damage_taken":11,"max_hp_gain":0,"max_hp_loss":0,"event_name":"World of Goop","floor":3,"gold_loss":0},{"damage_healed":0,"gold_gain":0,"player_choice":"Ignored","damage_taken":0,"max_hp_gain":0,"max_hp_loss":0,"event_name":"Beggar","floor":20,"gold_loss":0},{"damage_healed":0,"gold_gain":0,"player_choice":"Became a Ghost","damage_taken":0,"max_hp_gain":0,"max_hp_loss":50,"event_name":"Ghosts","floor":30,"gold_loss":0,"cards_obtained":["Ghostly","Ghostly","Ghostly","Ghostly","Ghostly"]}],"is_beta":false,"boss_relics":[{"not_picked":["Busted Crown","Cursed Key"],"picked":"Empty Cage"}],"items_purged_floors":[13],"is_endless":false,"potions_floor_spawned":[5,8,11,19,29,31],"killed_by":"Champ","ascension_level":11}