{"gold_per_floor":[119,119,131,9,9,40,40,75,75,100,111,136,76,76,76,76],"floor_reached":16,"playtime":795,"items_purged":["Strike_G"],"score":214,"play_id":"7458e14b-d138-4f4a-8cb1-7339e86cec7e","local_time":"20190513211217","is_ascension_mode":true,"campfire_choices":[{"floor":7,"key":"REST"},{"floor":15,"key":"REST"}],"neow_cost":"NONE","seed_source_timestamp":1473595872339552,"circlet_count":0,"master_deck":["AscendersBane","Defend_G","Defend_G","Defend_G","Defend_G","Defend_G","Strike_G","Strike_G","Strike_G","Strike_G","Survivor","Neutralize","Backflip","Deadly Poison","Crippling Poison","Deadly Poison","After Image","Die Die Die","Dodge and Roll","Enlightenment"],"relics":["Ring of the Snake","Mercury Hourglass","The Courier","Matryoshka","Bronze Scales","Dodecahedron"],"potions_floor_usage":[8,12,16,16],"damage_taken":[{"damage":3,"enemies":"Small Slimes","floor":1,"turns":5},{"damage":0,"enemies":"2 Louse","floor":3,"turns":5},{"damage":42,"enemies":"Gremlin Nob","floor":6,"turns":5},{"damage":13,"enemies":"Lagavulin","floor":8,"turns":6},{"damage":6,"enemies":"3 Sentries","floor":10,"turns":7},{"damage":0,"enemies":"Cultist","floor":11,"turns":3},{"damage":7,"enemies":"Gremlin Nob","floor":12,"turns":4},{"damage":49,"enemies":"Slime Boss","floor":16,"turns":13}],"seed_played":"7880723947233431234","potions_obtained":[{"floor":3,"key":"EssenceOfSteel"},{"floor":8,"key":"GhostInAJar"},{"floor":11,"key":"Block Potion"},{"floor":12,"key":"GhostInAJar"}],"is_trial":false,"path_per_floor":["M","?","M","$","?","E","R","E","T","E","M","E","$","?","R","B"],"character_chosen":"THE_SILENT","items_purchased":["Crippling Poison","Deadly Poison"],"campfire_rested":2,"item_purchase_floors":[4,4],"current_hp_per_floor":[62,67,67,67,67,25,48,35,35,29,29,22,22,22,45,0],"gold":76,"neow_bonus":"TEN_PERCENT_HP_BONUS","is_prod":false,"is_daily":false,"chose_seed":false,"campfire_upgraded":0,"win_rate":0,"timestamp":1557774737,"path_taken":["M","?","M","$","?","E","R","E","T","E","M","E","$","?","R","BOSS"],"build_version":"2019-01-23","purchased_purges":1,"victory":false,"max_hp_per_floor":[72,77,77,77,77,77,77,77,77,77,77,77,77,77,77,77],"card_choices":[{"not_picked":["Outmaneuver","Dodge and Roll"],"picked":"Backflip","floor":1},{"not_picked":["Poisoned Stab","Bane"],"picked":"Deadly Poison","floor":3},{"not_picked":["Distraction","Underhanded Strike"],"picked":"After Image","floor":6},{"not_picked":["Dodge and Roll","Flechettes"],"picked":"Die Die Die","floor":8},{"not_picked":["Cloak And Dagger","Heel Hook","Tools of the Trade"],"picked":"SKIP","floor":10},{"not_picked":["Sucker Punch","Backstab","Flying Knee"],"picked":"SKIP","floor":11},{"not_picked":["Predator","Cloak And Dagger"],"picked":"Dodge and Roll","floor":12}],"player_experience":581154,"relics_obtained":[{"floor":6,"key":"Mercury Hourglass"},{"floor":8,"key":"The Courier"},{"floor":9,"key":"Matryoshka"},{"floor":10,"key":"Bronze Scales"},{"floor":12,"key":"Dodecahedron"}],"event_choices":[{"damage_healed":0,"gold_gain":0,"player_choice":"Donut","damage_taken":0,"max_hp_gain":5,"max_hp_loss":0,"event_name":"Big Fish","floor":2,"gold_loss":0},{"damage_healed":0,"gold_gain":0,"player_choice":"Leave","damage_taken":0,"max_hp_gain":0,"max_hp_loss":0,"event_name":"The Cleric","floor":5,"gold_loss":0},{"damage_healed":0,"gold_gain":0,"player_choice":"1 cards matched","damage_taken":0,"max_hp_gain":0,"max_hp_loss":0,"event_name":"Match and Keep!","floor":14,"gold_loss":0,"cards_obtained":["Enlightenment"]}],"is_beta":false,"boss_relics":[],"items_purged_floors":[13],"is_endless":false,"potions_floor_spawned":[3,8,11,12],"killed_by":"Slime Boss","ascension_level":14}