{"gold_per_floor":[15,28,28,48,48,48,76,76,156,170,182,19,19,39,39,39],"floor_reached":16,"playtime":1574,"items_purged":[],"score":194,"play_id":"9452076b-94e6-44a4-b56c-0dfeacccf7c8","local_time":"20190525163039","is_ascension_mode":true,"campfire_choices":[{"floor":6,"key":"REST"},{"floor":13,"key":"REST"},{"floor":15,"key":"REST"}],"neow_cost":"NO_GOLD","seed_source_timestamp":17975530064749,"circlet_count":0,"master_deck":["AscendersBane","Strike_R","Strike_R","Strike_R","Defend_R","Defend_R","Defend_R","Defend_R","Bash","Pummel","Dual Wield","Iron Wave","Intimidate","Bludgeon","Armaments","Corruption","Battle Trance","Havoc"],"relics":["Burning Blood","Omamori","Meat on the Bone"],"potions_floor_usage":[2,7,16],"damage_taken":[{"damage":9,"enemies":"2 Louse","floor":1,"turns":4},{"damage":1,"enemies":"Cultist","floor":2,"turns":3},{"damage":19,"enemies":"Small Slimes","floor":4,"turns":4},{"damage":51,"enemies":"Lagavulin","floor":7,"turns":9},{"damage":13,"enemies":"3 Louse","floor":10,"turns":4},{"damage":6,"enemies":"Exordium Wildlife","floor":11,"turns":3},{"damage":23,"enemies":"Exordium Thugs","floor":14,"turns":6},{"damage":78,"enemies":"Slime Boss","floor":16,"turns":7}],"seed_played":"7973205987701863924","potions_obtained":[{"floor":1,"key":"Swift Potion"},{"floor":2,"key":"Fire Potion"},{"floor":11,"key":"Dexterity Potion"},{"floor":14,"key":"FearPotion"}],"is_trial":false,"path_per_floor":["M","M","?","M","$","R","E","?","T","M","M","$","R","M","R","B"],"character_chosen":"IRONCLAD","items_purchased":["Corruption","Battle Trance"],"campfire_rested":3,"item_purchase_floors":[12,12],"current_hp_per_floor":[65,70,70,57,57,75,30,30,30,35,47,47,69,52,74,0],"gold":39,"neow_bonus":"REMOVE_TWO","is_prod":false,"is_daily":false,"chose_seed":false,"campfire_upgraded":0,"win_rate":0,"timestamp":1558791039,"path_taken":["M","M","?","M","$","R","E","?","T","?","M","$","R","M","R","BOSS"],"build_version":"2019-01-23","purchased_purges":0,"victory":false,"max_hp_per_floor":[75,75,75,75,75,75,75,75,75,75,75,75,75,75,75,75],"card_choices":[{"not_picked":["Clash","Twin Strike"],"picked":"Pummel","floor":1},{"not_picked":["Cleave","Perfected Strike"],"picked":"Dual Wield","floor":2},{"not_picked":["Rampage","Wild Strike"],"picked":"Iron Wave","floor":4},{"not_picked":["Blood for Blood","Dropkick"],"picked":"Intimidate","floor":7},{"not_picked":["Body Slam","Thunderclap"],"picked":"Armaments","floor":10},{"not_picked":["Body Slam","Combust","Hemokinesis"],"picked":"SKIP","floor":11},{"not_picked":["Pommel Strike","Ghostly Armor"],"picked":"Havoc","floor":14}],"player_experience":1405428,"relics_obtained":[{"floor":7,"key":"Omamori"},{"floor":9,"key":"Meat on the Bone"}],"event_choices":[{"damage_healed":0,"gold_gain":0,"player_choice":"Leave","damage_taken":0,"max_hp_gain":0,"max_hp_loss":0,"event_name":"The Cleric","floor":3,"gold_loss":0},{"damage_healed":0,"gold_gain":0,"player_choice":"1 cards matched","damage_taken":0,"max_hp_gain":0,"max_hp_loss":0,"event_name":"Match and Keep!","floor":8,"gold_loss":0,"cards_obtained":["Bludgeon"]}],"is_beta":false,"boss_relics":[],"items_purged_floors":[],"is_endless":false,"potions_floor_spawned":[1,2,11,14],"killed_by":"Slime Boss","ascension_level":18}