{"gold_per_floor":[119,133,146,164,37,37,67,67,94,94,119,31,31,56,56,135,135,152,162,173,173,186,186,186,186,212,239,251,278,304,231,243,329,341,371,383,415,19,32,32,52,80,80,80,92,92,109,120,120,120,120,120,120,40,40],"floor_reached":55,"playtime":2258,"items_purged":["Strike_B","Defend_B"],"score":1967,"play_id":"ee8fcdec-c7a1-42d9-b4c4-c888e75234a5","local_time":"20190324002621","is_ascension_mode":true,"campfire_choices":[{"data":"Beam Cell","floor":6.0,"key":"SMITH"},{"floor":8.0,"key":"REST"},{"data":"Consume","floor":13.0,"key":"SMITH"},{"floor":15.0,"key":"REST"},{"floor":23.0,"key":"REST"},{"floor":25.0,"key":"REST"},{"data":"Buffer","floor":32.0,"key":"SMITH"},{"data":"Biased Cognition","floor":40.0,"key":"SMITH"},{"floor":44,"key":"REST"},{"floor":46,"key":"RECALL"},{"floor":49,"key":"REST"},{"data":"Creative AI","floor":53,"key":"SMITH"}],"neow_cost":"NONE","seed_source_timestamp":864370374398900,"circlet_count":0,"master_deck":["AscendersBane","Strike_B","Strike_B","Strike_B","Defend_B+1","Defend_B+1","Defend_B","Zap","Dualcast","Reboot","Gash","Capacitor","Gash","Leap","Beam Cell+1","Coolheaded","Consume+1","Hologram","Hyperbeam","Biased Cognition+1","Loop","Auto Shields+1","Genetic Algorithm","Ball Lightning+1","Coolheaded","Buffer+1","Creative AI+1","Rebound+1","Self Repair+1","Reinforced Body","Core Surge","Master of Strategy","Coolheaded","Force Field","Self Repair+1","FTL+1","Skim"],"special_seed":0,"relics":["Cracked Core","Bag of Preparation","War Paint","Bronze Scales","Regal Pillow","Sozu","Nloth\u0027s Gift","Enchiridion","MawBank","The Courier","Inserter","OrangePellets","Omamori"],"potions_floor_usage":[47],"damage_taken":[{"damage":11.0,"enemies":"Small Slimes","floor":1.0,"turns":3.0},{"damage":1.0,"enemies":"Cultist","floor":2.0,"turns":3.0},{"damage":3.0,"enemies":"2 Louse","floor":3.0,"turns":4.0},{"damage":0.0,"enemies":"Lots of Slimes","floor":4.0,"turns":1.0},{"damage":40.0,"enemies":"Lagavulin","floor":7.0,"turns":10.0},{"damage":11.0,"enemies":"Gremlin Nob","floor":11.0,"turns":3.0},{"damage":7.0,"enemies":"Lagavulin","floor":14.0,"turns":6.0},{"damage":0.0,"enemies":"The Guardian","floor":16.0,"turns":10.0},{"damage":0.0,"enemies":"Chosen","floor":18.0,"turns":3.0},{"damage":19.0,"enemies":"Shell Parasite","floor":19.0,"turns":4.0},{"damage":27.0,"enemies":"Snecko","floor":20.0,"turns":5.0},{"damage":23.0,"enemies":"Centurion and Healer","floor":22.0,"turns":4.0},{"damage":13.0,"enemies":"Snake Plant","floor":27.0,"turns":4.0},{"damage":0.0,"enemies":"Snecko","floor":29.0,"turns":5.0},{"damage":9.0,"enemies":"Centurion and Healer","floor":30.0,"turns":7.0},{"damage":0.0,"enemies":"Champ","floor":33.0,"turns":16.0},{"damage":0.0,"enemies":"3 Shapes","floor":35.0,"turns":3.0},{"damage":7.0,"enemies":"3 Darklings","floor":37.0,"turns":5.0},{"damage":12.0,"enemies":"Maw","floor":39.0,"turns":7.0},{"damage":12.0,"enemies":"4 Shapes","floor":41.0,"turns":4.0},{"damage":45,"enemies":"Giant Head","floor":42,"turns":8},{"damage":25,"enemies":"Jaw Worm Horde","floor":45,"turns":4},{"damage":36,"enemies":"3 Darklings","floor":47,"turns":4},{"damage":0,"enemies":"Transient","floor":48,"turns":6},{"damage":46,"enemies":"Awakened One","floor":50,"turns":24},{"damage":20,"enemies":"Time Eater","floor":51,"turns":25},{"damage":84,"enemies":"Shield and Spear","floor":55,"turns":5}],"seed_played":"-1181900883266142767","potions_obtained":[{"floor":2.0,"key":"Fruit Juice"},{"floor":3.0,"key":"Explosive Potion"},{"floor":11.0,"key":"Energy Potion"},{"floor":16.0,"key":"SteroidPotion"}],"is_trial":false,"path_per_floor":["M","M","M","M","$","R","E","R","T","?","E","$","R","E","R","B",null,"M","M","M","?","M","R","?","R","T","M","?","M","M","?","R","B",null,"M","?","M","$","M","R","M","E","T","R","M","R","M","M","R","B","B",null,"R","$","E"],"character_chosen":"DEFECT","items_purchased":["Beam Cell","Consume","Hologram","OrangePellets","Core Surge","Master of Strategy"],"campfire_rested":6,"item_purchase_floors":[5,12,12,38,38,38],"current_hp_per_floor":[53,52,54,54,54,54,14,36,36,36,25,25,25,18,55,55,71,71,52,25,25,2,39,18,55,55,42,42,42,33,33,33,33,65,65,65,58,58,56,56,54,19,19,56,41,41,25,55,76,70,76,76,76,76,0],"gold":40,"neow_bonus":"ONE_RANDOM_RARE_CARD","is_prod":false,"is_daily":false,"chose_seed":false,"campfire_upgraded":5,"win_rate":0,"timestamp":1553354781,"path_taken":["M","M","M","M","$","R","E","R","T","?","E","?","R","E","R","BOSS","M","?","M","?","?","R","?","R","T","M","?","M","M","?","R","BOSS","M","?","M","$","M","R","M","E","T","R","M","R","?","M","R","BOSS","BOSS","R","$","E"],"build_version":"2019-01-23","purchased_purges":2,"victory":false,"max_hp_per_floor":[71,71,76,76,76,76,76,76,76,76,76,76,76,76,76,76,76,76,76,76,76,76,76,76,76,76,76,76,76,76,76,76,76,76,76,76,76,76,76,76,76,76,76,76,76,76,76,76,76,76,76,76,76,76,76],"card_choices":[{"not_picked":["Cold Snap","Redo"],"picked":"Gash","floor":1.0},{"not_picked":["Lockon","Static Discharge"],"picked":"Capacitor","floor":2.0},{"not_picked":["Compile Driver","Hologram"],"picked":"Gash","floor":3.0},{"not_picked":["Storm","Barrage"],"picked":"Leap","floor":4.0},{"not_picked":["Leap","Beam Cell","Blizzard"],"picked":"SKIP","floor":7.0},{"not_picked":["Doom and Gloom","Sweeping Beam"],"picked":"Coolheaded","floor":11.0},{"not_picked":["Streamline","Hologram"],"picked":"Hyperbeam","floor":14.0},{"not_picked":["Fission","Creative AI"],"picked":"Biased Cognition","floor":16.0},{"not_picked":["Compile Driver","Lockon"],"picked":"Loop","floor":18.0},{"not_picked":["Barrage","Go for the Eyes"],"picked":"Auto Shields+1","floor":19.0},{"not_picked":["Recycle","Stack"],"picked":"Genetic Algorithm","floor":20.0},{"not_picked":["Cold Snap","Glacier"],"picked":"Ball Lightning+1","floor":22.0},{"not_picked":["Sweeping Beam","Rip and Tear"],"picked":"Coolheaded","floor":27.0},{"not_picked":["Hyperbeam","Redo"],"picked":"Creative AI","floor":29.0},{"not_picked":["Gash","Beam Cell"],"picked":"Rebound+1","floor":30.0},{"not_picked":["Genetic Algorithm","Rip and Tear"],"picked":"Self Repair+1","floor":35.0},{"not_picked":["Streamline","Barrage","Go for the Eyes+1"],"picked":"SKIP","floor":37.0},{"not_picked":["Sweeping Beam","Ball Lightning"],"picked":"Coolheaded","floor":39.0},{"not_picked":["Loop","Reinforced Body"],"picked":"Force Field","floor":41.0},{"not_picked":["Ball Lightning","Gash","Leap"],"picked":"SKIP","floor":42},{"not_picked":["Go for the Eyes","Melter"],"picked":"Self Repair+1","floor":45},{"not_picked":["Rebound","Ball Lightning"],"picked":"FTL+1","floor":47},{"not_picked":["Turbo","Beam Cell"],"picked":"Skim","floor":48}],"player_experience":4598037,"relics_obtained":[{"floor":7.0,"key":"Bag of Preparation"},{"floor":9.0,"key":"War Paint"},{"floor":11.0,"key":"Bronze Scales"},{"floor":14.0,"key":"Regal Pillow"},{"floor":24.0,"key":"Enchiridion"},{"floor":26.0,"key":"MawBank"},{"floor":42,"key":"Omamori"}],"event_choices":[{"damage_healed":0.0,"max_hp_gain":0.0,"max_hp_loss":0.0,"gold_gain":0.0,"event_name":"FaceTrader","player_choice":"Trade","floor":10.0,"gold_loss":0.0,"damage_taken":0.0,"relics_obtained":["CultistMask"]},{"damage_healed":0.0,"max_hp_gain":0.0,"max_hp_loss":0.0,"gold_gain":0.0,"event_name":"N\u0027loth","player_choice":"Traded Relic","floor":21.0,"relics_lost":["CultistMask"],"gold_loss":0.0,"damage_taken":0.0,"relics_obtained":["Nloth\u0027s Gift"]},{"damage_healed":0.0,"max_hp_gain":0.0,"max_hp_loss":0.0,"gold_gain":0.0,"event_name":"Cursed Tome","player_choice":"Obtained Book","floor":24.0,"gold_loss":0.0,"damage_taken":21.0},{"damage_healed":0.0,"max_hp_gain":0.0,"max_hp_loss":0.0,"gold_gain":0.0,"event_name":"The Library","player_choice":"Read","floor":28.0,"gold_loss":0.0,"damage_taken":0.0,"cards_obtained":["Buffer"]},{"damage_healed":0.0,"max_hp_gain":0.0,"max_hp_loss":0.0,"gold_gain":0.0,"event_name":"Addict","player_choice":"Obtained Relic","floor":31.0,"gold_loss":85.0,"damage_taken":0.0,"relics_obtained":["The Courier"]},{"damage_healed":0.0,"max_hp_gain":0.0,"max_hp_loss":0.0,"gold_gain":0.0,"event_name":"Match and Keep!","player_choice":"1 cards matched","floor":36.0,"gold_loss":0.0,"damage_taken":0.0,"cards_obtained":["Reinforced Body"]}],"is_beta":false,"boss_relics":[{"not_picked":["Pandora\u0027s Box","Ectoplasm"],"picked":"Sozu"},{"not_picked":["Lizard Tail","Orrery"],"picked":"Inserter"}],"items_purged_floors":[5,54],"is_endless":false,"potions_floor_spawned":[2,3,11,16,18,19,33,37,39,42,45,47],"killed_by":"Shield and Spear","ascension_level":20}