{"gold_per_floor":[110,13,32,32,51,51,83,100,146,158,183,200,200,220,220,316,316,327,59,69,89,89,89,120,120,120,147,159,182,194,225,237,249],"floor_reached":33,"playtime":1547,"items_purged":["Strike_R","Strike_R"],"score":439,"play_id":"7f880d06-9217-4554-86af-b4e65bfe777d","local_time":"20190113143401","is_ascension_mode":true,"campfire_choices":[{"data":"Bash","floor":6,"key":"SMITH"},{"data":"Seeing Red","floor":15,"key":"SMITH"},{"floor":23,"key":"REST"},{"floor":25,"key":"REST"},{"floor":28,"key":"REST"},{"floor":30,"key":"REST"},{"data":"Armaments","floor":32,"key":"SMITH"}],"neow_cost":"NONE","seed_source_timestamp":257401496048578,"circlet_count":0,"master_deck":["Strike_R","Defend_R","Defend_R","Defend_R","Defend_R","Bash+1","Bludgeon","Clash","Flex","Rage","Impervious","Seeing Red+1","Rampage","Armaments+1","Battle Trance"],"relics":["Burning Blood","Singing Bowl","Lantern","Pen Nib","Sozu","Blood Vial","Mango","Red Skull","MawBank"],"potions_floor_usage":[7,7,7,11,14,16,27],"damage_taken":[{"damage":8,"enemies":"2 Louse","floor":1,"turns":2},{"damage":0,"enemies":"Cultist","floor":3,"turns":2},{"damage":0,"enemies":"Small Slimes","floor":5,"turns":2},{"damage":19,"enemies":"Lagavulin","floor":7,"turns":5},{"damage":0,"enemies":"Gremlin Gang","floor":8,"turns":3},{"damage":6,"enemies":"Looter","floor":10,"turns":2},{"damage":9,"enemies":"Gremlin Nob","floor":11,"turns":3},{"damage":0,"enemies":"2 Fungi Beasts","floor":12,"turns":2},{"damage":0,"enemies":"Lots of Slimes","floor":14,"turns":2},{"damage":73,"enemies":"Hexaghost","floor":16,"turns":11},{"damage":6,"enemies":"Spheric Guardian","floor":18,"turns":4},{"damage":6,"enemies":"2 Thieves","floor":20,"turns":4},{"damage":72,"enemies":"Cultist and Chosen","floor":21,"turns":9},{"damage":33,"enemies":"Book of Stabbing","floor":24,"turns":5},{"damage":64,"enemies":"Gremlin Leader","floor":27,"turns":6},{"damage":17,"enemies":"Centurion and Healer","floor":29,"turns":4},{"damage":36,"enemies":"Snecko","floor":31,"turns":6},{"damage":50,"enemies":"Collector","floor":33,"turns":5}],"seed_played":"7130232357898804938","potions_obtained":[{"floor":3,"key":"Swift Potion"},{"floor":4,"key":"EntropicBrew"},{"floor":4,"key":"Dexterity Potion"},{"floor":11,"key":"PowerPotion"}],"is_trial":false,"path_per_floor":["M","$","M","?","M","R","E","M","T","M","E","M","?","M","R","B",null,"M","$","M","M","$","R","E","R","T","E","R","M","R","M","R","B"],"character_chosen":"IRONCLAD","items_purchased":["Flex","Armaments","Blood Vial"],"campfire_rested":4,"item_purchase_floors":[2,19,19],"current_hp_per_floor":[70,70,76,76,80,80,69,77,77,77,76,82,82,88,88,38,77,77,77,79,17,17,44,35,67,67,13,46,39,72,46,46,0],"gold":249,"neow_bonus":"TRANSFORM_CARD","is_prod":false,"is_daily":false,"chose_seed":false,"campfire_upgraded":3,"win_rate":0,"timestamp":1547357641,"path_taken":["M","$","M","?","M","R","E","?","T","M","E","M","?","M","R","BOSS","M","$","M","M","$","R","E","R","T","E","R","M","R","?","R","BOSS"],"build_version":"2019-01-10","purchased_purges":2,"victory":false,"max_hp_per_floor":[80,80,80,80,80,80,82,84,84,84,86,86,86,88,88,90,90,90,90,90,92,92,92,108,108,108,110,110,112,112,114,114,114],"card_choices":[{"not_picked":["Shrug It Off","Havoc"],"picked":"Clash","floor":1},{"not_picked":["Sword Boomerang","Heavy Blade"],"picked":"Rage","floor":3},{"not_picked":["Perfected Strike","Heavy Blade","Sever Soul"],"picked":"SKIP","floor":5},{"not_picked":["Fire Breathing","Combust","Cleave"],"picked":"Singing Bowl","floor":7},{"not_picked":["Headbutt","Shrug It Off","Iron Wave"],"picked":"Singing Bowl","floor":8},{"not_picked":["Warcry","Armaments"],"picked":"Impervious","floor":10},{"not_picked":["Warcry","Sword Boomerang","Twin Strike"],"picked":"Singing Bowl","floor":11},{"not_picked":["Clash","Body Slam"],"picked":"Seeing Red","floor":12},{"not_picked":["Twin Strike","Sever Soul","Shrug It Off"],"picked":"Singing Bowl","floor":14},{"not_picked":["Demon Form","Exhume","Dark Embrace"],"picked":"Singing Bowl","floor":16},{"not_picked":["Twin Strike","Hemokinesis"],"picked":"Rampage","floor":18},{"not_picked":["Perfected Strike","Searing Blow"],"picked":"Battle Trance","floor":20},{"not_picked":["Sword Boomerang","Rage","Evolve"],"picked":"Singing Bowl","floor":21},{"not_picked":["Pommel Strike","Searing Blow","Shrug It Off"],"picked":"Singing Bowl","floor":24},{"not_picked":["Headbutt","Inflame","Bludgeon"],"picked":"Singing Bowl","floor":27},{"not_picked":["Body Slam","Flame Barrier","Warcry"],"picked":"Singing Bowl","floor":29},{"not_picked":["Bloodletting","True Grit","Carnage"],"picked":"Singing Bowl","floor":31}],"player_experience":353213,"relics_obtained":[{"floor":7,"key":"Singing Bowl"},{"floor":9,"key":"Lantern"},{"floor":11,"key":"Pen Nib"},{"floor":24,"key":"Mango"},{"floor":26,"key":"Red Skull"},{"floor":27,"key":"MawBank"}],"event_choices":[{"damage_healed":0,"gold_gain":0,"player_choice":"Got Potions","damage_taken":0,"max_hp_gain":0,"max_hp_loss":0,"event_name":"Lab","floor":4,"gold_loss":0},{"cards_removed":["Strike_R"],"damage_healed":0,"gold_gain":0,"player_choice":"Offered Basic","damage_taken":0,"max_hp_gain":0,"max_hp_loss":0,"event_name":"Bonfire Elementals","floor":13,"gold_loss":0}],"is_beta":false,"boss_relics":[{"not_picked":["Runic Pyramid","Calling Bell"],"picked":"Sozu"}],"items_purged_floors":[2,19],"is_endless":false,"potions_floor_spawned":[3,7,8,11,12,20,21,27,31],"killed_by":"Collector","ascension_level":6}