{"gold_per_floor":[111,127,137,137,150,150,175,175,175,191,191,205,130,30,30,105,105,125,136,186,198,198,230,247,247,247,247,260,260,260,271,271,350,400,412,431,431,431,531,531,563,583,583,583,603,622,622,0,0,0],"floor_reached":50,"playtime":1630,"items_purged":["Strike_B","Strike_B","Decay"],"score":1163,"play_id":"e3c0a366-11de-4c9c-904d-511ed27dcaf0","local_time":"20190528004444","is_ascension_mode":true,"campfire_choices":[{"data":"Redo","floor":6.0,"key":"SMITH"},{"data":"Hologram","floor":11.0,"key":"SMITH"},{"data":"Darkness","floor":15.0,"key":"SMITH"},{"floor":25.0,"key":"REST"},{"data":"Defragment","floor":27.0,"key":"SMITH"},{"data":"Ghostly","floor":30,"key":"SMITH"},{"data":"Ghostly","floor":32,"key":"SMITH"},{"data":"Shame","floor":40,"key":"PURGE"},{"floor":49,"key":"RECALL"}],"neow_cost":"NONE","seed_source_timestamp":96412397463300,"circlet_count":0,"master_deck":["AscendersBane","Strike_B","Defend_B","Defend_B+1","Defend_B","Zap","Dualcast","Undo","Hologram+1","Gash","White Noise","Redo+1","Gash","Reprogram","Darkness+1","Multi-Cast","Defragment+1","Conserve Battery","Coolheaded+1","Chill","Chaos+1","Heatsinks+1","Ghostly+1","Ghostly+1","Ghostly","Turbo","Creative AI","Fusion","BootSequence+1","Steam+1","Writhe"],"special_seed":0,"relics":["Cracked Core","Ice Cream","Cables","Cursed Key","Kunai","Tiny House","Peace Pipe","Vajra","Strange Spoon","Pear"],"potions_floor_usage":[35,36,46,46],"damage_taken":[{"damage":11.0,"enemies":"Small Slimes","floor":1.0,"turns":4.0},{"damage":2.0,"enemies":"Jaw Worm","floor":2.0,"turns":4.0},{"damage":0.0,"enemies":"Cultist","floor":3.0,"turns":2.0},{"damage":10.0,"enemies":"Gremlin Gang","floor":5.0,"turns":7.0},{"damage":17.0,"enemies":"Lagavulin","floor":7.0,"turns":6.0},{"damage":14.0,"enemies":"Exordium Thugs","floor":10.0,"turns":3.0},{"damage":9.0,"enemies":"Red Slaver","floor":12.0,"turns":2.0},{"damage":0.0,"enemies":"Slime Boss","floor":16.0,"turns":5.0},{"damage":1.0,"enemies":"Spheric Guardian","floor":18.0,"turns":3.0},{"damage":0.0,"enemies":"Chosen","floor":19.0,"turns":3.0},{"damage":4.0,"enemies":"Centurion and Healer","floor":21.0,"turns":5.0},{"damage":45.0,"enemies":"Gremlin Leader","floor":23.0,"turns":6.0},{"damage":5.0,"enemies":"Sentry and Sphere","floor":24.0,"turns":3.0},{"damage":0,"enemies":"Chosen and Byrds","floor":28,"turns":5},{"damage":0,"enemies":"Snake Plant","floor":31,"turns":3},{"damage":10,"enemies":"Champ","floor":33,"turns":7},{"damage":21,"enemies":"3 Darklings","floor":35,"turns":6},{"damage":0,"enemies":"Orb Walker","floor":36,"turns":4},{"damage":0,"enemies":"Mind Bloom Boss Battle","floor":39,"turns":5},{"damage":0,"enemies":"Giant Head","floor":41,"turns":7},{"damage":23,"enemies":"Transient","floor":42,"turns":6},{"damage":5,"enemies":"Jaw Worm Horde","floor":45,"turns":6},{"damage":1,"enemies":"3 Darklings","floor":46,"turns":7},{"damage":38,"enemies":"Awakened One","floor":50,"turns":2}],"seed_played":"3193798979191014068","potions_obtained":[{"floor":2.0,"key":"Swift Potion"},{"floor":3.0,"key":"SneckoOil"},{"floor":5.0,"key":"Energy Potion"},{"floor":10.0,"key":"FocusPotion"},{"floor":21.0,"key":"PowerPotion"},{"floor":33,"key":"SkillPotion"},{"floor":34,"key":"Energy Potion"},{"floor":36,"key":"Strength Potion"},{"floor":39,"key":"Ancient Potion"},{"floor":41,"key":"Block Potion"},{"floor":42,"key":"PowerPotion"}],"is_trial":false,"path_per_floor":["M","M","M","?","M","R","E","?","T","M","R","M","$","$","R","B",null,"M","M","?","M","T","E","M","R","T","R","M","?","R","M","R","B",null,"M","M","?","T","?","R","E","M","T","?","M","M","?","$","R","B"],"character_chosen":"DEFECT","items_purchased":["Strange Spoon","Pear"],"campfire_rested":1,"item_purchase_floors":[48,48],"current_hp_per_floor":[53,51,51,51,41,41,24,71,71,57,57,48,48,48,48,48,65,64,64,64,60,60,15,10,31,31,31,31,31,31,31,31,21,37,16,16,33,33,33,33,33,10,10,10,5,4,11,21,21,0],"gold":0,"neow_bonus":"TRANSFORM_CARD","is_prod":false,"is_daily":false,"chose_seed":false,"campfire_upgraded":6,"win_rate":0,"timestamp":1558971884,"path_taken":["M","M","M","?","M","R","E","?","T","?","R","?","?","$","R","BOSS","M","M","?","?","?","E","M","R","T","R","?","?","R","M","R","BOSS","M","M","?","?","?","R","E","M","T","?","M","?","?","$","R","BOSS"],"build_version":"2019-01-23","purchased_purges":3,"victory":false,"max_hp_per_floor":[71,71,71,71,71,71,71,71,71,71,71,71,71,71,71,71,71,71,71,71,71,71,71,71,71,71,71,71,35,35,35,35,35,40,40,40,33,33,33,33,33,33,33,33,33,33,33,43,43,43],"card_choices":[{"not_picked":["Beam Cell","Melter"],"picked":"Undo","floor":1.0},{"not_picked":["Leap","Redo"],"picked":"Hologram","floor":2.0},{"not_picked":["Turbo","Loop"],"picked":"Gash","floor":3.0},{"not_picked":["Go for the Eyes","Turbo"],"picked":"Redo","floor":5.0},{"not_picked":["Cold Snap","Reprogram"],"picked":"Gash","floor":7.0},{"not_picked":["Streamline","Turbo"],"picked":"Reprogram","floor":10.0},{"not_picked":["Amplify","Redo"],"picked":"Darkness","floor":12.0},{"not_picked":["Hyperbeam","Creative AI"],"picked":"Multi-Cast","floor":16.0},{"not_picked":["Go for the Eyes","Compile Driver"],"picked":"Defragment","floor":18.0},{"not_picked":["Hologram","Tempest"],"picked":"Conserve Battery","floor":19.0},{"not_picked":["Conserve Battery","Hello World+1"],"picked":"Coolheaded+1","floor":21.0},{"not_picked":["Turbo","Go for the Eyes"],"picked":"Chill","floor":23.0},{"not_picked":["Force Field","Gash"],"picked":"Chaos+1","floor":24.0},{"not_picked":["Rebound","Hologram"],"picked":"Heatsinks+1","floor":28},{"not_picked":["Rip and Tear","Gash"],"picked":"Turbo","floor":31},{"not_picked":["Biased Cognition","Thunder Strike"],"picked":"Creative AI","floor":33},{"not_picked":["Conserve Battery","Steam Power"],"picked":"Fusion","floor":35},{"not_picked":["White Noise","Doom and Gloom"],"picked":"BootSequence+1","floor":36},{"not_picked":["Blizzard","Tempest","Steam"],"picked":"SKIP","floor":41},{"not_picked":["Blizzard","Tempest","Steam"],"picked":"SKIP","floor":41},{"not_picked":["Sweeping Beam+1","Stack","Steam"],"picked":"SKIP","floor":42},{"not_picked":["Gash","Consume","Beam Cell+1"],"picked":"SKIP","floor":45},{"not_picked":["Gash","Consume","Beam Cell+1"],"picked":"SKIP","floor":45},{"not_picked":["Redo","Rebound"],"picked":"Steam+1","floor":46}],"player_experience":5172384,"relics_obtained":[{"floor":7.0,"key":"Ice Cream"},{"floor":9.0,"key":"Cables"},{"floor":23.0,"key":"Kunai"},{"floor":39,"key":"Peace Pipe"},{"floor":41,"key":"Vajra"}],"event_choices":[{"damage_healed":0.0,"max_hp_gain":0.0,"max_hp_loss":0.0,"gold_gain":0.0,"cards_transformed":["Defend_B"],"event_name":"Living Wall","player_choice":"Change","floor":4.0,"gold_loss":0.0,"damage_taken":0.0,"cards_obtained":["White Noise"]},{"cards_removed":["Lockon"],"damage_healed":47.0,"max_hp_gain":0.0,"max_hp_loss":0.0,"gold_gain":0.0,"event_name":"Bonfire Elementals","player_choice":"Offered Uncommon","floor":8.0,"gold_loss":0.0,"damage_taken":0.0},{"damage_healed":0.0,"max_hp_gain":0.0,"max_hp_loss":0.0,"gold_gain":50.0,"event_name":"Golden Shrine","player_choice":"Pray","floor":20.0,"gold_loss":0.0,"damage_taken":0.0},{"damage_healed":0,"gold_gain":0,"player_choice":"Became a Ghost","damage_taken":0,"max_hp_gain":0,"max_hp_loss":36,"event_name":"Ghosts","floor":29,"gold_loss":0,"cards_obtained":["Ghostly","Ghostly","Ghostly"]},{"damage_healed":33,"gold_gain":0,"player_choice":"Heal","damage_taken":0,"max_hp_gain":0,"max_hp_loss":7,"event_name":"The Moai Head","floor":37,"gold_loss":0},{"damage_healed":0,"gold_gain":0,"player_choice":"Fight","damage_taken":0,"max_hp_gain":0,"max_hp_loss":0,"event_name":"MindBloom","floor":39,"gold_loss":0},{"damage_healed":0,"gold_gain":0,"player_choice":"Cursed","damage_taken":0,"max_hp_gain":0,"max_hp_loss":0,"event_name":"Wheel of Change","floor":44,"gold_loss":0,"cards_obtained":["Decay"]},{"damage_healed":7,"gold_gain":0,"player_choice":"Writhe","damage_taken":0,"max_hp_gain":0,"max_hp_loss":0,"event_name":"Winding Halls","floor":47,"gold_loss":0,"cards_obtained":["Writhe"]}],"is_beta":false,"boss_relics":[{"not_picked":["Busted Crown","Fusion Hammer"],"picked":"Cursed Key"},{"not_picked":["FrozenCore","Orrery"],"picked":"Tiny House"}],"items_purged_floors":[13,14,48],"is_endless":false,"potions_floor_spawned":[2,3,5,10,21,33,36,39,41,42],"killed_by":"Awakened One","ascension_level":20}