{"gold_per_floor":[113,38,55,55,55,55,87,87,112,145,161,181,214,232,232,304,304,321,321,334,352,352,352,352,117,191,191,191,204,204,164,164,164],"floor_reached":33,"playtime":772,"items_purged":["Cold Snap"],"score":551,"play_id":"477f7feb-8ebd-4d26-88ca-c003aeac2623","local_time":"20190308003645","is_ascension_mode":true,"campfire_choices":[{"data":"Dualcast","floor":6.0,"key":"SMITH"},{"floor":8.0,"key":"REST"},{"floor":15.0,"key":"REST"},{"floor":23,"key":"REST"},{"floor":30,"key":"REST"},{"data":"Recycle","floor":32,"key":"SMITH"}],"neow_cost":"NONE","seed_source_timestamp":24878717400900,"circlet_count":0,"master_deck":["AscendersBane","Defend_B","Defend_B","Defend_B","Defend_B","Zap","Dualcast+1","Ball Lightning","Double Energy","Recycle+1","Compile Driver+1","Conserve Battery","Barrage+1","Go for the Eyes+1","Cold Snap+1","Compile Driver+1","Go for the Eyes+1","Hyperbeam+1","Genetic Algorithm","Tempest","Melter+1","Hologram","Beam Cell+1","Doom and Gloom+1","Fission","Ball Lightning+1","Bite+1","Bite+1","Bite+1","Bite+1","Bite+1","Darkness+1","Chill","Conserve Battery+1"],"special_seed":0,"relics":["Cracked Core","Bag of Marbles","Dream Catcher","Molten Egg 2","Bronze Scales","Strawberry","Cables","Orrery","Enchiridion","Singing Bowl","Juzu Bracelet","Symbiotic Virus"],"potions_floor_usage":[29,33,33,33],"damage_taken":[{"damage":2.0,"enemies":"Jaw Worm","floor":1.0,"turns":3.0},{"damage":0.0,"enemies":"2 Louse","floor":3.0,"turns":1.0},{"damage":21.0,"enemies":"3 Sentries","floor":7.0,"turns":6.0},{"damage":31.0,"enemies":"Lagavulin","floor":10.0,"turns":5.0},{"damage":6.0,"enemies":"Cultist","floor":11.0,"turns":3.0},{"damage":3.0,"enemies":"3 Louse","floor":12.0,"turns":2.0},{"damage":13.0,"enemies":"3 Sentries","floor":13.0,"turns":6.0},{"damage":0.0,"enemies":"Gremlin Gang","floor":14.0,"turns":2.0},{"damage":24.0,"enemies":"Slime Boss","floor":16.0,"turns":9.0},{"damage":22,"enemies":"2 Thieves","floor":18,"turns":3},{"damage":16,"enemies":"Shell Parasite","floor":20,"turns":3},{"damage":0,"enemies":"Centurion and Healer","floor":21,"turns":2},{"damage":12,"enemies":"Cultist and Chosen","floor":29,"turns":3},{"damage":68,"enemies":"Champ","floor":33,"turns":6}],"seed_played":"-3951407107923373815","potions_obtained":[{"floor":3.0,"key":"Explosive Potion"},{"floor":10.0,"key":"Regen Potion"},{"floor":13.0,"key":"GamblersBrew"},{"floor":16.0,"key":"Ancient Potion"},{"floor":20,"key":"EssenceOfSteel"},{"floor":29,"key":"GamblersBrew"},{"floor":31,"key":"EntropicBrew"},{"floor":31,"key":"LiquidBronze"}],"is_trial":false,"path_per_floor":["M","?","M","?","?","R","E","R","T","E","M","M","E","M","R","B",null,"M","?","M","M","?","R","T","$","T","?","?","M","R","?","R","B"],"character_chosen":"DEFECT","items_purchased":["Juzu Bracelet"],"campfire_rested":4,"item_purchase_floors":[25],"current_hp_per_floor":[62,62,62,44,44,44,23,44,44,20,14,11,13,13,36,12,62,40,19,3,3,3,19,19,19,19,19,19,19,37,37,37,0],"gold":164,"neow_bonus":"RANDOM_COMMON_RELIC","is_prod":false,"is_daily":false,"chose_seed":false,"campfire_upgraded":2,"win_rate":0,"timestamp":1551973005,"path_taken":["M","?","M","?","?","R","E","R","T","E","M","M","E","M","R","BOSS","M","?","M","M","?","R","?","$","T","?","?","M","R","?","R","BOSS"],"build_version":"2019-01-23","purchased_purges":1,"victory":false,"max_hp_per_floor":[71,71,71,71,71,71,71,71,71,78,78,78,78,78,78,78,78,78,78,78,78,54,54,54,54,54,54,54,54,56,56,56,56],"card_choices":[{"not_picked":["Redo","Self Repair"],"picked":"Cold Snap","floor":1.0},{"not_picked":["Barrage","Conserve Battery"],"picked":"Ball Lightning","floor":3.0},{"not_picked":["Hello World","Redo"],"picked":"Recycle","floor":7.0},{"not_picked":["Darkness","Recycle"],"picked":"Compile Driver+1","floor":8.0},{"not_picked":["Reprogram","Hello World"],"picked":"Conserve Battery","floor":10.0},{"not_picked":["Rebound+1","Skim"],"picked":"Barrage+1","floor":11.0},{"not_picked":["Steam Power","Rebound+1"],"picked":"Go for the Eyes+1","floor":12.0},{"not_picked":["Reboot","Leap"],"picked":"Cold Snap+1","floor":13.0},{"not_picked":["Go for the Eyes+1","Turbo"],"picked":"Compile Driver+1","floor":14.0},{"not_picked":["Rebound+1","Auto Shields"],"picked":"Go for the Eyes+1","floor":15.0},{"not_picked":["Machine Learning","Multi-Cast"],"picked":"Hyperbeam+1","floor":16.0},{"not_picked":["Steam","Streamline+1"],"picked":"Genetic Algorithm","floor":17},{"not_picked":["Streamline+1","Coolheaded"],"picked":"Tempest","floor":17},{"not_picked":["Tempest","Self Repair"],"picked":"Melter+1","floor":17},{"not_picked":["Beam Cell+1","Compile Driver+1"],"picked":"Hologram","floor":17},{"not_picked":["Self Repair","Coolheaded"],"picked":"Beam Cell+1","floor":17},{"not_picked":["Skim","Compile Driver+1"],"picked":"Doom and Gloom+1","floor":18},{"not_picked":["Compile Driver+1","Barrage+1"],"picked":"Fission","floor":20},{"not_picked":["Steam Power","Redo"],"picked":"Ball Lightning+1","floor":21},{"not_picked":["Defragment","Conserve Battery"],"picked":"Darkness+1","floor":23},{"not_picked":["Leap","Loop"],"picked":"Conserve Battery+1","floor":29},{"not_picked":["Streamline+1","Coolheaded","Cold Snap+1"],"picked":"Singing Bowl","floor":30}],"player_experience":4486001,"relics_obtained":[{"floor":7.0,"key":"Molten Egg 2"},{"floor":9.0,"key":"Bronze Scales"},{"floor":10.0,"key":"Strawberry"},{"floor":13.0,"key":"Cables"},{"floor":19,"key":"Enchiridion"},{"floor":24,"key":"Singing Bowl"},{"floor":26,"key":"Symbiotic Virus"}],"event_choices":[{"cards_removed":["Strike_B"],"damage_healed":0.0,"max_hp_gain":0.0,"max_hp_loss":0.0,"gold_gain":0.0,"event_name":"The Cleric","player_choice":"Card Removal","floor":2.0,"gold_loss":75.0,"damage_taken":0.0},{"damage_healed":0.0,"max_hp_gain":0.0,"max_hp_loss":0.0,"gold_gain":0.0,"event_name":"Scrap Ooze","player_choice":"Success","floor":4.0,"gold_loss":0.0,"damage_taken":18.0,"relics_obtained":["Dream Catcher"]},{"damage_healed":0.0,"max_hp_gain":0.0,"max_hp_loss":0.0,"gold_gain":0.0,"cards_transformed":["Strike_B"],"event_name":"Living Wall","player_choice":"Change","floor":5.0,"gold_loss":0.0,"damage_taken":0.0,"cards_obtained":["Double Energy"]},{"damage_healed":0,"gold_gain":0,"player_choice":"Obtained Book","damage_taken":21,"max_hp_gain":0,"max_hp_loss":0,"event_name":"Cursed Tome","floor":19,"gold_loss":0},{"damage_healed":0,"gold_gain":0,"player_choice":"Became a vampire","damage_taken":0,"max_hp_gain":0,"max_hp_loss":24,"event_name":"Vampires","floor":22,"gold_loss":0,"cards_obtained":["Bite","Bite","Bite","Bite","Bite"]},{"damage_healed":0,"gold_gain":0,"player_choice":"Ignored","damage_taken":0,"max_hp_gain":0,"max_hp_loss":0,"event_name":"The Mausoleum","floor":27,"gold_loss":0},{"damage_healed":0,"gold_gain":0,"player_choice":"1 cards matched","damage_taken":0,"max_hp_gain":0,"max_hp_loss":0,"event_name":"Match and Keep!","floor":28,"gold_loss":0,"cards_obtained":["Chill"]},{"damage_healed":0,"gold_gain":0,"player_choice":"Bought 3 Potions","damage_taken":0,"max_hp_gain":0,"max_hp_loss":0,"event_name":"The Woman in Blue","floor":31,"gold_loss":0}],"is_beta":false,"boss_relics":[{"not_picked":["Ectoplasm","Fusion Hammer"],"picked":"Orrery"}],"items_purged_floors":[25],"is_endless":false,"potions_floor_spawned":[3,10,13,16,20,29],"killed_by":"Champ","ascension_level":20}