{"gold_per_floor":[118,136,136,136,136,136,152,193,193,193,212,47,67,113,113,209,209,232,232,232,255,270,270,305,329,384,384,397,397,397,412,412,505,505,524,424,103,119,134,134,152,152,175,211,227,227,258,281,281,281],"floor_reached":51,"playtime":3424,"items_purged":["Strike_R","Defend_R","Defend_R"],"score":1257,"play_id":"afb84a10-895d-4091-88f8-769cb38933e3","local_time":"20181126044301","is_ascension_mode":true,"campfire_choices":[{"data":"Rupture","floor":6.0,"key":"SMITH"},{"floor":10.0,"key":"REST"},{"data":"Bash","floor":15.0,"key":"SMITH"},{"floor":23.0,"key":"REST"},{"data":"Armaments","floor":27,"key":"SMITH"},{"data":"Brutality","floor":30,"key":"SMITH"},{"floor":32,"key":"REST"},{"data":"Magnetism","floor":40,"key":"SMITH"},{"floor":42,"key":"REST"},{"data":"Battle Trance","floor":46,"key":"SMITH"},{"data":"Rupture","floor":49,"key":"SMITH"}],"neow_cost":"TEN_PERCENT_HP_LOSS","seed_source_timestamp":989675443613885,"circlet_count":0,"master_deck":["AscendersBane","Defend_R","Defend_R","Bash+1","Brutality+1","Rampage+1","Flex+1","Rupture+1","Pummel","Rupture+1","Pummel","Finesse","Battle Trance+1","Exhume+1","Rupture+1","Cleave+1","Battle Trance","Armaments+1","Shrug It Off","Limit Break","Pommel Strike+1","Magnetism+1","Feed","Shockwave","Pain","Heavy Blade+1","Warcry+1","Disarm"],"special_seed":0,"relics":["Burning Blood","Golden Idol","Du-Vu Doll","Mercury Hourglass","Potion Belt","Eternal Feather","Whetstone","Bag of Preparation","War Paint","Cursed Key","Happy Flower","Question Card","Mummified Hand"],"potions_floor_usage":[24,24,24,25,41,48,50,50],"damage_taken":[{"damage":3.0,"enemies":"Cultist","floor":1.0,"turns":4.0},{"damage":11.0,"enemies":"Jaw Worm","floor":2.0,"turns":3.0},{"damage":7.0,"enemies":"Small Slimes","floor":7.0,"turns":4.0},{"damage":27.0,"enemies":"3 Sentries","floor":8.0,"turns":8.0},{"damage":8.0,"enemies":"Blue Slaver","floor":11.0,"turns":3.0},{"damage":3.0,"enemies":"Looter","floor":13.0,"turns":3.0},{"damage":8.0,"enemies":"The Guardian","floor":16.0,"turns":7.0},{"damage":4.0,"enemies":"3 Byrds","floor":18.0,"turns":4.0},{"damage":12.0,"enemies":"Colosseum Slavers","floor":19.0,"turns":3.0},{"damage":2.0,"enemies":"Chosen","floor":21.0,"turns":4.0},{"damage":34.0,"enemies":"Snake Plant","floor":22.0,"turns":4.0},{"damage":46,"enemies":"Slavers","floor":24,"turns":5},{"damage":7,"enemies":"Centurion and Healer","floor":25,"turns":4},{"damage":5,"enemies":"Shelled Parasite and Fungi","floor":28,"turns":4},{"damage":15,"enemies":"Snake Plant","floor":31,"turns":3},{"damage":47,"enemies":"Champ","floor":33,"turns":8},{"damage":5,"enemies":"3 Shapes","floor":35,"turns":3},{"damage":7,"enemies":"Orb Walker","floor":38,"turns":2},{"damage":4,"enemies":"Transient","floor":39,"turns":5},{"damage":35,"enemies":"Spire Growth","floor":41,"turns":3},{"damage":14,"enemies":"Giant Head","floor":44,"turns":5},{"damage":7,"enemies":"Maw","floor":45,"turns":4},{"damage":6,"enemies":"Reptomancer","floor":47,"turns":3},{"damage":9,"enemies":"Transient","floor":48,"turns":5},{"damage":62,"enemies":"Awakened One","floor":50,"turns":5}],"seed_played":"5463465484365225040","potions_obtained":[{"floor":1.0,"key":"LiquidBronze"},{"floor":11.0,"key":"Swift Potion"},{"floor":16.0,"key":"Strength Potion"},{"floor":18.0,"key":"AttackPotion"},{"floor":22.0,"key":"Weak Potion"},{"floor":24,"key":"Block Potion"},{"floor":31,"key":"AttackPotion"},{"floor":33,"key":"Poison Potion"},{"floor":35,"key":"PowerPotion"},{"floor":39,"key":"Swift Potion"},{"floor":44,"key":"GamblersBrew"},{"floor":45,"key":"Ancient Potion"},{"floor":48,"key":"BloodPotion"}],"is_trial":false,"path_per_floor":["M","M","?","?","?","R","M","E","T","R","M","$","M","T","R","B",null,"M","?","?","M","M","R","E","M","T","R","M","T","R","M","R","B",null,"M","$","$","M","M","R","M","R","T","E","M","R","E","M","R","B",null],"character_chosen":"IRONCLAD","items_purchased":["Finesse","Magnetism"],"campfire_rested":4,"item_purchase_floors":[12,37],"current_hp_per_floor":[68,63,62,55,55,55,54,33,33,51,49,49,52,52,52,50,59,61,55,55,59,31,58,18,17,17,29,30,30,42,33,62,21,52,53,53,53,52,54,62,33,62,62,58,61,70,70,67,70,25],"gold":281,"neow_bonus":"TRANSFORM_TWO_CARDS","is_prod":false,"is_daily":false,"chose_seed":false,"campfire_upgraded":7,"win_rate":0,"timestamp":1543174981,"path_taken":["M","?","?","?","?","R","M","E","T","R","M","?","M","?","R","BOSS","M","?","?","?","M","R","E","M","T","R","M","?","R","?","R","BOSS","M","?","$","M","M","R","M","R","T","E","?","R","E","M","R","BOSS"],"build_version":"2018-11-15","purchased_purges":3,"victory":true,"max_hp_per_floor":[68,68,62,62,62,62,62,62,62,62,62,62,62,62,62,62,62,62,62,62,62,62,62,62,62,62,62,62,62,62,62,62,62,62,62,62,62,62,62,62,62,62,62,66,70,70,70,70,70,74],"card_choices":[{"not_picked":["Fire Breathing","Bloodletting"],"picked":"Flex","floor":1.0},{"not_picked":["Whirlwind","Sword Boomerang"],"picked":"Rupture","floor":2.0},{"not_picked":["Searing Blow","Anger"],"picked":"Pummel","floor":7.0},{"not_picked":["Uppercut","Perfected Strike"],"picked":"Rupture","floor":8.0},{"not_picked":["Perfected Strike","Flex"],"picked":"Pummel","floor":11.0},{"not_picked":["Sever Soul","Pummel"],"picked":"Battle Trance","floor":13.0},{"not_picked":["Juggernaut","Barricade"],"picked":"Exhume","floor":16.0},{"not_picked":["Havoc","Body Slam","Anger"],"picked":"SKIP","floor":18.0},{"not_picked":["Warcry","Seeing Red"],"picked":"Cleave","floor":21.0},{"not_picked":["Clash","Twin Strike"],"picked":"Battle Trance","floor":22.0},{"not_picked":["Body Slam","Reckless Charge","Wild Strike"],"picked":"SKIP","floor":24},{"not_picked":["Body Slam","Carnage"],"picked":"Armaments","floor":25},{"not_picked":["Anger","Burning Pact","Perfected Strike"],"picked":"SKIP","floor":28},{"not_picked":["Entrench","Carnage"],"picked":"Shrug It Off","floor":31},{"not_picked":["Dark Embrace","Exhume"],"picked":"Limit Break","floor":33},{"not_picked":["Wild Strike","Perfected Strike+1"],"picked":"Pommel Strike+1","floor":35},{"not_picked":["Intimidate","Body Slam"],"picked":"Feed","floor":38},{"not_picked":["Ghostly Armor","Twin Strike","Burning Pact+1"],"picked":"SKIP","floor":39},{"not_picked":["Intimidate","Infernal Blade+1"],"picked":"Shockwave","floor":41},{"not_picked":["Cleave","True Grit","Rage"],"picked":"SKIP","floor":44},{"not_picked":["Body Slam","Shrug It Off","Berserk"],"picked":"Heavy Blade+1","floor":45},{"not_picked":["Anger","Twin Strike","Pummel"],"picked":"Warcry+1","floor":47},{"not_picked":["Metallicize","Shrug It Off+1","Corruption"],"picked":"Disarm","floor":48}],"player_experience":2443756,"relics_obtained":[{"floor":8.0,"key":"Du-Vu Doll"},{"floor":9.0,"key":"Mercury Hourglass"},{"floor":14.0,"key":"Potion Belt"},{"floor":24,"key":"Whetstone"},{"floor":26,"key":"Bag of Preparation"},{"floor":29,"key":"War Paint"},{"floor":43,"key":"Happy Flower"},{"floor":44,"key":"Question Card"},{"floor":47,"key":"Mummified Hand"}],"event_choices":[{"damage_healed":0.0,"max_hp_gain":0.0,"max_hp_loss":6.0,"gold_gain":0.0,"event_name":"Golden Idol","player_choice":"Lose Max HP","floor":3.0,"gold_loss":0.0,"damage_taken":0.0,"relics_obtained":["Golden Idol"]},{"cards_removed":["Strike_R"],"damage_healed":0.0,"max_hp_gain":0.0,"max_hp_loss":0.0,"gold_gain":0.0,"event_name":"Golden Wing","player_choice":"Card Removal","floor":4.0,"gold_loss":0.0,"damage_taken":7.0},{"cards_removed":["Strike_R"],"damage_healed":0.0,"max_hp_gain":0.0,"max_hp_loss":0.0,"gold_gain":0.0,"event_name":"Living Wall","player_choice":"Forget","floor":5.0,"gold_loss":0.0,"damage_taken":0.0},{"damage_healed":0.0,"max_hp_gain":0.0,"max_hp_loss":0.0,"gold_gain":0.0,"event_name":"Colosseum","player_choice":"Fight","floor":19.0,"gold_loss":0.0,"damage_taken":0.0},{"damage_healed":0.0,"max_hp_gain":0.0,"max_hp_loss":0.0,"gold_gain":0.0,"event_name":"Colosseum","player_choice":"Fled From Nobs","floor":19.0,"gold_loss":0.0,"damage_taken":0.0},{"damage_healed":0.0,"max_hp_gain":0.0,"max_hp_loss":0.0,"gold_gain":0.0,"event_name":"Duplicator","player_choice":"Copied","floor":20.0,"gold_loss":0.0,"damage_taken":0.0,"cards_obtained":["Rupture"]}],"is_beta":true,"boss_relics":[{"not_picked":["Velvet Choker","Philosopher\u0027s Stone"],"picked":"Eternal Feather"},{"not_picked":["Tiny House","Black Blood"],"picked":"Cursed Key"}],"items_purged_floors":[12,36,37],"is_endless":false,"potions_floor_spawned":[1,11,16,18,19,22,24,31,33,35,39,44,45,48],"ascension_level":15}