{"gold_per_floor":[109,122,133,146,146,146,160,178,178,178,204,204,221,254,254,332,332,347,707,721,443,6,6,56,56,82,82,112,112,132,144,144,218,218,237,237,237,257,276,276,9,109,109,143,162,193,193,26,26,26,26,26,26,26,26,26],"floor_reached":56,"playtime":2805,"items_purged":["Strike_B","Defend_B","Defend_B"],"score":2145,"play_id":"e464bdf5-4a70-4596-9ced-8940bdc450a9","local_time":"20190530144041","is_ascension_mode":true,"campfire_choices":[{"floor":6.0,"key":"REST"},{"data":"Redo","floor":12.0,"key":"SMITH"},{"data":"Loop","floor":15.0,"key":"SMITH"},{"data":"Heatsinks","floor":23.0,"key":"SMITH"},{"data":"Recycle","floor":25.0,"key":"SMITH"},{"data":"Consume","floor":27.0,"key":"SMITH"},{"data":"Strike_B","floor":29.0,"key":"PURGE"},{"data":"Strike_B","floor":32.0,"key":"PURGE"},{"data":"Defend_B","floor":40.0,"key":"PURGE"},{"data":"Dualcast","floor":47.0,"key":"SMITH"},{"floor":49.0,"key":"RECALL"},{"data":"Skim","floor":53.0,"key":"SMITH"}],"neow_cost":"NONE","seed_source_timestamp":317865192795800,"circlet_count":0,"master_deck":["AscendersBane","Strike_B+1","Defend_B","Zap+1","Dualcast+1","Ball Lightning","Cold Snap","Conserve Battery","Redo+1","Compile Driver+1","Skim","Chill","Loop+1","Rainbow","Melter+1","BootSequence","Core Surge+1","Consume+1","Heatsinks+1","Recycle+1","Electrodynamics","Reboot","Undo","Impatience","Flash of Steel","Purity","White Noise+1","Hologram+1","Biased Cognition","Undo+1","Skim+1"],"special_seed":0,"relics":["Cracked Core","Symbiotic Virus","Meat on the Bone","Mummified Hand","Potion Belt","Nuclear Battery","Cables","Anchor","Peace Pipe","Philosopher\u0027s Stone","Strawberry","Du-Vu Doll","Whetstone","Shuriken"],"potions_floor_usage":[56],"damage_taken":[{"damage":7.0,"enemies":"Jaw Worm","floor":1.0,"turns":4.0},{"damage":7.0,"enemies":"Small Slimes","floor":2.0,"turns":3.0},{"damage":1.0,"enemies":"Cultist","floor":3.0,"turns":3.0},{"damage":1.0,"enemies":"2 Fungi Beasts","floor":4.0,"turns":3.0},{"damage":5.0,"enemies":"Large Slime","floor":7.0,"turns":5.0},{"damage":6.0,"enemies":"Blue Slaver","floor":8.0,"turns":3.0},{"damage":14.0,"enemies":"Gremlin Nob","floor":11.0,"turns":3.0},{"damage":1.0,"enemies":"2 Fungi Beasts","floor":13.0,"turns":2.0},{"damage":6.0,"enemies":"3 Sentries","floor":14.0,"turns":4.0},{"damage":10.0,"enemies":"The Guardian","floor":16.0,"turns":9.0},{"damage":0.0,"enemies":"Chosen","floor":18.0,"turns":3.0},{"damage":6.0,"enemies":"2 Thieves","floor":20.0,"turns":3.0},{"damage":0.0,"enemies":"Gremlin Leader","floor":28.0,"turns":6.0},{"damage":0.0,"enemies":"3 Cultists","floor":30.0,"turns":2.0},{"damage":26.0,"enemies":"Snake Plant","floor":31.0,"turns":4.0},{"damage":17.0,"enemies":"Automaton","floor":33.0,"turns":6.0},{"damage":0.0,"enemies":"Orb Walker","floor":35.0,"turns":2.0},{"damage":0.0,"enemies":"3 Shapes","floor":38.0,"turns":4.0},{"damage":21.0,"enemies":"Spire Growth","floor":39.0,"turns":5.0},{"damage":0.0,"enemies":"Mind Bloom Boss Battle","floor":42.0,"turns":7.0},{"damage":9.0,"enemies":"Reptomancer","floor":44.0,"turns":5.0},{"damage":6.0,"enemies":"Transient","floor":45.0,"turns":6.0},{"damage":0.0,"enemies":"Nemesis","floor":46.0,"turns":7.0},{"damage":0.0,"enemies":"Donu and Deca","floor":50.0,"turns":8.0},{"damage":9.0,"enemies":"Awakened One","floor":51.0,"turns":7.0},{"damage":17.0,"enemies":"Shield and Spear","floor":55.0,"turns":5.0},{"damage":60,"enemies":"The Heart","floor":56,"turns":2}],"seed_played":"-1547232115231142140","potions_obtained":[{"floor":2.0,"key":"Fire Potion"},{"floor":8.0,"key":"Regen Potion"},{"floor":11.0,"key":"Explosive Potion"},{"floor":14.0,"key":"AttackPotion"},{"floor":16.0,"key":"FocusPotion"},{"floor":18.0,"key":"Explosive Potion"},{"floor":31.0,"key":"Fire Potion"},{"floor":33.0,"key":"Strength Potion"},{"floor":42.0,"key":"SpeedPotion"},{"floor":44.0,"key":"SmokeBomb"}],"is_trial":false,"path_per_floor":["M","M","M","M","?","R","M","M","T","?","E","R","M","E","R","B",null,"M","?","M","$","$","R","?","R","T","R","E","R","M","M","R","B",null,"M","?","?","M","M","R","$","?","T","E","M","E","R","$","R","B","B",null,"R","$","E","B"],"character_chosen":"DEFECT","items_purchased":["Core Surge","Consume","Heatsinks","Recycle","Cables","Strawberry","Skim"],"campfire_rested":1,"item_purchase_floors":[21,21,22,22,22,41,48],"current_hp_per_floor":[64,57,56,55,20,43,38,32,32,9,16,16,27,33,33,35,67,67,32,38,38,38,38,38,38,38,38,50,50,50,36,36,31,66,66,56,56,56,47,47,54,54,54,45,51,51,51,51,51,51,54,77,77,77,60,0],"gold":26,"neow_bonus":"TEN_PERCENT_HP_BONUS","is_prod":false,"is_daily":false,"chose_seed":false,"campfire_upgraded":7,"win_rate":0,"timestamp":1559194841,"path_taken":["M","M","M","M","?","R","M","M","T","?","E","R","M","E","R","BOSS","M","?","M","?","$","R","?","R","T","R","E","R","M","M","R","BOSS","M","?","?","M","M","R","$","?","T","E","M","E","R","$","R","BOSS","BOSS","R","$","E","BOSS"],"build_version":"2019-01-23","purchased_purges":3,"victory":false,"max_hp_per_floor":[78,78,78,78,78,78,78,78,78,78,78,78,78,78,78,78,78,78,78,78,78,78,78,78,78,78,78,78,78,78,78,78,78,78,78,78,78,78,78,78,85,85,85,85,85,85,85,85,85,85,85,85,85,85,85,85],"card_choices":[{"not_picked":["Coolheaded","Reinforced Body"],"picked":"Ball Lightning","floor":1.0},{"not_picked":["Scrape","Steam Power","Heatsinks"],"picked":"SKIP","floor":2.0},{"not_picked":["Static Discharge","Conserve Battery"],"picked":"Cold Snap","floor":3.0},{"not_picked":["Fusion","Ball Lightning"],"picked":"Conserve Battery","floor":4.0},{"not_picked":["Ball Lightning","Streamline"],"picked":"Redo","floor":7.0},{"not_picked":["Sweeping Beam","Storm"],"picked":"Compile Driver","floor":8.0},{"not_picked":["Beam Cell","Hyperbeam"],"picked":"Skim","floor":11.0},{"not_picked":["Beam Cell","Go for the Eyes"],"picked":"Chill","floor":13.0},{"not_picked":["Chill","Rebound"],"picked":"Loop","floor":14.0},{"not_picked":["Seek","Buffer"],"picked":"Rainbow","floor":16.0},{"not_picked":["Coolheaded","Sweeping Beam"],"picked":"Melter+1","floor":18.0},{"not_picked":["Go for the Eyes","Compile Driver"],"picked":"BootSequence","floor":20.0},{"not_picked":["Sweeping Beam","Rainbow"],"picked":"Electrodynamics","floor":28.0},{"not_picked":["Rip and Tear+1","Ball Lightning","Go for the Eyes"],"picked":"SKIP","floor":30.0},{"not_picked":["Streamline","Steam","Barrage+1"],"picked":"SKIP","floor":31.0},{"not_picked":["Rainbow","Core Surge"],"picked":"Reboot","floor":33.0},{"not_picked":["Turbo","Cold Snap"],"picked":"Undo","floor":35.0},{"not_picked":["Jack Of All Trades","Dramatic Entrance"],"picked":"Impatience","floor":36.0},{"not_picked":["Enlightenment","PanicButton"],"picked":"Flash of Steel","floor":36.0},{"not_picked":["Madness","Transmutation"],"picked":"Purity","floor":36.0},{"not_picked":["Aggregate","Sunder","Coolheaded"],"picked":"SKIP","floor":38.0},{"not_picked":["Barrage","Reprogram"],"picked":"White Noise+1","floor":39.0},{"not_picked":["Leap","Steam"],"picked":"Hologram+1","floor":42.0},{"not_picked":["Auto Shields","Redo+1"],"picked":"Biased Cognition","floor":44.0},{"not_picked":["Steam","Auto Shields"],"picked":"Undo+1","floor":45.0},{"not_picked":["Compile Driver","Gash","Auto Shields+1"],"picked":"SKIP","floor":46.0}],"player_experience":5208348,"relics_obtained":[{"floor":9.0,"key":"Meat on the Bone"},{"floor":11.0,"key":"Mummified Hand"},{"floor":14.0,"key":"Potion Belt"},{"floor":26.0,"key":"Anchor"},{"floor":28.0,"key":"Peace Pipe"},{"floor":42.0,"key":"Du-Vu Doll"},{"floor":44.0,"key":"Whetstone"},{"floor":46.0,"key":"Shuriken"}],"event_choices":[{"damage_healed":0.0,"max_hp_gain":0.0,"max_hp_loss":0.0,"gold_gain":0.0,"event_name":"Scrap Ooze","player_choice":"Success","floor":5.0,"gold_loss":0.0,"damage_taken":35.0,"relics_obtained":["Symbiotic Virus"]},{"damage_healed":0.0,"max_hp_gain":0.0,"max_hp_loss":0.0,"gold_gain":0.0,"event_name":"Shining Light","player_choice":"Entered Light","floor":10.0,"gold_loss":0.0,"damage_taken":23.0,"cards_upgraded":["Zap","Strike_B"]},{"damage_healed":0.0,"max_hp_gain":0.0,"max_hp_loss":0.0,"gold_gain":360.0,"event_name":"Knowing Skull","player_choice":"GOLD GOLD GOLD GOLD ","floor":19.0,"potions_obtained":[],"gold_loss":0.0,"damage_taken":35.0,"cards_obtained":[]},{"damage_healed":0.0,"max_hp_gain":0.0,"max_hp_loss":0.0,"gold_gain":50.0,"event_name":"Nest","player_choice":"Stole From Cult","floor":24.0,"gold_loss":0.0,"damage_taken":0.0},{"damage_healed":0.0,"max_hp_gain":0.0,"max_hp_loss":0.0,"gold_gain":0.0,"event_name":"SensoryStone","player_choice":"Memory 3","floor":36.0,"gold_loss":0.0,"damage_taken":10.0},{"damage_healed":0.0,"max_hp_gain":0.0,"max_hp_loss":0.0,"gold_gain":0.0,"event_name":"Tomb of Lord Red Mask","player_choice":"Ignored","floor":37.0,"gold_loss":0.0,"damage_taken":0.0},{"damage_healed":0.0,"max_hp_gain":0.0,"max_hp_loss":0.0,"gold_gain":0.0,"event_name":"MindBloom","player_choice":"Fight","floor":42.0,"gold_loss":0.0,"damage_taken":0.0}],"is_beta":false,"boss_relics":[{"not_picked":["Fusion Hammer","Ectoplasm"],"picked":"Nuclear Battery"},{"not_picked":["Sozu","Runic Dome"],"picked":"Philosopher\u0027s Stone"}],"items_purged_floors":[21,41,48],"is_endless":false,"potions_floor_spawned":[2,8,11,14,16,18,31,33,42,44],"killed_by":"The Heart","ascension_level":20}