{"gold_per_floor":[17,27,41,53,68,68,100,110,180,180,213,225,245,257,257,333,333,353,373,385,4,54,83,83],"floor_reached":24,"playtime":783,"items_purged":[],"score":468,"play_id":"071074cb-1cd0-4a1a-8692-1630461a664d","local_time":"20190505015839","is_ascension_mode":true,"campfire_choices":[{"data":"Defragment","floor":6,"key":"SMITH"},{"data":"Beam Cell","floor":10,"key":"SMITH"},{"data":"Loop","floor":15,"key":"SMITH"}],"neow_cost":"NO_GOLD","seed_source_timestamp":1205274382633800,"circlet_count":0,"master_deck":["AscendersBane","Strike_B","Strike_B","Strike_B","Strike_B","Defend_B","Defend_B","Defend_B","Defend_B","Zap","Dualcast","Ball Lightning","Cold Snap","Seek","Hologram","Defragment+1","Steam","Beam Cell+1","Ball Lightning","Meteor Strike","Loop+1","Echo Form","Coolheaded","Sunder"],"special_seed":0,"relics":["Cracked Core","Torii","Anchor","Mercury Hourglass","Oddly Smooth Stone","Eternal Feather","Calipers","StoneCalendar"],"potions_floor_usage":[7,16,16,19,23,23],"damage_taken":[{"damage":1.0,"enemies":"2 Louse","floor":1.0,"turns":2.0},{"damage":1.0,"enemies":"Cultist","floor":2.0,"turns":3.0},{"damage":1,"enemies":"Jaw Worm","floor":3,"turns":4},{"damage":2,"enemies":"Blue Slaver","floor":4,"turns":4},{"damage":1,"enemies":"Looter","floor":5,"turns":5},{"damage":6,"enemies":"Gremlin Nob","floor":7,"turns":3},{"damage":7,"enemies":"Exordium Thugs","floor":8,"turns":4},{"damage":1,"enemies":"3 Sentries","floor":11,"turns":4},{"damage":0,"enemies":"Large Slime","floor":12,"turns":3},{"damage":0,"enemies":"Lots of Slimes","floor":13,"turns":2},{"damage":0,"enemies":"Red Slaver","floor":14,"turns":2},{"damage":23,"enemies":"Slime Boss","floor":16,"turns":8},{"damage":0,"enemies":"Spheric Guardian","floor":18,"turns":4},{"damage":19,"enemies":"2 Thieves","floor":19,"turns":4},{"damage":14,"enemies":"Shelled Parasite and Fungi","floor":20,"turns":7},{"damage":3,"enemies":"Slavers","floor":23,"turns":4},{"damage":23,"enemies":"Snake Plant","floor":24,"turns":2}],"seed_played":"-310395163195612081","potions_obtained":[{"floor":2.0,"key":"FocusPotion"},{"floor":3,"key":"Ancient Potion"},{"floor":5,"key":"FocusPotion"},{"floor":7,"key":"Energy Potion"},{"floor":16,"key":"Block Potion"},{"floor":20,"key":"Explosive Potion"}],"is_trial":false,"path_per_floor":["M","M","M","M","M","R","E","M","T","R","E","M","M","M","R","B",null,"M","M","M","$","?","E","M"],"character_chosen":"DEFECT","items_purchased":["Calipers","Weak Potion"],"campfire_rested":0,"item_purchase_floors":[21,21],"current_hp_per_floor":[63,62,61,59,58,58,52,45,45,45,44,44,44,44,44,21,59,59,40,26,26,26,23,0],"gold":83,"neow_bonus":"ONE_RARE_RELIC","is_prod":false,"is_daily":false,"chose_seed":false,"campfire_upgraded":3,"win_rate":0,"timestamp":1556989119,"path_taken":["M","M","M","M","M","R","E","M","T","R","E","M","M","M","R","BOSS","M","M","M","$","?","E","M"],"build_version":"2019-01-23","purchased_purges":0,"victory":false,"max_hp_per_floor":[71,71,71,71,71,71,71,71,71,71,71,71,71,71,71,71,71,71,71,71,71,71,71,71],"card_choices":[{"not_picked":["Beam Cell","Conserve Battery"],"picked":"Ball Lightning","floor":1.0},{"not_picked":["Conserve Battery","Steam Power"],"picked":"Cold Snap","floor":2.0},{"not_picked":["Go for the Eyes","Melter"],"picked":"Seek","floor":3},{"not_picked":["Go for the Eyes","Skim"],"picked":"Hologram","floor":4},{"not_picked":["Beam Cell","Blizzard"],"picked":"Defragment","floor":5},{"not_picked":["Compile Driver","Stack"],"picked":"Steam","floor":7},{"not_picked":["Steam","Aggregate"],"picked":"Beam Cell","floor":8},{"not_picked":["Gash","Go for the Eyes","Steam Power"],"picked":"SKIP","floor":11},{"not_picked":["Melter","Redo"],"picked":"Ball Lightning","floor":12},{"not_picked":["Compile Driver","Aggregate"],"picked":"Meteor Strike","floor":13},{"not_picked":["Ball Lightning","Scrape"],"picked":"Loop","floor":14},{"not_picked":["Buffer","Amplify"],"picked":"Echo Form","floor":16},{"not_picked":["Cold Snap","Loop"],"picked":"Coolheaded","floor":18},{"not_picked":["Doom and Gloom","Ball Lightning"],"picked":"Sunder","floor":19},{"not_picked":["Loop","Stack","Beam Cell"],"picked":"SKIP","floor":20},{"not_picked":["Redo","Machine Learning","Melter"],"picked":"SKIP","floor":23},{"not_picked":["Redo","Machine Learning","Melter"],"picked":"SKIP","floor":23}],"player_experience":4916328,"relics_obtained":[{"floor":7,"key":"Anchor"},{"floor":9,"key":"Mercury Hourglass"},{"floor":11,"key":"Oddly Smooth Stone"},{"floor":23,"key":"StoneCalendar"}],"event_choices":[{"damage_healed":0,"gold_gain":50,"player_choice":"Pray","damage_taken":0,"max_hp_gain":0,"max_hp_loss":0,"event_name":"Golden Shrine","floor":22,"gold_loss":0}],"is_beta":false,"boss_relics":[{"not_picked":["White Beast Statue","Lizard Tail"],"picked":"Eternal Feather"}],"items_purged_floors":[],"is_endless":false,"potions_floor_spawned":[2,3,5,7,11,14,16,20],"killed_by":"Snake Plant","ascension_level":20}