{"gold_per_floor":[119,132,132,145,160,160,186,186,234,265,326,356,356,374,374,445,445,455,380,430,444,494],"floor_reached":22,"playtime":615,"items_purged":["Aggregate"],"score":412,"play_id":"2a218723-9b38-4bec-b033-544ba987939c","local_time":"20190321231537","is_ascension_mode":true,"campfire_choices":[{"data":"Ball Lightning","floor":6,"key":"SMITH"},{"data":"Rip and Tear","floor":8,"key":"SMITH"},{"data":"Conserve Battery","floor":13,"key":"SMITH"},{"data":"Conserve Battery","floor":15,"key":"SMITH"}],"neow_cost":"TEN_PERCENT_HP_LOSS","seed_source_timestamp":688987560335100,"circlet_count":0,"master_deck":["AscendersBane","Zap","Dualcast","Ball Lightning","Conserve Battery+1","Ball Lightning+1","Auto Shields","Rip and Tear+1","Doom and Gloom","Conserve Battery+1","Rainbow","Echo Form","Leap","Hello World","Doom and Gloom","Thunder Strike","Thunder Strike","Compile Driver","Compile Driver","Conserve Battery"],"relics":["Cracked Core","Mango","SsserpentHead","Mercury Hourglass","Whetstone","Omamori","Sundial","Pandora\u0027s Box"],"potions_floor_usage":[7,10,18,22],"damage_taken":[{"damage":1,"enemies":"2 Louse","floor":1,"turns":2},{"damage":0,"enemies":"Cultist","floor":2,"turns":3},{"damage":0,"enemies":"Small Slimes","floor":4,"turns":3},{"damage":6,"enemies":"Blue Slaver","floor":5,"turns":3},{"damage":11,"enemies":"Lagavulin","floor":7,"turns":6},{"damage":10,"enemies":"3 Sentries","floor":10,"turns":4},{"damage":0,"enemies":"2 Fungi Beasts","floor":11,"turns":2},{"damage":8,"enemies":"Lagavulin","floor":12,"turns":5},{"damage":4,"enemies":"Red Slaver","floor":14,"turns":2},{"damage":5,"enemies":"The Guardian","floor":16,"turns":11},{"damage":20,"enemies":"3 Byrds","floor":18,"turns":3},{"damage":14,"enemies":"Spheric Guardian","floor":21,"turns":4},{"damage":48,"enemies":"Masked Bandits","floor":22,"turns":3}],"seed_played":"8102408898362532141","potions_obtained":[{"floor":2,"key":"Explosive Potion"},{"floor":5,"key":"EssenceOfSteel"},{"floor":16,"key":"Block Potion"},{"floor":18,"key":"Strength Potion"},{"floor":21,"key":"SpeedPotion"}],"is_trial":false,"path_per_floor":["M","M","?","M","M","R","E","R","T","E","M","E","R","M","R","B",null,"M","$","?","M","?"],"character_chosen":"DEFECT","items_purchased":[],"campfire_rested":0,"item_purchase_floors":[],"current_hp_per_floor":[77,77,77,77,71,71,60,60,60,50,50,42,42,38,38,33,67,47,47,47,33,0],"gold":494,"neow_bonus":"ONE_RARE_RELIC","is_prod":false,"is_daily":false,"chose_seed":false,"campfire_upgraded":4,"win_rate":0,"timestamp":1553177737,"path_taken":["M","M","?","M","M","R","E","R","T","E","?","E","R","M","R","BOSS","M","$","?","M","?"],"build_version":"2019-01-23","purchased_purges":1,"victory":false,"max_hp_per_floor":[78,78,78,78,78,78,78,78,78,78,78,78,78,78,78,78,78,78,78,78,78,78],"card_choices":[{"not_picked":["Rebound","Force Field"],"picked":"Ball Lightning","floor":1},{"not_picked":["Streamline","Redo"],"picked":"Conserve Battery","floor":2},{"not_picked":["Force Field","Turbo"],"picked":"Ball Lightning","floor":4},{"not_picked":["Compile Driver","Glacier"],"picked":"Auto Shields","floor":5},{"not_picked":["Rebound","Reinforced Body"],"picked":"Rip and Tear","floor":7},{"not_picked":["Go for the Eyes","Aggregate"],"picked":"Doom and Gloom","floor":10},{"not_picked":["Heatsinks","Hologram"],"picked":"Conserve Battery","floor":11},{"not_picked":["Sunder","Redo","Ball Lightning"],"picked":"SKIP","floor":12},{"not_picked":["Turbo","White Noise"],"picked":"Rainbow","floor":14},{"not_picked":["Reboot","Rainbow"],"picked":"Echo Form","floor":16},{"not_picked":["Stack","Glacier","Ball Lightning"],"picked":"SKIP","floor":18},{"not_picked":["Sweeping Beam","Aggregate"],"picked":"Conserve Battery","floor":21}],"player_experience":4576329,"relics_obtained":[{"floor":7,"key":"Mercury Hourglass"},{"floor":9,"key":"Whetstone"},{"floor":10,"key":"Omamori"},{"floor":12,"key":"Sundial"}],"event_choices":[{"damage_healed":0,"gold_gain":0,"player_choice":"Trade","damage_taken":0,"relics_obtained":["SsserpentHead"],"max_hp_gain":0,"max_hp_loss":0,"event_name":"FaceTrader","floor":3,"gold_loss":0},{"damage_healed":0,"gold_gain":0,"player_choice":"Ignored","damage_taken":0,"max_hp_gain":0,"max_hp_loss":0,"event_name":"Vampires","floor":20,"gold_loss":0},{"damage_healed":0,"gold_gain":0,"player_choice":"Fought Bandits","damage_taken":0,"max_hp_gain":0,"max_hp_loss":0,"event_name":"Masked Bandits","floor":22,"gold_loss":0}],"is_beta":false,"boss_relics":[{"not_picked":["Eternal Feather","Sozu"],"picked":"Pandora\u0027s Box"}],"items_purged_floors":[19],"is_endless":false,"potions_floor_spawned":[2,5,16,18,21],"killed_by":"Masked Bandits","ascension_level":20}