{"gold_per_floor":[110,128,148,148,167,201,216,216,240,267,267,279,279,299,299,373,373,391,441,279,299,299,299,299],"floor_reached":24,"playtime":712,"items_purged":["Defend_B"],"score":516,"play_id":"703cd5d8-10e5-4254-9eec-7996282db4d9","local_time":"20190326024002","is_ascension_mode":true,"campfire_choices":[{"floor":8.0,"key":"REST"},{"data":"Chaos","floor":11.0,"key":"SMITH"},{"data":"Defragment","floor":13.0,"key":"SMITH"},{"data":"Defragment","floor":15.0,"key":"SMITH"},{"data":"Recycle","floor":23,"key":"SMITH"}],"neow_cost":"PERCENT_DAMAGE","seed_source_timestamp":1046736929613600,"circlet_count":0,"master_deck":["AscendersBane","Strike_B","Strike_B","Strike_B","Defend_B","Defend_B","Defend_B","Zap","Dualcast","Recycle+1","Rebound","Ball Lightning","Undo","Redo","Chaos+1","Defragment+1","Defragment+1","Seek","Leap","Glacier","Glacier"],"special_seed":0,"relics":["Cracked Core","Pocketwatch","Regal Pillow","Lantern","Pen Nib","Nuclear Battery","GremlinMask"],"potions_floor_usage":[24],"damage_taken":[{"damage":3.0,"enemies":"Small Slimes","floor":1.0,"turns":3.0},{"damage":4.0,"enemies":"2 Louse","floor":2.0,"turns":4.0},{"damage":0.0,"enemies":"Cultist","floor":3.0,"turns":4.0},{"damage":0.0,"enemies":"3 Louse","floor":5.0,"turns":2.0},{"damage":24.0,"enemies":"Lagavulin","floor":6.0,"turns":8.0},{"damage":9.0,"enemies":"Red Slaver","floor":7.0,"turns":3.0},{"damage":6.0,"enemies":"Gremlin Nob","floor":10.0,"turns":3.0},{"damage":1.0,"enemies":"Lots of Slimes","floor":12.0,"turns":3.0},{"damage":14.0,"enemies":"Exordium Thugs","floor":14.0,"turns":5.0},{"damage":0.0,"enemies":"Slime Boss","floor":16.0,"turns":7.0},{"damage":27.0,"enemies":"Shell Parasite","floor":18.0,"turns":4.0},{"damage":17.0,"enemies":"2 Thieves","floor":21.0,"turns":4.0},{"damage":31,"enemies":"3 Cultists","floor":24,"turns":4}],"seed_played":"1654423540712608782","potions_obtained":[{"floor":2.0,"key":"LiquidBronze"},{"floor":3.0,"key":"Fire Potion"},{"floor":5.0,"key":"Fire Potion"},{"floor":14.0,"key":"Regen Potion"},{"floor":18.0,"key":"PowerPotion"}],"is_trial":false,"path_per_floor":["M","M","M","?","M","E","M","R","T","E","R","M","R","M","R","B",null,"M","?","$","M","?","R","M"],"character_chosen":"DEFECT","items_purchased":["Glacier"],"campfire_rested":1,"item_purchase_floors":[20],"current_hp_per_floor":[43,39,39,39,39,15,6,42,42,36,36,35,35,21,21,36,62,35,35,35,18,18,18,0],"gold":299,"neow_bonus":"ONE_RARE_RELIC","is_prod":false,"is_daily":false,"chose_seed":false,"campfire_upgraded":4,"win_rate":0,"timestamp":1553535602,"path_taken":["M","M","M","?","M","E","M","R","T","E","R","M","R","M","R","BOSS","M","?","$","?","?","R","?"],"build_version":"2019-01-23","purchased_purges":1,"victory":false,"max_hp_per_floor":[71,71,71,71,71,71,71,71,71,71,71,71,71,71,71,71,71,71,71,71,71,71,71,71],"card_choices":[{"not_picked":["Go for the Eyes","Cold Snap"],"picked":"Recycle","floor":1.0},{"not_picked":["Melter","Cold Snap"],"picked":"Rebound","floor":2.0},{"not_picked":["Static Discharge","Hologram"],"picked":"Ball Lightning","floor":3.0},{"not_picked":["Steam","Cold Snap"],"picked":"Undo","floor":5.0},{"not_picked":["Go for the Eyes","Scrape","All For One"],"picked":"SKIP","floor":6.0},{"not_picked":["Go for the Eyes","Scrape","All For One"],"picked":"SKIP","floor":6.0},{"not_picked":["Sweeping Beam","Static Discharge"],"picked":"Redo","floor":7.0},{"not_picked":["FTL","Capacitor"],"picked":"Chaos","floor":10.0},{"not_picked":["Go for the Eyes","Stack"],"picked":"Defragment","floor":12.0},{"not_picked":["Scrape","Go for the Eyes"],"picked":"Defragment","floor":14.0},{"not_picked":["Buffer","All For One"],"picked":"Seek","floor":16.0},{"not_picked":["FTL","Redo"],"picked":"Leap","floor":18.0},{"not_picked":["Reprogram","Barrage"],"picked":"Glacier","floor":21.0}],"player_experience":4631537,"relics_obtained":[{"floor":6.0,"key":"Regal Pillow"},{"floor":9.0,"key":"Lantern"},{"floor":10.0,"key":"Pen Nib"}],"event_choices":[{"cards_removed":["Strike_B"],"damage_healed":0.0,"max_hp_gain":0.0,"max_hp_loss":0.0,"gold_gain":0.0,"event_name":"Living Wall","player_choice":"Forget","floor":4.0,"gold_loss":0.0,"damage_taken":0.0},{"damage_healed":0.0,"max_hp_gain":0.0,"max_hp_loss":0.0,"gold_gain":50.0,"event_name":"Golden Shrine","player_choice":"Pray","floor":19.0,"gold_loss":0.0,"damage_taken":0.0},{"damage_healed":0,"gold_gain":0,"player_choice":"Trade","damage_taken":0,"relics_obtained":["GremlinMask"],"max_hp_gain":0,"max_hp_loss":0,"event_name":"FaceTrader","floor":22,"gold_loss":0}],"is_beta":false,"boss_relics":[{"not_picked":["Eternal Feather","Velvet Choker"],"picked":"Nuclear Battery"}],"items_purged_floors":[20],"is_endless":false,"potions_floor_spawned":[2,3,5,14,18,21],"killed_by":"3 Cultists","ascension_level":20}