{"gold_per_floor":[118,118,118,138,19,19,45,58,58,58,87,87,87,106,106,181,181,196,207,222,222,233,233,22,22,47,47,63,80,99,99,99,170,170,180,180,198,210,220,220,232,232,285,185,220,1,1,1,1,1,1],"floor_reached":52,"playtime":1830,"items_purged":["Strike_G","Blade Dance"],"score":1884,"play_id":"08c3454a-343e-484a-ac46-3dacd81a75f6","local_time":"20190303171611","is_ascension_mode":true,"campfire_choices":[{"data":"Bouncing Flask","floor":6.0,"key":"SMITH"},{"data":"Catalyst","floor":13.0,"key":"SMITH"},{"data":"Deadly Poison","floor":15.0,"key":"SMITH"},{"floor":23.0,"key":"REST"},{"floor":25.0,"key":"REST"},{"data":"Blur","floor":27.0,"key":"SMITH"},{"floor":32.0,"key":"REST"},{"floor":40.0,"key":"REST"},{"floor":42.0,"key":"REST"},{"data":"Backflip","floor":47,"key":"SMITH"},{"data":"Crippling Poison","floor":49,"key":"SMITH"}],"neow_cost":"NONE","seed_source_timestamp":26214092310486,"circlet_count":0,"master_deck":["AscendersBane","Defend_G+1","Defend_G+1","Defend_G+1","Defend_G+1","Defend_G+1","Survivor","Neutralize","Bouncing Flask+1","Blur+1","Corpse Explosion","Catalyst+1","Deadly Poison+1","Adrenaline","Prepared","Crippling Poison+1","Backflip+1","Crippling Poison+1"],"special_seed":0,"relics":["Ring of the Snake","NeowsBlessing","The Specimen","Torii","Du-Vu Doll","Oddly Smooth Stone","Empty Cage","TwistedFunnel","Anchor","Velvet Choker","Art of War","Centennial Puzzle","Strange Spoon"],"potions_floor_usage":[45,50],"damage_taken":[{"damage":0.0,"enemies":"Jaw Worm","floor":1.0,"turns":1.0},{"damage":0.0,"enemies":"Small Slimes","floor":4.0,"turns":2.0},{"damage":0.0,"enemies":"Lagavulin","floor":7.0,"turns":1.0},{"damage":0.0,"enemies":"Cultist","floor":8.0,"turns":3.0},{"damage":9.0,"enemies":"3 Sentries","floor":11.0,"turns":6.0},{"damage":7.0,"enemies":"Blue Slaver","floor":14.0,"turns":3.0},{"damage":1.0,"enemies":"Hexaghost","floor":16.0,"turns":6.0},{"damage":6.0,"enemies":"3 Byrds","floor":18.0,"turns":2.0},{"damage":0.0,"enemies":"Chosen","floor":19.0,"turns":3.0},{"damage":8.0,"enemies":"Centurion and Healer","floor":20.0,"turns":3.0},{"damage":23.0,"enemies":"Sentry and Sphere","floor":22.0,"turns":4.0},{"damage":2.0,"enemies":"Shelled Parasite and Fungi","floor":28.0,"turns":4.0},{"damage":7.0,"enemies":"Snecko","floor":29.0,"turns":5.0},{"damage":0.0,"enemies":"Cultist and Chosen","floor":30.0,"turns":2.0},{"damage":56.0,"enemies":"Automaton","floor":33.0,"turns":7.0},{"damage":0.0,"enemies":"3 Shapes","floor":35.0,"turns":2.0},{"damage":0.0,"enemies":"Orb Walker","floor":37.0,"turns":3.0},{"damage":11.0,"enemies":"Maw","floor":38.0,"turns":5.0},{"damage":0.0,"enemies":"Jaw Worm Horde","floor":39.0,"turns":2.0},{"damage":13.0,"enemies":"Spire Growth","floor":41.0,"turns":4.0},{"damage":0,"enemies":"Reptomancer","floor":45,"turns":4},{"damage":19,"enemies":"Time Eater","floor":50,"turns":7},{"damage":30,"enemies":"Awakened One","floor":51,"turns":13}],"seed_played":"-8134538515490668772","potions_obtained":[{"floor":7.0,"key":"Swift Potion"},{"floor":11.0,"key":"GamblersBrew"},{"floor":18.0,"key":"SkillPotion"},{"floor":22.0,"key":"Ancient Potion"},{"floor":30.0,"key":"GhostInAJar"}],"is_trial":false,"path_per_floor":["M","?","?","M","$","R","E","M","T","?","E","?","R","M","R","B",null,"M","M","M","?","M","R","$","R","T","R","M","M","M","?","R","B",null,"M","?","M","M","M","R","M","R","T","$","E","$","R","?","R","B","B",null],"character_chosen":"THE_SILENT","items_purchased":["Blur","TwistedFunnel","Strange Spoon"],"campfire_rested":5,"item_purchase_floors":[5,24,46],"current_hp_per_floor":[59,59,52,52,52,52,52,52,52,47,38,38,38,31,31,30,57,51,51,43,37,14,33,33,52,52,52,50,43,43,43,62,6,51,51,51,51,40,40,59,46,65,65,65,65,65,65,65,65,46,16],"gold":1,"neow_bonus":"THREE_ENEMY_KILL","is_prod":false,"is_daily":false,"chose_seed":false,"campfire_upgraded":6,"win_rate":0,"timestamp":1551600971,"path_taken":["M","?","?","M","$","R","E","M","T","?","E","?","R","M","R","BOSS","M","M","?","?","M","R","$","R","T","R","M","?","M","?","R","BOSS","M","?","M","M","M","R","M","R","T","$","E","$","R","?","R","BOSS","BOSS"],"build_version":"2019-01-23","purchased_purges":2,"victory":true,"max_hp_per_floor":[66,66,66,66,66,66,66,66,66,66,66,66,66,66,66,66,66,66,66,66,66,66,66,66,66,66,66,66,66,66,66,66,66,66,66,66,66,66,66,66,66,66,66,66,66,66,66,66,66,66,66],"card_choices":[{"not_picked":["Dagger Spray","Dodge and Roll"],"picked":"Blade Dance","floor":1.0},{"not_picked":["Slice","Calculated Gamble"],"picked":"Bouncing Flask","floor":4.0},{"not_picked":["Underhanded Strike","Malaise"],"picked":"Corpse Explosion","floor":7.0},{"not_picked":["Flying Knee","Tactician"],"picked":"Catalyst","floor":8.0},{"not_picked":["Caltrops","Backstab","Eviscerate"],"picked":"SKIP","floor":11.0},{"not_picked":["Underhanded Strike","Masterful Stab"],"picked":"Deadly Poison","floor":14.0},{"not_picked":["A Thousand Cuts","Storm of Steel"],"picked":"Adrenaline","floor":16.0},{"not_picked":["Finisher","Dash"],"picked":"Prepared","floor":18.0},{"not_picked":["Cloak And Dagger","Concentrate","Dagger Throw"],"picked":"SKIP","floor":19.0},{"not_picked":["Quick Slash","Outmaneuver","Reflex"],"picked":"SKIP","floor":20.0},{"not_picked":["Calculated Gamble","Storm of Steel","Cloak And Dagger"],"picked":"SKIP","floor":22.0},{"not_picked":["Skewer","Flechettes"],"picked":"Crippling Poison","floor":28.0},{"not_picked":["Bane","Slice+1","Sucker Punch"],"picked":"SKIP","floor":29.0},{"not_picked":["Cloak And Dagger","Terror","Riddle With Holes"],"picked":"SKIP","floor":30.0},{"not_picked":["Accuracy+1","Endless Agony","Escape Plan"],"picked":"SKIP","floor":35.0},{"not_picked":["Dagger Spray+1","Cloak And Dagger","Bane"],"picked":"SKIP","floor":37.0},{"not_picked":["Flying Knee","All Out Attack+1","Acrobatics"],"picked":"SKIP","floor":38.0},{"not_picked":["Choke","Blur"],"picked":"Backflip","floor":39.0},{"not_picked":["Dagger Throw+1","Blur"],"picked":"Crippling Poison+1","floor":41.0},{"not_picked":["Finisher+1","Backstab","Predator+1"],"picked":"SKIP","floor":45}],"player_experience":711097,"relics_obtained":[{"floor":7.0,"key":"The Specimen"},{"floor":9.0,"key":"Torii"},{"floor":11.0,"key":"Oddly Smooth Stone"},{"floor":26.0,"key":"Anchor"},{"floor":43.0,"key":"Art of War"},{"floor":45,"key":"Centennial Puzzle"}],"event_choices":[{"damage_healed":0.0,"max_hp_gain":0.0,"max_hp_loss":0.0,"gold_gain":0.0,"event_name":"Liars Game","player_choice":"Ignored","floor":2.0,"gold_loss":0.0,"damage_taken":0.0},{"cards_removed":["Strike_G"],"damage_healed":0.0,"max_hp_gain":0.0,"max_hp_loss":0.0,"gold_gain":0.0,"event_name":"Golden Wing","player_choice":"Card Removal","floor":3.0,"gold_loss":0.0,"damage_taken":7.0},{"damage_healed":0.0,"max_hp_gain":0.0,"max_hp_loss":0.0,"gold_gain":0.0,"event_name":"Scrap Ooze","player_choice":"Success","floor":10.0,"gold_loss":0.0,"damage_taken":5.0,"relics_obtained":["Du-Vu Doll"]},{"cards_removed":["Strike_G"],"damage_healed":0.0,"max_hp_gain":0.0,"max_hp_loss":0.0,"gold_gain":0.0,"event_name":"Purifier","player_choice":"Purged","floor":12.0,"gold_loss":0.0,"damage_taken":0.0},{"damage_healed":0.0,"max_hp_gain":0.0,"max_hp_loss":0.0,"gold_gain":0.0,"event_name":"Knowing Skull","player_choice":"","floor":21.0,"potions_obtained":[],"gold_loss":0.0,"damage_taken":6.0,"cards_obtained":[]},{"damage_healed":0.0,"max_hp_gain":0.0,"max_hp_loss":0.0,"gold_gain":0.0,"event_name":"Back to Basics","player_choice":"Simplicity","floor":31.0,"gold_loss":0.0,"damage_taken":0.0,"cards_upgraded":["Defend_G","Defend_G","Defend_G","Defend_G","Defend_G"]},{"damage_healed":0.0,"max_hp_gain":0.0,"max_hp_loss":0.0,"gold_gain":0.0,"event_name":"Tomb of Lord Red Mask","player_choice":"Ignored","floor":36.0,"gold_loss":0.0,"damage_taken":0.0},{"damage_healed":0,"gold_gain":0,"player_choice":"Memory 1","damage_taken":0,"max_hp_gain":0,"max_hp_loss":0,"event_name":"SensoryStone","floor":48,"gold_loss":0}],"is_beta":false,"boss_relics":[{"not_picked":["Runic Pyramid","Snecko Eye"],"picked":"Empty Cage"},{"not_picked":["White Beast Statue","Pandora\u0027s Box"],"picked":"Velvet Choker"}],"items_purged_floors":[5,44],"is_endless":false,"potions_floor_spawned":[7,11,18,19,22,30,35,39,41],"ascension_level":20}