{"gold_per_floor":[113,32,44,63,81,81,101,101,101,101,132,154,166,166,166,166],"floor_reached":16,"playtime":619,"items_purged":[],"score":189,"play_id":"711594d0-12d7-4803-84cd-67933bbb49e0","local_time":"20190520074618","is_ascension_mode":true,"campfire_choices":[{"data":"Inflame","floor":6.0,"key":"SMITH"},{"floor":10,"key":"REST"},{"data":"True Grit","floor":15,"key":"SMITH"}],"neow_cost":"NONE","seed_source_timestamp":85374171239554,"circlet_count":0,"master_deck":["AscendersBane","Strike_R","Strike_R","Strike_R","Strike_R","Strike_R","Defend_R","Defend_R","Defend_R","Defend_R","Bash","Twin Strike","Inflame+1","True Grit+1","Intimidate","Flame Barrier","Twin Strike"],"special_seed":0,"relics":["Burning Blood","Smiling Mask","Self Forming Clay","Dodecahedron","Odd Mushroom"],"potions_floor_usage":[11,12,16],"damage_taken":[{"damage":11.0,"enemies":"2 Louse","floor":1.0,"turns":4.0},{"damage":12.0,"enemies":"Jaw Worm","floor":3.0,"turns":3.0},{"damage":3.0,"enemies":"Small Slimes","floor":4.0,"turns":4.0},{"damage":17.0,"enemies":"2 Fungi Beasts","floor":5.0,"turns":4.0},{"damage":16.0,"enemies":"Lots of Slimes","floor":7.0,"turns":6.0},{"damage":15,"enemies":"Gremlin Nob","floor":11,"turns":4},{"damage":21,"enemies":"The Mushroom Lair","floor":12,"turns":5},{"damage":3,"enemies":"Looter","floor":13,"turns":4},{"damage":35,"enemies":"Hexaghost","floor":16,"turns":14}],"seed_played":"-8863067003144344698","potions_obtained":[{"floor":1.0,"key":"LiquidBronze"},{"floor":7.0,"key":"Explosive Potion"},{"floor":11,"key":"AttackPotion"},{"floor":12,"key":"SteroidPotion"}],"is_trial":false,"path_per_floor":["M","$","M","M","M","R","M","?","T","R","E","?","M","?","R","B"],"character_chosen":"IRONCLAD","items_purchased":["Inflame"],"campfire_rested":1,"item_purchase_floors":[2],"current_hp_per_floor":[63,63,57,60,49,49,39,34,34,56,47,32,35,35,35,0],"gold":166,"neow_bonus":"RANDOM_COMMON_RELIC","is_prod":false,"is_daily":false,"chose_seed":false,"campfire_upgraded":2,"win_rate":0,"timestamp":1558305978,"path_taken":["M","$","M","M","M","R","M","?","T","R","E","?","M","?","R","BOSS"],"build_version":"2019-05-07","purchased_purges":0,"victory":false,"max_hp_per_floor":[75,75,75,75,75,75,75,75,75,75,75,75,75,75,75,75],"card_choices":[{"not_picked":["Clash","Burning Pact"],"picked":"Twin Strike","floor":1.0},{"not_picked":["Sever Soul","Perfected Strike"],"picked":"True Grit","floor":3.0},{"not_picked":["Dual Wield","Iron Wave","Second Wind"],"picked":"SKIP","floor":4.0},{"not_picked":["Spot Weakness","Clothesline"],"picked":"Intimidate","floor":5.0},{"not_picked":["Blood for Blood","Fire Breathing","Headbutt"],"picked":"SKIP","floor":7.0},{"not_picked":["Anger","Wild Strike"],"picked":"Flame Barrier","floor":11},{"not_picked":["Perfected Strike","Hemokinesis"],"picked":"Twin Strike","floor":12},{"not_picked":["Wild Strike","Iron Wave","Infernal Blade"],"picked":"SKIP","floor":13}],"player_experience":3290266,"relics_obtained":[{"floor":11,"key":"Dodecahedron"},{"floor":12,"key":"Odd Mushroom"}],"event_choices":[{"damage_healed":0.0,"max_hp_gain":0.0,"max_hp_loss":0.0,"gold_gain":0.0,"event_name":"Scrap Ooze","player_choice":"Success","floor":8.0,"gold_loss":0.0,"damage_taken":5.0,"relics_obtained":["Self Forming Clay"]},{"damage_healed":0,"gold_gain":0,"player_choice":"Fought Mushrooms","damage_taken":0,"max_hp_gain":0,"max_hp_loss":0,"event_name":"Mushrooms","floor":12,"gold_loss":0},{"damage_healed":0,"gold_gain":0,"player_choice":"Ignored","damage_taken":0,"max_hp_gain":0,"max_hp_loss":0,"event_name":"Liars Game","floor":14,"gold_loss":0}],"is_beta":true,"boss_relics":[],"items_purged_floors":[],"is_endless":false,"potions_floor_spawned":[1,7,11,12],"killed_by":"Hexaghost","ascension_level":17}