{"gold_per_floor":[12,28,48,65,65,65,65,76,76,105,119,138,138,153,153,153],"floor_reached":16,"playtime":823,"items_purged":[],"score":201,"play_id":"6b381477-1784-41b0-9fd6-c21e01587796","local_time":"20190523082204","is_ascension_mode":true,"campfire_choices":[{"data":"Deadly Poison","floor":6.0,"key":"SMITH"},{"data":"Footwork","floor":13.0,"key":"SMITH"},{"data":"Cloak And Dagger","floor":15.0,"key":"SMITH"}],"neow_cost":"NO_GOLD","seed_source_timestamp":346409389453662,"circlet_count":0,"master_deck":["AscendersBane","Defend_G","Defend_G","Defend_G","Defend_G","Defend_G","Strike_G","Strike_G","Strike_G","Strike_G","Strike_G","Survivor","Neutralize","Footwork+1","Deadly Poison+1","Leg Sweep","Malaise","Cloak And Dagger+1"],"special_seed":0,"relics":["Ring of the Snake","Pen Nib"],"potions_floor_usage":[16,16],"damage_taken":[{"damage":7.0,"enemies":"Small Slimes","floor":1.0,"turns":6.0},{"damage":0.0,"enemies":"2 Louse","floor":2.0,"turns":5.0},{"damage":0.0,"enemies":"Cultist","floor":3.0,"turns":5.0},{"damage":8.0,"enemies":"Looter","floor":4.0,"turns":5.0},{"damage":1.0,"enemies":"2 Fungi Beasts","floor":8.0,"turns":5.0},{"damage":26.0,"enemies":"Gremlin Nob","floor":10.0,"turns":6.0},{"damage":0.0,"enemies":"Red Slaver","floor":11.0,"turns":5.0},{"damage":5.0,"enemies":"Blue Slaver","floor":12.0,"turns":5.0},{"damage":1.0,"enemies":"Looter","floor":14.0,"turns":4.0},{"damage":48,"enemies":"Slime Boss","floor":16,"turns":10}],"seed_played":"7529717209644321019","potions_obtained":[{"floor":1.0,"key":"Swift Potion"},{"floor":3.0,"key":"Regen Potion"},{"floor":4.0,"key":"SkillPotion"},{"floor":10.0,"key":"SpeedPotion"},{"floor":12.0,"key":"Swift Potion"},{"floor":14.0,"key":"SteroidPotion"}],"is_trial":false,"path_per_floor":["M","M","M","M","?","R","$","M","T","E","M","M","R","M","R","B"],"character_chosen":"THE_SILENT","items_purchased":[],"campfire_rested":0,"item_purchase_floors":[],"current_hp_per_floor":[64,64,64,56,61,61,61,74,74,48,48,43,43,42,42,0],"gold":153,"neow_bonus":"TWENTY_PERCENT_HP_BONUS","is_prod":false,"is_daily":false,"chose_seed":false,"campfire_upgraded":3,"win_rate":0,"timestamp":1558567324,"path_taken":["M","M","M","M","?","R","$","M","T","E","M","M","R","M","R","BOSS"],"build_version":"2019-05-07","purchased_purges":0,"victory":false,"max_hp_per_floor":[78,78,78,78,83,83,83,83,83,83,83,83,83,83,83,83],"card_choices":[{"not_picked":["Slice","Deadly Poison"],"picked":"Footwork","floor":1.0},{"not_picked":["Bane","Outmaneuver","Prepared"],"picked":"SKIP","floor":2.0},{"not_picked":["Eviscerate","Sucker Punch"],"picked":"Deadly Poison","floor":3.0},{"not_picked":["Bane","Blade Dance"],"picked":"Leg Sweep","floor":4.0},{"not_picked":["Riddle With Holes","Deflect"],"picked":"Malaise","floor":8.0},{"not_picked":["Deadly Poison","PiercingWail"],"picked":"Cloak And Dagger","floor":10.0},{"not_picked":["Deflect","Slice","Outmaneuver"],"picked":"SKIP","floor":11.0},{"not_picked":["Quick Slash","Slice","Choke"],"picked":"SKIP","floor":12.0},{"not_picked":["Slice","Acrobatics","Dagger Throw"],"picked":"SKIP","floor":14.0},{"not_picked":["Slice","Acrobatics","Dagger Throw"],"picked":"SKIP","floor":14.0}],"player_experience":3313861,"relics_obtained":[{"floor":10.0,"key":"Pen Nib"}],"event_choices":[{"damage_healed":0.0,"max_hp_gain":5.0,"max_hp_loss":0.0,"gold_gain":0.0,"event_name":"Big Fish","player_choice":"Donut","floor":5.0,"gold_loss":0.0,"damage_taken":0.0}],"is_beta":true,"boss_relics":[],"items_purged_floors":[],"is_endless":false,"potions_floor_spawned":[1,3,4,10,12,14],"killed_by":"Slime Boss","ascension_level":18}