{"gold_per_floor":[416,341,341,491,258,258,290,290,358,386,386,386,400,411,411,490,490,490,168,168,168,168,168],"floor_reached":23,"playtime":1043,"items_purged":["Doubt","Defend_R"],"score":368,"play_id":"131219bf-931b-443a-ad3b-ca4da0e49ab1","local_time":"20190423191351","is_ascension_mode":true,"campfire_choices":[{"floor":6.0,"key":"REST"},{"floor":8.0,"key":"REST"},{"data":"Inflame","floor":12.0,"key":"SMITH"},{"data":"Inflame","floor":15.0,"key":"SMITH"}],"neow_cost":"PERCENT_DAMAGE","seed_source_timestamp":961677665710251,"circlet_count":0,"master_deck":["AscendersBane","Strike_R","Strike_R","Strike_R","Strike_R+1","Defend_R+1","Defend_R","Defend_R","Bash","Twin Strike","Inflame+1","Iron Wave","Sword Boomerang","Inflame+1","Whirlwind","Demon Form","Uppercut","Shrug It Off","Whirlwind"],"special_seed":0,"relics":["Burning Blood","Old Coin","Ornamental Fan","Singing Bowl","Pear","Blue Candle","Ectoplasm","Blood Vial"],"potions_floor_usage":[23],"damage_taken":[{"damage":8.0,"enemies":"Small Slimes","floor":1.0,"turns":5.0},{"damage":27.0,"enemies":"Lagavulin","floor":7.0,"turns":6.0},{"damage":26.0,"enemies":"Gremlin Nob","floor":10.0,"turns":4.0},{"damage":6.0,"enemies":"2 Louse","floor":13.0,"turns":3.0},{"damage":0.0,"enemies":"Cultist","floor":14.0,"turns":2.0},{"damage":33.0,"enemies":"Hexaghost","floor":16.0,"turns":9.0},{"damage":32.0,"enemies":"Shell Parasite","floor":18.0,"turns":4.0},{"damage":13.0,"enemies":"Chosen","floor":20.0,"turns":4.0},{"damage":7.0,"enemies":"Snecko","floor":21.0,"turns":3.0},{"damage":26.0,"enemies":"Chosen and Byrds","floor":22.0,"turns":5.0},{"damage":26,"enemies":"Gremlin Leader","floor":23,"turns":2}],"seed_played":"4179019529005863022","potions_obtained":[{"floor":10.0,"key":"AttackPotion"},{"floor":13.0,"key":"Block Potion"},{"floor":16.0,"key":"FearPotion"}],"is_trial":false,"path_per_floor":["M","?","?","?","$","R","E","R","T","E","T","R","M","M","R","B",null,"M","$","M","M","M","E"],"character_chosen":"IRONCLAD","items_purchased":["Inflame","Strength Potion","Iron Wave","Blood Vial","PowerPotion"],"campfire_rested":2,"item_purchase_floors":[5,5,5,19,19],"current_hp_per_floor":[48,48,25,25,25,47,26,48,48,38,38,38,38,44,44,17,68,42,42,37,40,22,0],"gold":168,"neow_bonus":"ONE_RARE_RELIC","is_prod":false,"is_daily":false,"chose_seed":false,"campfire_upgraded":2,"win_rate":0,"timestamp":1556014431,"path_taken":["M","?","?","?","$","R","E","R","T","E","?","R","M","M","R","BOSS","M","$","M","M","?","E"],"build_version":"2019-04-21","purchased_purges":2,"victory":false,"max_hp_per_floor":[75,75,75,75,75,75,75,75,75,85,85,85,85,85,85,85,85,85,85,85,87,87,87],"card_choices":[{"not_picked":["Sword Boomerang","Anger"],"picked":"Twin Strike","floor":1.0},{"not_picked":["Cleave","Seeing Red","Entrench"],"picked":"SKIP","floor":7.0},{"not_picked":["Corruption","Armaments"],"picked":"Sword Boomerang","floor":10.0},{"not_picked":["Twin Strike","Clash"],"picked":"Inflame","floor":13.0},{"not_picked":["Spot Weakness","Entrench"],"picked":"Whirlwind","floor":14.0},{"not_picked":["Exhume","Juggernaut"],"picked":"Demon Form","floor":16.0},{"not_picked":["Headbutt","Burning Pact"],"picked":"Uppercut","floor":18.0},{"not_picked":["Perfected Strike","Clash"],"picked":"Shrug It Off","floor":20.0},{"not_picked":["Entrench","Body Slam","Thunderclap"],"picked":"Singing Bowl","floor":21.0},{"not_picked":["Warcry","Anger"],"picked":"Whirlwind","floor":22.0}],"player_experience":3026772,"relics_obtained":[{"floor":7.0,"key":"Ornamental Fan"},{"floor":9.0,"key":"Singing Bowl"},{"floor":10.0,"key":"Pear"},{"floor":11.0,"key":"Blue Candle"}],"event_choices":[{"cards_removed":["Strike_R"],"damage_healed":0.0,"max_hp_gain":0.0,"max_hp_loss":0.0,"gold_gain":0.0,"event_name":"The Cleric","player_choice":"Card Removal","floor":2.0,"gold_loss":75.0,"damage_taken":0.0},{"damage_healed":0.0,"max_hp_gain":0.0,"max_hp_loss":0.0,"gold_gain":0.0,"event_name":"Shining Light","player_choice":"Entered Light","floor":3.0,"gold_loss":0.0,"damage_taken":23.0,"cards_upgraded":["Defend_R","Strike_R"]},{"damage_healed":0.0,"max_hp_gain":0.0,"max_hp_loss":0.0,"gold_gain":150.0,"event_name":"Liars Game","player_choice":"AGREE","floor":4.0,"gold_loss":0.0,"damage_taken":0.0,"cards_obtained":["Doubt"]}],"is_beta":true,"boss_relics":[{"not_picked":["Fusion Hammer","Black Star"],"picked":"Ectoplasm"}],"items_purged_floors":[5,19],"is_endless":false,"potions_floor_spawned":[10,13,16,20],"killed_by":"Gremlin Leader","ascension_level":17}