{"gold_per_floor":[118,118,43,43,63,102,102,102,102,145,145,168,29,52,52,181,181,205,205,205,220,243,243,277,316,316,231,105,105],"floor_reached":29,"playtime":1819,"items_purged":["Strike_B","Strike_B","Strike_B"],"score":286,"play_id":"aa9ad460-e10a-4b6c-955f-569835c2f37b","local_time":"20181229145037","is_ascension_mode":true,"campfire_choices":[{"floor":7,"key":"REST"},{"data":"Zap","floor":11,"key":"SMITH"},{"floor":15,"key":"REST"},{"floor":23,"key":"REST"}],"neow_cost":"NONE","seed_source_timestamp":580030226418296,"circlet_count":0,"master_deck":["Strike_B","Defend_B","Defend_B","Defend_B","Defend_B","Zap+1","Dualcast","Seek","Streamline","Thunder Strike","Rip and Tear","Defragment","Hologram","Sweeping Beam","Self Repair","Heatsinks","Redo+1","Seek+1","Coolheaded+1","Conserve Battery+1","Storm","Fusion+1","Tempest+1","Steam+1","Leap+1"],"relics":["Cracked Core","Golden Idol","Orichalcum","Pantograph","Matryoshka","Toxic Egg 2","Inserter","Letter Opener","Red Mask","Bag of Preparation","Blue Candle","Smiling Mask"],"potions_floor_usage":[6,16,21,21,24,25],"damage_taken":[{"damage":0,"enemies":"Small Slimes","floor":1,"turns":3},{"damage":2,"enemies":"Jaw Worm","floor":5,"turns":3},{"damage":35,"enemies":"3 Sentries","floor":6,"turns":6},{"damage":22,"enemies":"Lagavulin","floor":10,"turns":5},{"damage":0,"enemies":"Cultist","floor":12,"turns":3},{"damage":1,"enemies":"Looter","floor":14,"turns":2},{"damage":14,"enemies":"Slime Boss","floor":16,"turns":10},{"damage":6,"enemies":"Chosen","floor":18,"turns":4},{"damage":21,"enemies":"2 Thieves","floor":21,"turns":3},{"damage":29,"enemies":"Snecko","floor":22,"turns":5},{"damage":15,"enemies":"Gremlin Leader","floor":24,"turns":8},{"damage":26,"enemies":"Masked Bandits","floor":25,"turns":3},{"damage":32,"enemies":"Snake Plant","floor":29,"turns":4}],"seed_played":"-8639226467797772577","potions_obtained":[{"floor":5,"key":"PowerPotion"},{"floor":6,"key":"Explosive Potion"},{"floor":10,"key":"Poison Potion"},{"floor":12,"key":"LiquidBronze"},{"floor":18,"key":"FocusPotion"},{"floor":20,"key":"SkillPotion"},{"floor":20,"key":"Fire Potion"},{"floor":22,"key":"FearPotion"},{"floor":25,"key":"SteroidPotion"}],"is_trial":false,"path_per_floor":["M","?","$","?","M","E","R","?","T","E","R","M","$","M","R","B",null,"M","?","?","M","M","R","E","?","T","?","$","M"],"character_chosen":"DEFECT","items_purchased":["Heatsinks","Steam+1","Leap+1"],"campfire_rested":3,"item_purchase_floors":[13,28,28],"current_hp_per_floor":[75,69,69,69,67,32,52,52,52,30,30,30,30,29,49,62,69,69,69,69,55,33,53,45,26,26,26,26,0],"gold":105,"neow_bonus":"ONE_RANDOM_RARE_CARD","is_prod":false,"is_daily":false,"chose_seed":false,"campfire_upgraded":1,"win_rate":0,"timestamp":1546062637,"path_taken":["M","?","$","?","?","E","R","?","T","E","R","M","?","M","R","BOSS","M","?","?","?","?","R","E","?","T","?","$","M"],"build_version":"2018-12-20","purchased_purges":3,"victory":false,"max_hp_per_floor":[75,69,69,69,69,69,69,69,69,69,69,69,69,69,69,69,69,69,69,69,69,69,69,69,69,69,69,69,69],"card_choices":[{"not_picked":["Barrage","Cold Snap"],"picked":"Streamline","floor":1},{"not_picked":["Compile Driver","Conserve Battery"],"picked":"Defragment","floor":5},{"not_picked":["Static Discharge","Compile Driver"],"picked":"Hologram","floor":6},{"not_picked":["Streamline","Leap"],"picked":"Sweeping Beam","floor":10},{"not_picked":["Steam Power+1","Chaos+1"],"picked":"Self Repair","floor":12},{"not_picked":["Loop","Rebound"],"picked":"Redo+1","floor":14},{"not_picked":["All For One","Core Surge"],"picked":"Seek+1","floor":16},{"not_picked":["Streamline","Leap+1"],"picked":"Coolheaded+1","floor":18},{"not_picked":["Go for the Eyes","Compile Driver"],"picked":"Conserve Battery+1","floor":21},{"not_picked":["Rip and Tear","Cold Snap"],"picked":"Storm","floor":22},{"not_picked":["Beam Cell","Storm"],"picked":"Fusion+1","floor":24},{"not_picked":["Leap+1","Turbo+1"],"picked":"Tempest+1","floor":25}],"player_experience":235173,"relics_obtained":[{"floor":6,"key":"Orichalcum"},{"floor":9,"key":"Matryoshka"},{"floor":10,"key":"Toxic Egg 2"},{"floor":24,"key":"Letter Opener"},{"floor":25,"key":"Red Mask"},{"floor":26,"key":"Bag of Preparation"},{"floor":26,"key":"Blue Candle"}],"event_choices":[{"damage_healed":0,"gold_gain":0,"player_choice":"Lose Max HP","damage_taken":0,"relics_obtained":["Golden Idol"],"max_hp_gain":0,"max_hp_loss":6,"event_name":"Golden Idol","floor":2,"gold_loss":0},{"damage_healed":0,"gold_gain":0,"player_choice":"2 cards matched","damage_taken":0,"max_hp_gain":0,"max_hp_loss":0,"event_name":"Match and Keep!","floor":4,"gold_loss":0,"cards_obtained":["Thunder Strike","Rip and Tear"]},{"damage_healed":0,"gold_gain":0,"player_choice":"Gave Potion","damage_taken":0,"relics_obtained":["Pantograph"],"max_hp_gain":0,"max_hp_loss":0,"event_name":"WeMeetAgain","floor":8,"gold_loss":0},{"damage_healed":0,"gold_gain":0,"player_choice":"Ignored","damage_taken":0,"max_hp_gain":0,"max_hp_loss":0,"event_name":"Vampires","floor":19,"gold_loss":0},{"damage_healed":0,"gold_gain":0,"player_choice":"Got Potions","damage_taken":0,"max_hp_gain":0,"max_hp_loss":0,"event_name":"Lab","floor":20,"gold_loss":0},{"damage_healed":0,"gold_gain":0,"player_choice":"Fought Bandits","damage_taken":0,"max_hp_gain":0,"max_hp_loss":0,"event_name":"Masked Bandits","floor":25,"gold_loss":0},{"damage_healed":0,"gold_gain":0,"player_choice":"Obtained Relic","damage_taken":0,"relics_obtained":["Smiling Mask"],"max_hp_gain":0,"max_hp_loss":0,"event_name":"Addict","floor":27,"gold_loss":85}],"is_beta":false,"boss_relics":[{"not_picked":["Fusion Hammer","Runic Dome"],"picked":"Inserter"}],"items_purged_floors":[3,13,28],"is_endless":false,"potions_floor_spawned":[5,6,10,12,18,22,25],"killed_by":"Snake Plant","ascension_level":3}