{"gold_per_floor":[118,193,118,118,135,167,167,167,167,167,181,181,197,210,210,210],"floor_reached":16,"playtime":412,"items_purged":["Strike_B"],"score":250,"play_id":"8cf61f19-b12d-467c-83e7-769846a68cc8","local_time":"20190317154706","is_ascension_mode":true,"campfire_choices":[{"floor":10,"key":"REST"},{"data":"Zap","floor":12,"key":"SMITH"},{"data":"Dualcast","floor":15,"key":"SMITH"}],"neow_cost":"NONE","seed_source_timestamp":245228841036558,"circlet_count":0,"master_deck":["AscendersBane","Strike_B","Strike_B","Strike_B","Defend_B","Defend_B","Defend_B","Defend_B","Zap+1","Dualcast+1","Gash","Coolheaded","Conserve Battery","Sweeping Beam","Blizzard","Ball Lightning"],"special_seed":0,"relics":["Cracked Core","NeowsBlessing","Question Card","Cables","Golden Idol","Ancient Tea Set"],"potions_floor_usage":[16],"damage_taken":[{"damage":0.0,"enemies":"Cultist","floor":1.0,"turns":1.0},{"damage":0,"enemies":"Jaw Worm","floor":5,"turns":1},{"damage":0,"enemies":"Gremlin Nob","floor":6,"turns":1},{"damage":0,"enemies":"2 Louse","floor":11,"turns":2},{"damage":0,"enemies":"2 Fungi Beasts","floor":13,"turns":3},{"damage":8,"enemies":"Blue Slaver","floor":14,"turns":3},{"damage":31,"enemies":"Hexaghost","floor":16,"turns":9}],"seed_played":"-1230673160472530705","potions_obtained":[{"floor":5,"key":"EssenceOfSteel"},{"floor":11,"key":"Ancient Potion"},{"floor":13,"key":"SkillPotion"}],"is_trial":false,"path_per_floor":["M","?","$","?","M","E","?","?","T","R","M","R","M","M","R","B"],"character_chosen":"DEFECT","items_purchased":[],"campfire_rested":1,"item_purchase_floors":[],"current_hp_per_floor":[64,53,53,42,42,42,18,18,18,39,39,39,39,31,31,0],"gold":210,"neow_bonus":"THREE_ENEMY_KILL","is_prod":false,"is_daily":false,"chose_seed":false,"campfire_upgraded":2,"win_rate":0,"timestamp":1552805226,"path_taken":["M","?","$","?","M","E","?","?","T","R","M","R","?","M","R","BOSS"],"build_version":"2019-01-23","purchased_purges":1,"victory":false,"max_hp_per_floor":[71,71,71,71,71,71,71,71,71,71,71,71,71,71,71,71],"card_choices":[{"not_picked":["Barrage","Beam Cell"],"picked":"Gash","floor":1.0},{"not_picked":["Fusion","Darkness","Stack"],"picked":"Coolheaded","floor":5},{"not_picked":["Aggregate","Fusion","Compile Driver"],"picked":"Conserve Battery","floor":6},{"not_picked":["Scrape","Cold Snap","Heatsinks"],"picked":"Sweeping Beam","floor":11},{"not_picked":["Steam","Heatsinks","Turbo"],"picked":"Blizzard","floor":13},{"not_picked":["Compile Driver","Hyperbeam","Loop"],"picked":"Ball Lightning","floor":14}],"player_experience":752175,"relics_obtained":[{"floor":6,"key":"Cables"},{"floor":9,"key":"Ancient Tea Set"}],"event_choices":[{"damage_healed":0.0,"max_hp_gain":0.0,"max_hp_loss":0.0,"gold_gain":75.0,"event_name":"World of Goop","player_choice":"Gather Gold","floor":2.0,"gold_loss":0.0,"damage_taken":11.0},{"damage_healed":0,"gold_gain":0,"player_choice":"Success","damage_taken":11,"relics_obtained":["Question Card"],"max_hp_gain":0,"max_hp_loss":0,"event_name":"Scrap Ooze","floor":4,"gold_loss":0},{"damage_healed":0,"gold_gain":0,"player_choice":"Take Damage","damage_taken":24,"relics_obtained":["Golden Idol"],"max_hp_gain":0,"max_hp_loss":0,"event_name":"Golden Idol","floor":7,"gold_loss":0},{"damage_healed":0,"gold_gain":0,"player_choice":"Ignored","damage_taken":0,"max_hp_gain":0,"max_hp_loss":0,"event_name":"Liars Game","floor":8,"gold_loss":0}],"is_beta":false,"boss_relics":[],"items_purged_floors":[3],"is_endless":false,"potions_floor_spawned":[5,11,13],"killed_by":"Hexaghost","ascension_level":20}