{"gold_per_floor":[112,127,142,152,302,302,333,333,333,345,4,20,20,35,35,106,106,118,26,40,60,71,71,103,103,103,135,135,135,25,43,43,116,116,132,48,59,77,77,104,104,104,152,152,152,165,184,196,196,196,196,196,196,25,54,54],"floor_reached":57,"playtime":1698,"items_purged":["Doubt","Pain","Strike_B","Strike_B"],"score":2852,"play_id":"cec1a1e8-90c1-4dad-bea0-ff3816261b45","local_time":"20190512020551","is_ascension_mode":true,"campfire_choices":[{"floor":6.0,"key":"REST"},{"data":"Fission","floor":8.0,"key":"SMITH"},{"floor":15.0,"key":"REST"},{"data":"Capacitor","floor":23.0,"key":"SMITH"},{"data":"Self Repair","floor":25.0,"key":"SMITH"},{"data":"Echo Form","floor":28.0,"key":"SMITH"},{"data":"Hologram","floor":32.0,"key":"SMITH"},{"floor":41,"key":"REST"},{"floor":42,"key":"REST"},{"floor":45,"key":"RECALL"},{"data":"Defragment","floor":49,"key":"SMITH"},{"data":"Seek","floor":53,"key":"SMITH"}],"neow_cost":"","seed_source_timestamp":543524938329000,"circlet_count":0,"master_deck":["Juggernaut","Juggernaut","Juggernaut","Juggernaut","Juggernaut","Dualcast","Zap","Defend_B","Defend_B","Defend_B","Defend_B","Strike_B","Strike_B","Conserve Battery","Glacier","Steam","Hologram+1","Fission+1","Self Repair+1","Core Surge","Capacitor+1","Conserve Battery+1","BootSequence","Chaos+1","Echo Form+1","Echo Form+1","Fusion+1","Seek+1","Defragment+1","Coolheaded","Glacier","Go for the Eyes+1","Seek","Compile Driver+1","Master of Strategy"],"special_seed":0,"relics":["FrozenCore","Matryoshka","Vajra","WingedGreaves","Membership Card","Happy Flower","WarpedTongs","Nuclear Battery","Darkstone Periapt","Bottled Flame","Pantograph","StoneCalendar","Runic Capacitor","Omamori","Molten Egg 2","Bronze Scales"],"potions_floor_usage":[40,40,56,56],"damage_taken":[{"damage":12.0,"enemies":"Cultist","floor":1.0,"turns":4.0},{"damage":0.0,"enemies":"2 Louse","floor":2.0,"turns":2.0},{"damage":12.0,"enemies":"Jaw Worm","floor":3.0,"turns":3.0},{"damage":13.0,"enemies":"Gremlin Gang","floor":4.0,"turns":3.0},{"damage":4.0,"enemies":"Lagavulin","floor":7.0,"turns":5.0},{"damage":14.0,"enemies":"3 Louse","floor":10.0,"turns":3.0},{"damage":18.0,"enemies":"Exordium Wildlife","floor":12.0,"turns":4.0},{"damage":9.0,"enemies":"Gremlin Gang","floor":14.0,"turns":3.0},{"damage":2.0,"enemies":"Slime Boss","floor":16.0,"turns":3.0},{"damage":5.0,"enemies":"Shell Parasite","floor":18.0,"turns":5.0},{"damage":0.0,"enemies":"Spheric Guardian","floor":20.0,"turns":3.0},{"damage":4.0,"enemies":"Snecko","floor":21.0,"turns":5.0},{"damage":12.0,"enemies":"Centurion and Healer","floor":22.0,"turns":4.0},{"damage":5.0,"enemies":"Book of Stabbing","floor":24.0,"turns":3.0},{"damage":27.0,"enemies":"Slavers","floor":27.0,"turns":5.0},{"damage":18.0,"enemies":"Shelled Parasite and Fungi","floor":31.0,"turns":4.0},{"damage":0.0,"enemies":"Champ","floor":33.0,"turns":6.0},{"damage":0.0,"enemies":"3 Shapes","floor":35.0,"turns":4.0},{"damage":36.0,"enemies":"3 Darklings","floor":37.0,"turns":5.0},{"damage":16.0,"enemies":"Maw","floor":38.0,"turns":5.0},{"damage":57,"enemies":"Reptomancer","floor":40,"turns":6},{"damage":0,"enemies":"Sphere and 2 Shapes","floor":46,"turns":4},{"damage":3,"enemies":"Jaw Worm Horde","floor":47,"turns":5},{"damage":0,"enemies":"Spire Growth","floor":48,"turns":3},{"damage":32,"enemies":"Awakened One","floor":50,"turns":9},{"damage":9,"enemies":"Donu and Deca","floor":51,"turns":7},{"damage":31,"enemies":"Shield and Spear","floor":55,"turns":5},{"damage":53,"enemies":"The Heart","floor":56,"turns":7}],"seed_played":"-791419378561110780","potions_obtained":[{"floor":2.0,"key":"Explosive Potion"},{"floor":14.0,"key":"Strength Potion"},{"floor":16.0,"key":"Weak Potion"},{"floor":21.0,"key":"SteroidPotion"},{"floor":22.0,"key":"PowerPotion"},{"floor":37.0,"key":"Dexterity Potion"},{"floor":46,"key":"Regen Potion"},{"floor":48,"key":"PowerPotion"}],"is_trial":true,"path_per_floor":["M","M","M","M","?","R","E","R","T","M","$","M","?","M","R","B",null,"M","$","M","M","M","R","E","R","T","E","R","?","$","M","R","B",null,"M","$","M","M","?","E","R","R","T","T","R","M","M","M","R","B","B",null,"R","$","E","B",null],"character_chosen":"DEFECT","items_purchased":["Membership Card","Happy Flower","Capacitor","Runic Capacitor","Defragment","Master of Strategy"],"campfire_rested":4,"item_purchase_floors":[11,11,19,30,36,54],"current_hp_per_floor":[52,52,40,27,27,48,44,44,44,30,30,12,12,3,24,22,59,64,64,64,67,65,65,67,67,67,50,50,50,50,52,52,71,71,71,71,55,59,59,12,33,54,54,54,54,64,71,71,71,39,71,71,71,71,60,40],"gold":54,"neow_bonus":"","is_prod":false,"is_daily":false,"chose_seed":false,"campfire_upgraded":7,"win_rate":0,"timestamp":1557594351,"path_taken":["M","?","M","M","?","R","E","R","T","M","$","M","?","?","R","BOSS","M","?","M","?","M","R","E","R","T","E","R","?","$","M","R","BOSS","M","$","?","M","?","E","R","R","T","?","R","?","M","M","R","BOSS","BOSS","R","$","E","BOSS"],"build_version":"2019-01-23","purchased_purges":4,"victory":true,"max_hp_per_floor":[71,71,71,71,71,71,71,71,71,71,71,71,71,71,71,71,71,71,71,71,71,71,71,71,71,71,71,71,71,71,71,71,71,71,71,71,71,71,71,71,71,71,71,71,71,71,71,71,71,71,71,71,71,71,71,71],"card_choices":[{"not_picked":["Turbo","White Noise"],"picked":"Conserve Battery","floor":1.0},{"not_picked":["Redo","Coolheaded"],"picked":"Glacier","floor":2.0},{"not_picked":["Ball Lightning","Go for the Eyes"],"picked":"Steam","floor":3.0},{"not_picked":["Gash","Streamline"],"picked":"Hologram","floor":4.0},{"not_picked":["Go for the Eyes","Recycle"],"picked":"Fission","floor":7.0},{"not_picked":["Genetic Algorithm","Redo","Hello World"],"picked":"SKIP","floor":10.0},{"not_picked":["Barrage","Rebound","Blizzard"],"picked":"SKIP","floor":12.0},{"not_picked":["Turbo","Lockon"],"picked":"Self Repair","floor":14.0},{"not_picked":["Meteor Strike","Biased Cognition"],"picked":"Core Surge","floor":16.0},{"not_picked":["Sweeping Beam+1","Barrage","Static Discharge"],"picked":"SKIP","floor":18.0},{"not_picked":["Doom and Gloom","Auto Shields"],"picked":"Conserve Battery+1","floor":20.0},{"not_picked":["Rip and Tear","Streamline","Reprogram"],"picked":"SKIP","floor":21.0},{"not_picked":["Heatsinks","Barrage"],"picked":"BootSequence","floor":22.0},{"not_picked":["Steam","Steam Power"],"picked":"Chaos+1","floor":24.0},{"not_picked":["Stack","BootSequence"],"picked":"Echo Form","floor":27.0},{"not_picked":["Conserve Battery","Steam"],"picked":"Fusion+1","floor":31.0},{"not_picked":["Thunder Strike","All For One"],"picked":"Seek","floor":33.0},{"not_picked":["Fusion","Beam Cell","Genetic Algorithm"],"picked":"SKIP","floor":35.0},{"not_picked":["Scrape","Static Discharge","Barrage+1"],"picked":"SKIP","floor":37.0},{"not_picked":["Sweeping Beam+1","Barrage"],"picked":"Coolheaded","floor":38.0},{"not_picked":["Heatsinks","Compile Driver+1"],"picked":"Glacier","floor":40},{"not_picked":["Darkness","Turbo"],"picked":"Go for the Eyes+1","floor":46},{"not_picked":["Rebound+1","Chaos"],"picked":"Seek","floor":47},{"not_picked":["Auto Shields+1","Chaos"],"picked":"Compile Driver+1","floor":48},{"not_picked":["Melter+1","Hologram","Sweeping Beam+1"],"picked":"SKIP","floor":55}],"player_experience":4991348,"relics_obtained":[{"floor":7.0,"key":"Matryoshka"},{"floor":9.0,"key":"Vajra"},{"floor":9.0,"key":"WingedGreaves"},{"floor":24.0,"key":"Darkstone Periapt"},{"floor":26.0,"key":"Bottled Flame"},{"floor":26.0,"key":"Pantograph"},{"floor":27.0,"key":"StoneCalendar"},{"floor":40,"key":"Omamori"},{"floor":44,"key":"Molten Egg 2"},{"floor":55,"key":"Bronze Scales"}],"event_choices":[{"damage_healed":0.0,"max_hp_gain":0.0,"max_hp_loss":0.0,"gold_gain":150.0,"event_name":"Liars Game","player_choice":"AGREE","floor":5.0,"gold_loss":0.0,"damage_taken":0.0,"cards_obtained":["Doubt"]},{"damage_healed":0.0,"max_hp_gain":0.0,"max_hp_loss":0.0,"gold_gain":0.0,"event_name":"Accursed Blacksmith","player_choice":"Rummage","floor":13.0,"gold_loss":0.0,"damage_taken":0.0,"relics_obtained":["WarpedTongs"],"cards_obtained":["Pain"]},{"damage_healed":0.0,"max_hp_gain":0.0,"max_hp_loss":0.0,"gold_gain":0.0,"event_name":"Duplicator","player_choice":"Copied","floor":29.0,"gold_loss":0.0,"damage_taken":0.0,"cards_obtained":["Echo Form"]},{"damage_healed":0.0,"max_hp_gain":0.0,"max_hp_loss":0.0,"gold_gain":0.0,"event_name":"SensoryStone","player_choice":"Memory 1","floor":39.0,"gold_loss":0.0,"damage_taken":0.0}],"is_beta":false,"boss_relics":[{"not_picked":["Sozu","Inserter"],"picked":"Nuclear Battery"},{"not_picked":["Pandora\u0027s Box","Eternal Feather"],"picked":"FrozenCore"}],"items_purged_floors":[11,19,36,54],"is_endless":false,"potions_floor_spawned":[2,14,16,21,22,27,37,38,46,48],"ascension_level":20}