{"gold_per_floor":[115,126,141,152,152,152,112,131,170,170,135,33,33,45,45,149,149,160,176,176,193,193,193,227,242,324,324,343,343,343,362,362,362],"floor_reached":33,"playtime":1719,"items_purged":[],"score":259,"play_id":"55f6063b-740f-4e97-b466-ca2fcd105391","local_time":"20190107125427","is_ascension_mode":false,"campfire_choices":[{"floor":6.0,"key":"REST"},{"floor":10.0,"key":"REST"},{"floor":15.0,"key":"REST"},{"data":"ReplayTheSpireMod:Faulty Equipment","floor":23,"key":"SMITH"},{"floor":27,"key":"REST"},{"floor":32,"key":"REST"}],"neow_cost":"NONE","seed_source_timestamp":493925997698641,"circlet_count":0,"master_deck":["Strike_R+1","Strike_R+1","Strike_R+1","Strike_R+1","Strike_R+1","Defend_R+1","Defend_R+1","Defend_R+1","Defend_R+1","Bash","Body Slam","Sword Boomerang","ReplayTheSpireMod:Corrosion Curse","strawberrySpire:FortFortyFour","Headbutt","Pommel Strike","Flex","Power Through","Wound","strawberrySpire:CrashLanding","Double Tap+1","Shockwave+1","Whirlwind+1","Cleave","Armaments+1","Anger+1","Uppercut","ReplayTheSpireMod:Corrosion Curse+1"],"special_seed":0,"relics":["Burning Blood","conspire:DeflatedDodgeball","NeowsBlessing","halation:PrussianBluePaint","Toxic Egg 2","hubris:ScarierMask","halation:EternalFortune","Durian","Golden Egg","hubris:EvacipatedBox"],"potions_floor_usage":[28,33,33,33],"damage_taken":[{"damage":0.0,"enemies":"Cultist","floor":1.0,"turns":1.0},{"damage":2.0,"enemies":"conspire:RoseBush","floor":2.0,"turns":1.0},{"damage":0.0,"enemies":"2 Louse","floor":3.0,"turns":1.0},{"damage":48.0,"enemies":"Exordium Thugs","floor":4.0,"turns":7.0},{"damage":21.0,"enemies":"2 Fungi Beasts","floor":8.0,"turns":5.0},{"damage":16.0,"enemies":"3 Louse","floor":9.0,"turns":10.0},{"damage":8.0,"enemies":"3 Louse","floor":14.0,"turns":4.0},{"damage":14.0,"enemies":"Slime Boss","floor":16.0,"turns":8.0},{"damage":8.0,"enemies":"3 Byrds","floor":18.0,"turns":5.0},{"damage":0.0,"enemies":"2 Thieves","floor":19.0,"turns":3.0},{"damage":14.0,"enemies":"Snecko","floor":21.0,"turns":3.0},{"damage":45,"enemies":"Replay:Snechameleon","floor":24,"turns":11},{"damage":0,"enemies":"Sentry and Sphere","floor":25,"turns":2},{"damage":8,"enemies":"Chosen and Byrds","floor":28,"turns":3},{"damage":35,"enemies":"conspire:HollyBat","floor":31,"turns":8},{"damage":80,"enemies":"Automaton","floor":33,"turns":8}],"seed_played":"2368766791429878594","potions_obtained":[{"floor":7.0,"key":"Block Potion"},{"floor":7.0,"key":"PowerPotion"},{"floor":7.0,"key":"SteroidPotion"},{"floor":8.0,"key":"Block Potion"},{"floor":14.0,"key":"conspire:EchoDraught"},{"floor":16.0,"key":"Strength Potion"},{"floor":24,"key":"Toxic Potion"},{"floor":28,"key":"Strength Potion"},{"floor":31,"key":"Slimebound:SlimedPotion"}],"is_trial":false,"path_per_floor":["M","M","M","M","$","R","?","M","MIM","R","?","$","?","M","R","B",null,"M","M","?","M","?","R","E","M","T","R","M","?","?","M","R","B"],"character_chosen":"IRONCLAD","items_purchased":["hubris:EvacipatedBox","Flex","Power Through"],"campfire_rested":5,"item_purchase_floors":[5,12,12],"current_hp_per_floor":[80,80,80,38,8,32,32,17,7,31,51,51,51,49,73,65,80,78,80,83,75,80,80,41,47,47,73,74,74,74,45,72,0],"gold":362,"neow_bonus":"THREE_ENEMY_KILL","is_prod":false,"is_daily":false,"chose_seed":false,"campfire_upgraded":1,"win_rate":0,"timestamp":1546887267,"path_taken":["M","M","M","?","?","R","?","M","MIM","R","?","$","?","M","R","BOSS","M","M","?","?","?","R","E","M","T","R","M","?","?","M","R","BOSS"],"build_version":"2019-01-03v4","purchased_purges":0,"victory":false,"max_hp_per_floor":[80,80,80,80,80,80,80,80,80,80,80,80,80,80,80,80,80,80,80,83,83,88,88,88,88,88,88,91,91,91,91,91,91],"card_choices":[{"not_picked":["Pommel Strike","strawberrySpire:Spite"],"picked":"Body Slam","floor":1.0},{"not_picked":["Ghostly Armor","Havoc"],"picked":"Sword Boomerang","floor":2.0},{"not_picked":["hubris:SharpeningStone","Warcry"],"picked":"ReplayTheSpireMod:Corrosion Curse","floor":3.0},{"not_picked":["Body Slam","Run Through"],"picked":"strawberrySpire:FortFortyFour","floor":4.0},{"not_picked":["Pommel Strike","strawberrySpire:FireDrill"],"picked":"Headbutt","floor":8.0},{"not_picked":["Burning Pact","strawberrySpire:Overwork"],"picked":"Pommel Strike","floor":9.0},{"not_picked":["Heavy Blade","strawberrySpire:DraftPunk+1"],"picked":"strawberrySpire:CrashLanding","floor":14.0},{"not_picked":["Immolate","strawberrySpire:Hellbender"],"picked":"Double Tap+1","floor":16.0},{"not_picked":["Anger+1","strawberrySpire:ZonePlayer"],"picked":"Shockwave+1","floor":18.0},{"not_picked":["strawberrySpire:Spite","Blood for Blood"],"picked":"Whirlwind+1","floor":19.0},{"not_picked":["ReplayTheSpireMod:Strike From Hell","Body Slam"],"picked":"Cleave","floor":21.0},{"not_picked":["Cleave","Sword Boomerang"],"picked":"Armaments+1","floor":24},{"not_picked":["strawberrySpire:Hellbender","strawberrySpire:ZonePlayer"],"picked":"Anger+1","floor":25},{"not_picked":["Clash","Anger+1"],"picked":"Uppercut","floor":28},{"not_picked":["Seeing Red+1","Searing Blow"],"picked":"ReplayTheSpireMod:Corrosion Curse+1","floor":31}],"player_experience":435887,"relics_obtained":[{"floor":9.0,"key":"halation:PrussianBluePaint"},{"floor":24,"key":"Golden Egg"},{"floor":26,"key":"conspire:DeflatedDodgeball"},{"floor":28,"key":"halation:EternalFortune"}],"event_choices":[{"damage_healed":0.0,"max_hp_gain":0.0,"max_hp_loss":0.0,"gold_gain":0.0,"event_name":"The Woman in Blue","player_choice":"Bought 3 Potions","floor":7.0,"gold_loss":0.0,"damage_taken":0.0},{"damage_healed":20.0,"max_hp_gain":0.0,"max_hp_loss":0.0,"gold_gain":0.0,"event_name":"The Cleric","player_choice":"Healed","floor":11.0,"gold_loss":35.0,"damage_taken":0.0},{"damage_healed":0,"gold_gain":0,"player_choice":"Simplicity","damage_taken":0,"max_hp_gain":0,"max_hp_loss":0,"event_name":"Back to Basics","floor":29,"gold_loss":0,"cards_upgraded":["Strike_R","Strike_R","Strike_R","Strike_R","Strike_R","Defend_R","Defend_R","Defend_R"]},{"damage_healed":0,"gold_gain":0,"player_choice":"Ignored","damage_taken":0,"max_hp_gain":0,"max_hp_loss":0,"event_name":"Ghosts","floor":30,"gold_loss":0}],"is_beta":false,"boss_relics":[{"not_picked":["halation:CatFaceCupcake","Eternal Feather","conspire:RoyalGoblet"],"picked":"hubris:ScarierMask"}],"items_purged_floors":[],"is_endless":false,"potions_floor_spawned":[8,14,16,24,28,31],"killed_by":"Automaton","ascension_level":0}