{"gold_per_floor":[119,119,84,103,116,116,151,167,190,207,11,38,68,92,104,190,202,224,255,267,279,291,303,328,340,378,406,418],"floor_reached":28,"playtime":1213,"items_purged":["Normality"],"score":406,"play_id":"eaa1cceb-3d30-4484-856f-85e43e05b0ab","local_time":"20181220141002","is_ascension_mode":true,"campfire_choices":[{"data":"Leg Sweep","floor":6,"key":"SMITH"},{"floor":15,"key":"REST"},{"floor":23,"key":"REST"},{"floor":25,"key":"REST"}],"neow_cost":"NONE","seed_source_timestamp":14269044361470,"circlet_count":0,"master_deck":["AscendersBane","Defend_G","Defend_G","Defend_G+1","Defend_G","Defend_G","Strike_G+1","Strike_G","Strike_G","Survivor","Neutralize","Cloak And Dagger","Leg Sweep+1","Heel Hook","Backstab","Noxious Fumes","Footwork","Escape Plan","Bane","Endless Agony","Die Die Die","Noxious Fumes","PiercingWail","Terror","Blade Dance","Regret","Doubt","Blur+1"],"relics":["Cursed Key","Boot","MawBank","Sozu","Toxic Egg 2","Pen Nib"],"potions_floor_usage":[7,7,12,16,16],"damage_taken":[{"damage":5,"enemies":"Cultist","floor":1,"turns":6},{"damage":0,"enemies":"Small Slimes","floor":4,"turns":4},{"damage":0,"enemies":"Jaw Worm","floor":5,"turns":5},{"damage":12,"enemies":"Gremlin Nob","floor":7,"turns":4},{"damage":1,"enemies":"Large Slime","floor":8,"turns":8},{"damage":1,"enemies":"Blue Slaver","floor":10,"turns":3},{"damage":4,"enemies":"3 Sentries","floor":12,"turns":6},{"damage":7,"enemies":"Exordium Thugs","floor":13,"turns":6},{"damage":0,"enemies":"3 Louse","floor":14,"turns":3},{"damage":31,"enemies":"Slime Boss","floor":16,"turns":12},{"damage":22,"enemies":"Spheric Guardian","floor":18,"turns":5},{"damage":3,"enemies":"Chosen","floor":19,"turns":5},{"damage":15,"enemies":"Shelled Parasite and Fungi","floor":24,"turns":6},{"damage":37,"enemies":"Snecko","floor":27,"turns":9},{"damage":18,"enemies":"Snake Plant","floor":28,"turns":2}],"seed_played":"-192235735669397135","potions_obtained":[{"floor":4,"key":"SteroidPotion"},{"floor":5,"key":"FearPotion"},{"floor":8,"key":"Explosive Potion"},{"floor":13,"key":"Block Potion"}],"is_trial":false,"path_per_floor":["M","?","?","M","M","R","E","M","T","M","$","E","M","M","R","B",null,"M","M","?","?","T","R","M","R","T","M","M"],"character_chosen":"THE_SILENT","items_purchased":["Footwork","PowerPotion"],"campfire_rested":3,"item_purchase_floors":[11,11],"current_hp_per_floor":[54,34,50,50,50,50,38,37,37,36,36,32,25,25,44,13,53,31,28,28,28,28,47,32,51,51,14,0],"gold":418,"neow_bonus":"BOSS_RELIC","is_prod":false,"is_daily":false,"chose_seed":false,"campfire_upgraded":1,"win_rate":0,"timestamp":1545282602,"path_taken":["M","?","?","M","M","R","E","M","T","M","$","E","M","M","R","BOSS","M","M","?","?","?","R","M","R","T","?","M"],"build_version":"2018-12-17","purchased_purges":1,"victory":false,"max_hp_per_floor":[66,66,66,66,66,66,66,66,66,66,66,66,66,66,66,66,66,66,66,66,66,66,66,66,66,66,66,66],"card_choices":[{"not_picked":["Quick Slash","Underhanded Strike"],"picked":"Cloak And Dagger","floor":1},{"not_picked":["Cloak And Dagger","PiercingWail"],"picked":"Leg Sweep","floor":4},{"not_picked":["Acrobatics","Underhanded Strike"],"picked":"Heel Hook","floor":5},{"not_picked":["Dagger Throw","Quick Slash"],"picked":"Backstab","floor":7},{"not_picked":["Choke","Outmaneuver","Quick Slash"],"picked":"SKIP","floor":8},{"not_picked":["Cloak And Dagger","Sucker Punch"],"picked":"Noxious Fumes","floor":10},{"not_picked":["Underhanded Strike","All Out Attack"],"picked":"Escape Plan","floor":12},{"not_picked":["Distraction","Endless Agony"],"picked":"Bane","floor":13},{"not_picked":["Endless Agony","Reflex","Quick Slash"],"picked":"SKIP","floor":14},{"not_picked":["Reflex","Quick Slash"],"picked":"Endless Agony","floor":14},{"not_picked":["Glass Knife","Unload"],"picked":"Die Die Die","floor":16},{"not_picked":["Tactician","Deadly Poison"],"picked":"Noxious Fumes","floor":18},{"not_picked":["Dagger Spray","Outmaneuver"],"picked":"PiercingWail","floor":19},{"not_picked":["Underhanded Strike","Concentrate+1","Poisoned Stab"],"picked":"SKIP","floor":24},{"not_picked":["Noxious Fumes","Underhanded Strike"],"picked":"Blur+1","floor":27}],"player_experience":2572113,"relics_obtained":[{"floor":7,"key":"Boot"},{"floor":12,"key":"MawBank"},{"floor":22,"key":"Toxic Egg 2"},{"floor":26,"key":"Pen Nib"}],"event_choices":[{"damage_healed":0,"gold_gain":0,"player_choice":"Entered Light","damage_taken":20,"max_hp_gain":0,"max_hp_loss":0,"event_name":"Shining Light","floor":2,"gold_loss":0,"cards_upgraded":["Defend_G","Strike_G"]},{"damage_healed":16,"gold_gain":0,"player_choice":"Healed","damage_taken":0,"max_hp_gain":0,"max_hp_loss":0,"event_name":"The Cleric","floor":3,"gold_loss":35},{"damage_healed":0,"gold_gain":0,"cards_transformed":["Strike_G","Strike_G"],"player_choice":"Became Test Subject","damage_taken":0,"max_hp_gain":0,"max_hp_loss":0,"event_name":"Drug Dealer","floor":20,"gold_loss":0,"cards_obtained":["Terror","Blade Dance"]},{"damage_healed":0,"gold_gain":0,"player_choice":"Ignored","damage_taken":0,"max_hp_gain":0,"max_hp_loss":0,"event_name":"The Mausoleum","floor":21,"gold_loss":0}],"is_beta":true,"boss_relics":[{"not_picked":["White Beast Statue","Eternal Feather"],"picked":"Sozu"}],"items_purged_floors":[11],"is_endless":false,"potions_floor_spawned":[4,5,8,13,24],"killed_by":"Snake Plant","ascension_level":15}