{"gold_per_floor":[114,34,34,47,25,58,58,84,110,222,253,265],"floor_reached":12,"playtime":511,"items_purged":[],"score":125,"play_id":"901840b8-55b0-448a-a658-bfa4d9d86b36","local_time":"20190602224135","is_ascension_mode":true,"campfire_choices":[{"floor":7,"key":"REST"}],"neow_cost":"CURSE","seed_source_timestamp":184293187920533,"circlet_count":0,"master_deck":["Strike_R","Strike_R","Strike_R","Strike_R","Strike_R","Defend_R","Defend_R","Defend_R","Defend_R","Bash","Doubt","Berserk","Body Slam","Corruption","Shrug It Off","True Grit","Shrug It Off"],"relics":["Burning Blood","Anchor","Art of War","MawBank"],"potions_floor_usage":[3,6,6],"damage_taken":[{"damage":7,"enemies":"Jaw Worm","floor":1,"turns":3},{"damage":14,"enemies":"Cultist","floor":4,"turns":5},{"damage":43,"enemies":"Gremlin Nob","floor":6,"turns":5},{"damage":48,"enemies":"Lagavulin","floor":8,"turns":9},{"damage":1,"enemies":"Small Slimes","floor":11,"turns":3},{"damage":27,"enemies":"3 Sentries","floor":12,"turns":4}],"seed_played":"-4293636917782396035","potions_obtained":[{"floor":1,"key":"Strength Potion"},{"floor":3,"key":"Fruit Juice"},{"floor":3,"key":"Ancient Potion"},{"floor":3,"key":"LiquidBronze"},{"floor":4,"key":"BloodPotion"},{"floor":8,"key":"EssenceOfSteel"}],"is_trial":false,"path_per_floor":["M","$","?","M","$","E","R","E","T","?","M","E"],"character_chosen":"IRONCLAD","items_purchased":["Corruption","True Grit"],"campfire_rested":1,"item_purchase_floors":[2,5],"current_hp_per_floor":[71,71,76,68,68,39,64,22,22,22,27,0],"gold":265,"neow_bonus":"THREE_RARE_CARDS","is_prod":false,"is_daily":false,"chose_seed":false,"campfire_upgraded":0,"win_rate":0,"timestamp":1559529695,"path_taken":["M","$","?","M","?","E","R","E","T","?","?","E"],"build_version":"2019-01-23","purchased_purges":0,"victory":false,"max_hp_per_floor":[80,80,85,85,85,85,85,85,85,85,85,85],"card_choices":[{"not_picked":["Dark Embrace","Immolate"],"picked":"Berserk","floor":0},{"not_picked":["Havoc","Shrug It Off"],"picked":"Body Slam","floor":1},{"not_picked":["Pommel Strike","Clothesline"],"picked":"Shrug It Off","floor":4},{"not_picked":["Havoc","Barricade"],"picked":"Shrug It Off","floor":6},{"not_picked":["Thunderclap","Clash","Whirlwind"],"picked":"SKIP","floor":8},{"not_picked":["Anger","Rampage","Corruption"],"picked":"SKIP","floor":11}],"player_experience":372576,"relics_obtained":[{"floor":6,"key":"Anchor"},{"floor":8,"key":"Art of War"},{"floor":9,"key":"MawBank"}],"event_choices":[{"damage_healed":0,"gold_gain":0,"player_choice":"Got Potions","damage_taken":0,"max_hp_gain":0,"max_hp_loss":0,"event_name":"Lab","floor":3,"gold_loss":0},{"damage_healed":0,"gold_gain":100,"player_choice":"Pray","damage_taken":0,"max_hp_gain":0,"max_hp_loss":0,"event_name":"Golden Shrine","floor":10,"gold_loss":0}],"is_beta":false,"boss_relics":[],"items_purged_floors":[],"is_endless":false,"potions_floor_spawned":[1,4,8],"killed_by":"3 Sentries","ascension_level":9}