{"gold_per_floor":[117,5,23,37,51,51,83,83,83,83,83,101,101,151,151,225,225,243,263,263,282,282,282,282,282,328,346,346,361,361,377,377,453,453,468,480,480,500,514,514],"floor_reached":40,"playtime":1537,"items_purged":[],"score":780,"play_id":"f3828c62-2a27-48f6-9b60-6ae7e1dea056","local_time":"20190519003954","is_ascension_mode":true,"campfire_choices":[{"data":"Defragment","floor":6.0,"key":"SMITH"},{"floor":10.0,"key":"REST"},{"data":"Streamline","floor":13.0,"key":"SMITH"},{"data":"Sunder","floor":15.0,"key":"SMITH"},{"floor":23.0,"key":"REST"},{"data":"Beam Cell","floor":28.0,"key":"SMITH"},{"data":"Recycle","floor":30.0,"key":"SMITH"},{"data":"Conserve Battery","floor":32.0,"key":"SMITH"}],"neow_cost":"NONE","seed_source_timestamp":15155059560400,"circlet_count":0,"master_deck":["AscendersBane","Strike_B+1","Strike_B+1","Strike_B+1","Defend_B+1","Defend_B+1","Defend_B+1","Zap","Dualcast","Conserve Battery+1","Defragment+1","Rebound","Coolheaded","Compile Driver","Sunder+1","Streamline+1","Multi-Cast","Steam","Conserve Battery","Self Repair","Necronomicurse","RitualDagger","Beam Cell+1","Recycle+1","Echo Form","Meteor Strike","Turbo+1","Dark Shackles","Self Repair"],"special_seed":0,"relics":["Cracked Core","Pear","Ice Cream","Runic Pyramid","Necronomicon","Happy Flower","Cursed Key"],"potions_floor_usage":[39],"damage_taken":[{"damage":2.0,"enemies":"Cultist","floor":1.0,"turns":4.0},{"damage":8.0,"enemies":"2 Louse","floor":3.0,"turns":2.0},{"damage":0.0,"enemies":"Small Slimes","floor":4.0,"turns":3.0},{"damage":3.0,"enemies":"Gremlin Gang","floor":5.0,"turns":6.0},{"damage":30.0,"enemies":"Gremlin Nob","floor":7.0,"turns":4.0},{"damage":5.0,"enemies":"3 Louse","floor":12.0,"turns":3.0},{"damage":5.0,"enemies":"Slime Boss","floor":16.0,"turns":6.0},{"damage":7.0,"enemies":"Chosen","floor":18.0,"turns":5.0},{"damage":16.0,"enemies":"Shell Parasite","floor":19.0,"turns":6.0},{"damage":5.0,"enemies":"Snecko","floor":21.0,"turns":7.0},{"damage":3.0,"enemies":"Cultist and Chosen","floor":27.0,"turns":5.0},{"damage":16.0,"enemies":"Sentry and Sphere","floor":29.0,"turns":4.0},{"damage":6.0,"enemies":"Centurion and Healer","floor":31.0,"turns":5.0},{"damage":28.0,"enemies":"Champ","floor":33.0,"turns":9.0},{"damage":20.0,"enemies":"3 Darklings","floor":35.0,"turns":3.0},{"damage":7.0,"enemies":"3 Shapes","floor":36.0,"turns":5.0},{"damage":22.0,"enemies":"Sphere and 2 Shapes","floor":38.0,"turns":7.0},{"damage":42,"enemies":"Jaw Worm Horde","floor":39,"turns":8},{"damage":34,"enemies":"Reptomancer","floor":40,"turns":2}],"seed_played":"-5311200967416318614","potions_obtained":[{"floor":1.0,"key":"Weak Potion"},{"floor":4.0,"key":"SteroidPotion"},{"floor":7.0,"key":"FearPotion"},{"floor":11.0,"key":"Swift Potion"},{"floor":12.0,"key":"SkillPotion"},{"floor":19.0,"key":"SkillPotion"},{"floor":29.0,"key":"SkillPotion"},{"floor":31.0,"key":"Explosive Potion"},{"floor":38.0,"key":"Block Potion"}],"is_trial":false,"path_per_floor":["M","$","M","M","M","R","E","?","T","R","?","M","R","?","R","B",null,"M","M","?","M","?","R","?","?","T","M","R","M","R","M","R","B",null,"M","M","?","M","M","E"],"character_chosen":"DEFECT","items_purchased":["Defragment","Rebound"],"campfire_rested":2,"item_purchase_floors":[2,2],"current_hp_per_floor":[62,62,54,54,51,51,31,24,24,48,48,43,43,43,43,38,70,63,47,47,42,21,45,45,39,39,43,43,34,34,35,35,14,64,58,65,55,47,33,0],"gold":514,"neow_bonus":"REMOVE_CARD","is_prod":false,"is_daily":false,"chose_seed":false,"campfire_upgraded":6,"win_rate":0,"timestamp":1558193994,"path_taken":["M","?","M","M","M","R","E","?","T","R","?","?","R","?","R","BOSS","M","?","?","M","?","R","?","?","T","M","R","M","R","M","R","BOSS","M","M","?","M","M","E"],"build_version":"2019-01-23","purchased_purges":0,"victory":false,"max_hp_per_floor":[71,71,71,71,71,71,81,81,81,81,81,81,81,81,81,81,81,81,81,81,81,81,81,81,81,81,81,81,81,81,81,81,81,81,81,81,81,81,81,81],"card_choices":[{"not_picked":["Chaos","Coolheaded"],"picked":"Conserve Battery","floor":1.0},{"not_picked":["Stack","Skim"],"picked":"Coolheaded","floor":3.0},{"not_picked":["Rebound","Leap"],"picked":"Compile Driver","floor":4.0},{"not_picked":["Stack","Redo","Scrape"],"picked":"SKIP","floor":5.0},{"not_picked":["Scrape","Steam Power"],"picked":"Sunder","floor":7.0},{"not_picked":["Leap","Blizzard"],"picked":"Streamline","floor":12.0},{"not_picked":["Machine Learning","Rainbow"],"picked":"Multi-Cast","floor":16.0},{"not_picked":["Streamline","Stack"],"picked":"Steam","floor":18.0},{"not_picked":["Steam","Rebound"],"picked":"Conserve Battery","floor":19.0},{"not_picked":["Conserve Battery","Scrape"],"picked":"Self Repair","floor":21.0},{"not_picked":["Static Discharge","Redo"],"picked":"Beam Cell","floor":27.0},{"not_picked":["Coolheaded","Beam Cell"],"picked":"Recycle","floor":29.0},{"not_picked":["BootSequence","Double Energy+1"],"picked":"Echo Form","floor":31.0},{"not_picked":["Electrodynamics","Machine Learning"],"picked":"Meteor Strike","floor":33.0},{"not_picked":["Reprogram","Chaos"],"picked":"Turbo+1","floor":35.0},{"not_picked":["Conserve Battery","Leap","Fusion+1"],"picked":"SKIP","floor":36.0},{"not_picked":["The Bomb","Blind"],"picked":"Dark Shackles","floor":37.0},{"not_picked":["Ball Lightning","Beam Cell"],"picked":"Self Repair","floor":38.0},{"not_picked":["Streamline","Ball Lightning","Gash"],"picked":"SKIP","floor":39}],"player_experience":5068047,"relics_obtained":[{"floor":7.0,"key":"Pear"},{"floor":9.0,"key":"Ice Cream"},{"floor":22.0,"key":"Necronomicon"},{"floor":26.0,"key":"Happy Flower"}],"event_choices":[{"cards_removed":["Defend_B"],"damage_healed":0.0,"max_hp_gain":0.0,"max_hp_loss":0.0,"gold_gain":0.0,"event_name":"Golden Wing","player_choice":"Card Removal","floor":8.0,"gold_loss":0.0,"damage_taken":7.0},{"damage_healed":0.0,"max_hp_gain":0.0,"max_hp_loss":0.0,"gold_gain":0.0,"event_name":"Lab","player_choice":"Got Potions","floor":11.0,"gold_loss":0.0,"damage_taken":0.0},{"damage_healed":0.0,"max_hp_gain":0.0,"max_hp_loss":0.0,"gold_gain":50.0,"event_name":"Golden Shrine","player_choice":"Pray","floor":14.0,"gold_loss":0.0,"damage_taken":0.0},{"damage_healed":0.0,"max_hp_gain":0.0,"max_hp_loss":0.0,"gold_gain":0.0,"event_name":"Back to Basics","player_choice":"Simplicity","floor":20.0,"gold_loss":0.0,"damage_taken":0.0,"cards_upgraded":["Strike_B","Strike_B","Strike_B","Defend_B","Defend_B","Defend_B"]},{"damage_healed":0.0,"max_hp_gain":0.0,"max_hp_loss":0.0,"gold_gain":0.0,"event_name":"Cursed Tome","player_choice":"Obtained Book","floor":22.0,"gold_loss":0.0,"damage_taken":21.0},{"damage_healed":0.0,"max_hp_gain":0.0,"max_hp_loss":0.0,"gold_gain":0.0,"event_name":"The Mausoleum","player_choice":"Ignored","floor":24.0,"gold_loss":0.0,"damage_taken":0.0},{"damage_healed":0.0,"max_hp_gain":0.0,"max_hp_loss":0.0,"gold_gain":0.0,"event_name":"Nest","player_choice":"Joined the Cult","floor":25.0,"gold_loss":0.0,"damage_taken":6.0,"cards_obtained":["RitualDagger"]},{"damage_healed":0.0,"max_hp_gain":0.0,"max_hp_loss":0.0,"gold_gain":0.0,"event_name":"SensoryStone","player_choice":"Memory 3","floor":37.0,"gold_loss":0.0,"damage_taken":10.0}],"is_beta":false,"boss_relics":[{"not_picked":["Black Star","Astrolabe"],"picked":"Runic Pyramid"},{"not_picked":["Sozu","Runic Dome"],"picked":"Cursed Key"}],"items_purged_floors":[],"is_endless":false,"potions_floor_spawned":[1,4,7,12,19,29,31,38],"killed_by":"Reptomancer","ascension_level":20}