{"gold_per_floor":[16,27,40,40,40,40,50,50,50,61,77,77,2,33,33,109,109,124,43,47,60,60,86,1,1,1,1,1,1,16,36,36,111,111,121,27,27,37,57,57,88,88,113,125,137,161,0,12,24,36],"floor_reached":51,"playtime":3468,"items_purged":["Strike_R"],"score":1154,"play_id":"0de332a9-ef21-40e1-b8b4-cd2cc95cdf46","local_time":"20181203033730","is_ascension_mode":true,"campfire_choices":[{"data":"True Grit","floor":6.0,"key":"SMITH"},{"data":"Bash","floor":8.0,"key":"SMITH"},{"data":"Flame Barrier","floor":12.0,"key":"SMITH"},{"data":"True Grit","floor":15.0,"key":"SMITH"},{"floor":29,"key":"REST"},{"floor":32,"key":"REST"},{"floor":40,"key":"REST"},{"data":"Dual Wield","floor":42,"key":"SMITH"},{"data":"Enlightenment","floor":44,"key":"SMITH"},{"floor":49,"key":"REST"}],"neow_cost":"NO_GOLD","seed_source_timestamp":258177259459891,"circlet_count":0,"master_deck":["AscendersBane","Defend_R+1","Defend_R+1","Bash+1","Dropkick+1","Feel No Pain+1","True Grit+1","Rampage+1","Shrug It Off+1","Battle Trance+1","Flame Barrier+1","True Grit+1","Barricade+1","Uppercut+1","Trip+1","Dual Wield+1","Dropkick+1","Warcry+1","Headbutt+1","Offering+1","Flex+1","Enlightenment+1","Madness+1","Madness+1","Offering+1"],"special_seed":0,"relics":["Burning Blood","StoneCalendar","Incense Burner","Runic Pyramid","Boot","Ginger","Darkstone Periapt","Empty Cage","Art of War","MawBank","Red Mask","Mark of the Bloom"],"potions_floor_usage":[33,39,39,50],"damage_taken":[{"damage":3.0,"enemies":"Cultist","floor":1.0,"turns":3.0},{"damage":1.0,"enemies":"2 Louse","floor":2.0,"turns":3.0},{"damage":2.0,"enemies":"Small Slimes","floor":3.0,"turns":3.0},{"damage":11.0,"enemies":"Exordium Thugs","floor":7.0,"turns":6.0},{"damage":3.0,"enemies":"Looter","floor":10.0,"turns":3.0},{"damage":9.0,"enemies":"3 Louse","floor":11.0,"turns":6.0},{"damage":8.0,"enemies":"Lagavulin","floor":14.0,"turns":6.0},{"damage":12.0,"enemies":"The Guardian","floor":16.0,"turns":11.0},{"damage":0.0,"enemies":"Spheric Guardian","floor":18.0,"turns":7.0},{"damage":20.0,"enemies":"2 Thieves","floor":20.0,"turns":4.0},{"damage":3.0,"enemies":"3 Cultists","floor":21.0,"turns":6.0},{"damage":48.0,"enemies":"Slavers","floor":23.0,"turns":7.0},{"damage":18,"enemies":"Colosseum Slavers","floor":25,"turns":7},{"damage":6,"enemies":"Snecko","floor":30,"turns":6},{"damage":5,"enemies":"Chosen and Byrds","floor":31,"turns":7},{"damage":26,"enemies":"Automaton","floor":33,"turns":9},{"damage":8,"enemies":"3 Shapes","floor":35,"turns":7},{"damage":6,"enemies":"Orb Walker","floor":38,"turns":4},{"damage":20,"enemies":"Sphere and 2 Shapes","floor":39,"turns":7},{"damage":9,"enemies":"Nemesis","floor":41,"turns":7},{"damage":1,"enemies":"4 Shapes","floor":46,"turns":7},{"damage":19,"enemies":"Time Eater","floor":50,"turns":6}],"seed_played":"7544126557082147812","potions_obtained":[{"floor":7.0,"key":"FearPotion"},{"floor":10.0,"key":"AttackPotion"},{"floor":11.0,"key":"Strength Potion"},{"floor":14.0,"key":"Energy Potion"},{"floor":20.0,"key":"AttackPotion"},{"floor":23.0,"key":"Strength Potion"},{"floor":33,"key":"AttackPotion"},{"floor":38,"key":"GamblersBrew"},{"floor":46,"key":"Weak Potion"}],"is_trial":false,"path_per_floor":["M","M","M","?","$","R","M","R","T","M","M","R","$","E","R","B",null,"M","$","M","M","?","E","?","?","T","?","$","R","M","M","R","B",null,"M","$","?","M","M","R","E","R","T","R","?","M","?","?","R","B",null],"character_chosen":"IRONCLAD","items_purchased":["Trip","Enlightenment"],"campfire_rested":4,"item_purchase_floors":[19,36],"current_hp_per_floor":[71,75,75,75,75,75,70,70,70,73,70,70,70,68,68,62,72,75,75,61,64,64,22,22,10,10,10,10,32,32,33,55,35,65,63,63,49,49,35,57,54,54,54,54,54,59,59,59,59,40],"gold":48,"neow_bonus":"TRANSFORM_TWO_CARDS","is_prod":false,"is_daily":false,"chose_seed":false,"campfire_upgraded":6,"win_rate":0,"timestamp":1543775850,"path_taken":["M","M","M","?","$","R","M","R","T","M","M","R","?","E","R","BOSS","M","$","M","M","?","E","?","?","T","?","$","R","?","M","R","BOSS","M","$","?","M","M","R","E","R","T","R","?","M","?","?","R","BOSS"],"build_version":"2018-11-15","purchased_purges":1,"victory":true,"max_hp_per_floor":[75,75,75,75,75,75,75,75,75,75,75,75,75,75,75,75,75,75,75,75,75,75,75,75,75,75,75,75,75,75,75,75,75,75,75,75,75,75,75,75,75,75,75,75,75,75,75,75,75,75],"card_choices":[{"not_picked":["Sword Boomerang","Wild Strike"],"picked":"True Grit","floor":1.0},{"not_picked":["Clash","Searing Blow"],"picked":"Rampage","floor":2.0},{"not_picked":["Cleave","Rage"],"picked":"Shrug It Off","floor":3.0},{"not_picked":["Power Through","Reckless Charge"],"picked":"Battle Trance","floor":7.0},{"not_picked":["Twin Strike","Battle Trance","Bloodletting"],"picked":"SKIP","floor":10.0},{"not_picked":["Body Slam","Sword Boomerang"],"picked":"Flame Barrier","floor":11.0},{"not_picked":["Shrug It Off","Shockwave"],"picked":"True Grit","floor":14.0},{"not_picked":["Dark Embrace","Reaper"],"picked":"Barricade","floor":16.0},{"not_picked":["Flex","Wild Strike"],"picked":"Uppercut+1","floor":18.0},{"not_picked":["Twin Strike+1","Combust"],"picked":"Dual Wield","floor":20.0},{"not_picked":["Rampage","Blood for Blood"],"picked":"Fire Breathing","floor":21.0},{"not_picked":["Pummel","Inflame","Rampage"],"picked":"SKIP","floor":23.0},{"not_picked":["Whirlwind","Twin Strike"],"picked":"Warcry+1","floor":30},{"not_picked":["Body Slam","Cleave"],"picked":"Headbutt","floor":31},{"not_picked":["Immolate","Fiend Fire"],"picked":"Offering","floor":33},{"not_picked":["Flex+1","Battle Trance+1","Wild Strike+1"],"picked":"SKIP","floor":35},{"not_picked":["Battle Trance+1","Wild Strike+1"],"picked":"Flex+1","floor":35},{"not_picked":["Wild Strike","Sword Boomerang","Thunderclap"],"picked":"SKIP","floor":38},{"not_picked":["Hemokinesis","Sword Boomerang","Flame Barrier"],"picked":"SKIP","floor":39},{"not_picked":["Blood for Blood","Rupture"],"picked":"Offering","floor":41},{"not_picked":["Searing Blow","Sword Boomerang","Havoc"],"picked":"SKIP","floor":46}],"player_experience":2482767,"relics_obtained":[{"floor":9.0,"key":"StoneCalendar"},{"floor":14.0,"key":"Incense Burner"},{"floor":23.0,"key":"Boot"},{"floor":26,"key":"Darkstone Periapt"},{"floor":41,"key":"Art of War"},{"floor":43,"key":"MawBank"}],"event_choices":[{"cards_removed":["Strike_R"],"damage_healed":0.0,"max_hp_gain":0.0,"max_hp_loss":0.0,"gold_gain":0.0,"event_name":"Purifier","player_choice":"Purged","floor":4.0,"gold_loss":0.0,"damage_taken":0.0},{"cards_removed":["Strike_R"],"damage_healed":0.0,"max_hp_gain":0.0,"max_hp_loss":0.0,"gold_gain":0.0,"event_name":"Back to Basics","player_choice":"Elegance","floor":22.0,"gold_loss":0.0,"damage_taken":0.0},{"damage_healed":0.0,"max_hp_gain":0.0,"max_hp_loss":0.0,"gold_gain":0.0,"event_name":"Addict","player_choice":"Obtained Relic","floor":24.0,"gold_loss":85.0,"damage_taken":0.0,"relics_obtained":["Ginger"]},{"damage_healed":0,"gold_gain":0,"player_choice":"Fight","damage_taken":0,"max_hp_gain":0,"max_hp_loss":0,"event_name":"Colosseum","floor":25,"gold_loss":0},{"damage_healed":0,"gold_gain":0,"player_choice":"Fled From Nobs","damage_taken":0,"max_hp_gain":0,"max_hp_loss":0,"event_name":"Colosseum","floor":25,"gold_loss":0},{"damage_healed":0,"gold_gain":0,"player_choice":"Copied","damage_taken":0,"max_hp_gain":0,"max_hp_loss":0,"event_name":"Duplicator","floor":27,"gold_loss":0,"cards_obtained":["Dropkick"]},{"damage_healed":0,"gold_gain":0,"player_choice":"Embrace Madness","damage_taken":14,"max_hp_gain":0,"max_hp_loss":0,"event_name":"Winding Halls","floor":37,"gold_loss":0,"cards_obtained":["Madness","Madness"]},{"cards_removed":["Fire Breathing"],"damage_healed":0,"gold_gain":0,"player_choice":"Removed Power","damage_taken":0,"max_hp_gain":0,"max_hp_loss":0,"event_name":"Falling","floor":45,"gold_loss":0},{"damage_healed":0,"gold_gain":0,"player_choice":"Paid","damage_taken":0,"relics_obtained":["Red Mask"],"max_hp_gain":0,"max_hp_loss":0,"event_name":"Tomb of Lord Red Mask","floor":47,"gold_loss":173},{"damage_healed":0,"gold_gain":0,"player_choice":"Upgrade","damage_taken":0,"relics_obtained":["Mark of the Bloom"],"max_hp_gain":0,"max_hp_loss":0,"event_name":"MindBloom","floor":48,"gold_loss":0,"cards_upgraded":["Defend_R","Defend_R","Dropkick","Feel No Pain","Rampage","Shrug It Off","Battle Trance","Barricade","Trip","Dropkick","Headbutt","Offering","Madness","Madness","Offering"]}],"is_beta":true,"boss_relics":[{"not_picked":["Sozu","Pandora\u0027s Box"],"picked":"Runic Pyramid"},{"not_picked":["Black Blood","Snecko Eye"],"picked":"Empty Cage"}],"items_purged_floors":[13],"is_endless":false,"potions_floor_spawned":[7,10,11,14,20,23,25,33,38,46],"ascension_level":15}