{"gold_per_floor":[115,130,148,159,178,178,199,199,267,285,285,318,318,330,342,428,440,468,480,104,123,142,142,142,142,214,4,4,19,30,43,43,116,116,134,234,284,301,316,347,347,425,425,450,465,465,490,510,510,510,510,510,510,76,104,104],"floor_reached":57,"playtime":3141,"items_purged":["Strike_B","Strike_B","Decay"],"score":3038,"play_id":"238fc446-9c92-4be6-a224-5d6af75a3248","local_time":"20190521020601","is_ascension_mode":true,"campfire_choices":[{"data":"Sunder","floor":6,"key":"SMITH"},{"data":"Fusion","floor":11,"key":"SMITH"},{"floor":13,"key":"DIG"},{"floor":15,"key":"DIG"},{"data":"Conserve Battery","floor":23,"key":"SMITH"},{"floor":25,"key":"DIG"},{"data":"Hologram","floor":28,"key":"SMITH"},{"floor":32,"key":"DIG"},{"floor":41,"key":"DIG"},{"floor":49,"key":"RECALL"},{"floor":53,"key":"DIG"}],"neow_cost":"NONE","seed_source_timestamp":191620210940700,"circlet_count":0,"master_deck":["AscendersBane","Defend_B","Defend_B","Defend_B","Defend_B","Zap+1","Dualcast","BootSequence","Sunder+1","Beam Cell","Hologram+1","Fusion+1","Machine Learning","Echo Form","Core Surge","Conserve Battery+1","Compile Driver","Seek","Glacier","Reinforced Body","Doom and Gloom","All For One","Cold Snap+1","Defragment+1","Leap+1","Ball Lightning+1","Biased Cognition","Streamline+1","Skim+1","Meteor Strike","Self Repair","The Bomb"],"relics":["Cracked Core","Odd Mushroom","Bottled Lightning","Shovel","MawBank","PreservedInsect","Snecko Eye","Enchiridion","Membership Card","Bag of Preparation","Unceasing Top","Pear","Prayer Wheel","Pen Nib","Fusion Hammer","Torii","Juzu Bracelet","Art of War","Kunai","Potion Belt","Bird Faced Urn","Gremlin Horn","Cauldron","Dodecahedron","Happy Flower"],"potions_floor_usage":[16,21,33,56,56,56,56],"damage_taken":[{"damage":7,"enemies":"Jaw Worm","floor":1,"turns":3},{"damage":1,"enemies":"Small Slimes","floor":2,"turns":3},{"damage":0,"enemies":"2 Louse","floor":3,"turns":3},{"damage":5,"enemies":"Blue Slaver","floor":4,"turns":4},{"damage":0,"enemies":"Large Slime","floor":5,"turns":5},{"damage":10,"enemies":"The Mushroom Lair","floor":7,"turns":4},{"damage":0,"enemies":"3 Louse","floor":10,"turns":3},{"damage":15,"enemies":"Lagavulin","floor":12,"turns":5},{"damage":9,"enemies":"Hexaghost","floor":16,"turns":7},{"damage":11,"enemies":"Spheric Guardian","floor":18,"turns":4},{"damage":0,"enemies":"Chosen","floor":21,"turns":6},{"damage":0,"enemies":"Snecko","floor":22,"turns":4},{"damage":0,"enemies":"Snake Plant","floor":29,"turns":5},{"damage":0,"enemies":"Sentry and Sphere","floor":30,"turns":5},{"damage":0,"enemies":"Cultist and Chosen","floor":31,"turns":4},{"damage":27,"enemies":"Champ","floor":33,"turns":13},{"damage":0,"enemies":"3 Shapes","floor":35,"turns":5},{"damage":0,"enemies":"Mind Bloom Boss Battle","floor":36,"turns":7},{"damage":0,"enemies":"3 Darklings","floor":38,"turns":1},{"damage":0,"enemies":"Sphere and 2 Shapes","floor":39,"turns":5},{"damage":0,"enemies":"Reptomancer","floor":40,"turns":2},{"damage":15,"enemies":"Nemesis","floor":44,"turns":7},{"damage":8,"enemies":"Transient","floor":45,"turns":6},{"damage":0,"enemies":"Reptomancer","floor":47,"turns":4},{"damage":1,"enemies":"3 Darklings","floor":48,"turns":4},{"damage":0,"enemies":"Donu and Deca","floor":50,"turns":5},{"damage":21,"enemies":"Time Eater","floor":51,"turns":11},{"damage":17,"enemies":"Shield and Spear","floor":55,"turns":5},{"damage":35,"enemies":"The Heart","floor":56,"turns":10}],"seed_played":"5927110873834478048","potions_obtained":[{"floor":3,"key":"GamblersBrew"},{"floor":5,"key":"Energy Potion"},{"floor":7,"key":"Explosive Potion"},{"floor":16,"key":"Poison Potion"},{"floor":31,"key":"LiquidBronze"},{"floor":33,"key":"Fruit Juice"},{"floor":36,"key":"SpeedPotion"},{"floor":44,"key":"SteroidPotion"},{"floor":45,"key":"Strength Potion"},{"floor":48,"key":"Swift Potion"},{"floor":54,"key":"LiquidBronze"}],"is_trial":false,"path_per_floor":["M","M","M","M","M","R","?","?","T","M","R","E","R","?","R","B",null,"M","?","$","M","M","R","?","R","T","$","R","M","M","M","R","B",null,"M","?","?","M","M","E","R","T","T","E","M","?","E","M","R","B","B",null,"R","$","E","B",null],"character_chosen":"DEFECT","items_purchased":["Membership Card","Bag of Preparation","Regen Potion","Prayer Wheel","The Bomb","Cauldron","Weak Potion","Dodecahedron"],"campfire_rested":0,"item_purchase_floors":[20,20,20,27,54,54,54,54],"current_hp_per_floor":[57,56,56,51,51,51,41,41,41,41,41,26,26,26,26,17,58,47,26,26,41,41,41,41,41,51,51,51,51,51,51,51,29,72,72,72,72,72,72,72,72,72,72,57,49,49,49,56,56,84,73,83,83,83,86,68],"gold":104,"neow_bonus":"UPGRADE_CARD","is_prod":false,"is_daily":false,"chose_seed":false,"campfire_upgraded":4,"win_rate":0,"timestamp":1558371961,"path_taken":["M","M","M","M","M","R","?","?","T","M","R","E","R","?","R","BOSS","M","?","$","M","M","R","?","R","T","$","R","M","M","M","R","BOSS","M","?","?","?","M","E","R","?","T","E","M","?","E","M","R","BOSS","BOSS","R","$","E","BOSS"],"build_version":"2019-01-23","purchased_purges":3,"victory":true,"max_hp_per_floor":[71,71,71,71,71,71,71,71,71,71,71,71,71,71,71,71,71,71,71,71,71,71,71,71,71,81,81,81,81,81,81,81,86,86,86,86,86,86,86,86,86,86,86,86,86,86,86,86,86,86,86,86,86,86,86,86],"card_choices":[{"not_picked":["Beam Cell","Blizzard"],"picked":"Auto Shields","floor":1},{"not_picked":["Auto Shields","Beam Cell"],"picked":"BootSequence","floor":2},{"not_picked":["Conserve Battery","Hologram"],"picked":"Sunder","floor":3},{"not_picked":["Turbo","Barrage"],"picked":"Beam Cell","floor":4},{"not_picked":["Aggregate","Coolheaded"],"picked":"Hologram","floor":5},{"not_picked":["Aggregate","Skim"],"picked":"Fusion","floor":7},{"not_picked":["Beam Cell","Steam"],"picked":"Machine Learning","floor":10},{"not_picked":["Lockon","Redo"],"picked":"Echo Form","floor":12},{"not_picked":["Rainbow","Echo Form"],"picked":"Core Surge","floor":16},{"not_picked":["Barrage","Turbo"],"picked":"Conserve Battery","floor":18},{"not_picked":["Sweeping Beam","Stack","Machine Learning"],"picked":"SKIP","floor":21},{"not_picked":["Turbo","White Noise"],"picked":"Compile Driver","floor":22},{"not_picked":["Chaos","Go for the Eyes+1"],"picked":"Reinforced Body","floor":29},{"not_picked":["Beam Cell","Coolheaded","Barrage"],"picked":"SKIP","floor":29},{"not_picked":["Streamline","Tempest"],"picked":"Doom and Gloom","floor":30},{"not_picked":["Consume","Hologram","Coolheaded"],"picked":"SKIP","floor":30},{"not_picked":["Seek","Streamline","Redo"],"picked":"SKIP","floor":31},{"not_picked":["Hello World+1","Stack","Beam Cell+1"],"picked":"SKIP","floor":31},{"not_picked":["Reboot","Machine Learning"],"picked":"All For One","floor":33},{"not_picked":["Gash","Go for the Eyes+1","Coolheaded"],"picked":"SKIP","floor":35},{"not_picked":["Barrage","Rebound","Double Energy"],"picked":"SKIP","floor":35},{"not_picked":["FTL","Coolheaded"],"picked":"Cold Snap+1","floor":36},{"not_picked":["Echo Form","Coolheaded"],"picked":"Defragment+1","floor":38},{"not_picked":["FTL","Conserve Battery"],"picked":"Leap+1","floor":38},{"not_picked":["Consume","Hello World"],"picked":"Ball Lightning+1","floor":39},{"not_picked":["Go for the Eyes","Redo","Stack"],"picked":"SKIP","floor":39},{"not_picked":["Hello World","Force Field"],"picked":"Biased Cognition","floor":40},{"not_picked":["Gash","Melter","Go for the Eyes"],"picked":"SKIP","floor":44},{"not_picked":["Steam","Beam Cell"],"picked":"Streamline+1","floor":45},{"not_picked":["Ball Lightning","Genetic Algorithm+1"],"picked":"Skim+1","floor":45},{"not_picked":["Conserve Battery","Rebound"],"picked":"Meteor Strike","floor":47},{"not_picked":["Beam Cell+1","Rebound+1"],"picked":"Self Repair","floor":48},{"not_picked":["Barrage","Compile Driver+1","Self Repair"],"picked":"SKIP","floor":48},{"not_picked":["Streamline","BootSequence","Undo"],"picked":"SKIP","floor":55}],"player_experience":5088616,"relics_obtained":[{"floor":7,"key":"Odd Mushroom"},{"floor":9,"key":"Bottled Lightning"},{"floor":12,"key":"Shovel"},{"floor":13,"key":"MawBank"},{"floor":15,"key":"PreservedInsect"},{"floor":19,"key":"Enchiridion"},{"floor":25,"key":"Unceasing Top"},{"floor":26,"key":"Pear"},{"floor":32,"key":"Pen Nib"},{"floor":36,"key":"Torii"},{"floor":40,"key":"Juzu Bracelet"},{"floor":41,"key":"Art of War"},{"floor":43,"key":"Kunai"},{"floor":44,"key":"Potion Belt"},{"floor":47,"key":"Bird Faced Urn"},{"floor":53,"key":"Gremlin Horn"},{"floor":55,"key":"Happy Flower"}],"event_choices":[{"damage_healed":0,"gold_gain":0,"player_choice":"Fought Mushrooms","damage_taken":0,"max_hp_gain":0,"max_hp_loss":0,"event_name":"Mushrooms","floor":7,"gold_loss":0},{"cards_removed":["Strike_B"],"damage_healed":0,"gold_gain":0,"player_choice":"Forget","damage_taken":0,"max_hp_gain":0,"max_hp_loss":0,"event_name":"Living Wall","floor":8,"gold_loss":0},{"damage_healed":0,"gold_gain":0,"player_choice":"Ignored","damage_taken":0,"max_hp_gain":0,"max_hp_loss":0,"event_name":"Liars Game","floor":14,"gold_loss":0},{"damage_healed":0,"gold_gain":0,"player_choice":"Obtained Book","damage_taken":21,"max_hp_gain":0,"max_hp_loss":0,"event_name":"Cursed Tome","floor":19,"gold_loss":0},{"damage_healed":0,"gold_gain":0,"cards_transformed":["Auto Shields","Strike_B"],"player_choice":"Became Test Subject","damage_taken":0,"max_hp_gain":0,"max_hp_loss":0,"event_name":"Drug Dealer","floor":24,"gold_loss":0,"cards_obtained":["Seek","Glacier"]},{"damage_healed":0,"gold_gain":0,"player_choice":"Fight","damage_taken":0,"max_hp_gain":0,"max_hp_loss":0,"event_name":"MindBloom","floor":36,"gold_loss":0},{"damage_healed":0,"gold_gain":50,"player_choice":"Pray","damage_taken":0,"max_hp_gain":0,"max_hp_loss":0,"event_name":"Golden Shrine","floor":37,"gold_loss":0},{"damage_healed":0,"gold_gain":0,"player_choice":"Cursed","damage_taken":0,"max_hp_gain":0,"max_hp_loss":0,"event_name":"Wheel of Change","floor":46,"gold_loss":0,"cards_obtained":["Decay"]}],"is_beta":false,"boss_relics":[{"not_picked":["Inserter","Eternal Feather"],"picked":"Snecko Eye"},{"not_picked":["Lizard Tail","FrozenCore"],"picked":"Fusion Hammer"}],"items_purged_floors":[20,27,54],"is_endless":false,"potions_floor_spawned":[3,5,7,16,31,33,36,44,45,48],"ascension_level":20}