{"gold_per_floor":[16,31,31,46,64,64,78,78,78,78,98,98,98,134,134,227,227,246,196,214,229,254,254,204,204,204,218,218,243,243,33,33,33],"floor_reached":33,"playtime":873,"items_purged":["Strike_B","Strike_B","Writhe"],"score":498,"play_id":"1b056993-52ed-463c-b371-2ef9d9bdd3a4","local_time":"20190525101918","is_ascension_mode":true,"campfire_choices":[{"data":"Defragment","floor":6,"key":"SMITH"},{"floor":10,"key":"REST"},{"floor":12,"key":"REST"},{"floor":15,"key":"REST"},{"data":"Multi-Cast","floor":23,"key":"SMITH"},{"data":"Dualcast","floor":25,"key":"SMITH"},{"floor":28,"key":"REST"},{"floor":32,"key":"REST"}],"neow_cost":"NO_GOLD","seed_source_timestamp":210623715470900,"circlet_count":0,"master_deck":["AscendersBane","Strike_B","Defend_B","Defend_B","Defend_B","Zap","Dualcast+1","Defragment+1","Genetic Algorithm","Static Discharge+1","Cold Snap","Conserve Battery","Multi-Cast+1","Ball Lightning","Turbo","Rebound+1","Tempest+1"],"relics":["FrozenCore","Golden Idol","Smiling Mask","DataDisk","Question Card","Kunai","Regal Pillow"],"potions_floor_usage":[5,21,22],"damage_taken":[{"damage":5,"enemies":"Small Slimes","floor":1,"turns":3},{"damage":8,"enemies":"2 Louse","floor":2,"turns":2},{"damage":6,"enemies":"Cultist","floor":4,"turns":4},{"damage":26,"enemies":"Gremlin Gang","floor":5,"turns":4},{"damage":11,"enemies":"Blue Slaver","floor":7,"turns":3},{"damage":7,"enemies":"Looter","floor":11,"turns":3},{"damage":19,"enemies":"Lagavulin","floor":14,"turns":7},{"damage":24,"enemies":"The Guardian","floor":16,"turns":12},{"damage":4,"enemies":"Chosen","floor":18,"turns":8},{"damage":1,"enemies":"Spheric Guardian","floor":20,"turns":4},{"damage":0,"enemies":"Snake Plant","floor":21,"turns":7},{"damage":3,"enemies":"Centurion and Healer","floor":22,"turns":7},{"damage":18,"enemies":"Shelled Parasite and Fungi","floor":27,"turns":4},{"damage":20,"enemies":"Chosen and Byrds","floor":29,"turns":6},{"damage":80,"enemies":"Automaton","floor":33,"turns":12}],"seed_played":"-6749172894332181167","potions_obtained":[{"floor":1,"key":"AttackPotion"},{"floor":11,"key":"Explosive Potion"},{"floor":16,"key":"EssenceOfSteel"},{"floor":27,"key":"FearPotion"}],"is_trial":false,"path_per_floor":["M","M","?","M","M","R","M","?","T","R","M","R","?","E","R","B",null,"M","$","M","M","M","R","$","R","T","M","R","M","?","$","R","B"],"character_chosen":"DEFECT","items_purchased":["Regal Pillow"],"campfire_rested":5,"item_purchase_floors":[31],"current_hp_per_floor":[59,51,51,45,19,19,8,8,8,27,20,39,39,20,39,15,52,48,48,47,47,44,44,44,44,44,26,45,25,25,25,59,0],"gold":33,"neow_bonus":"REMOVE_TWO","is_prod":false,"is_daily":false,"chose_seed":false,"campfire_upgraded":3,"win_rate":0,"timestamp":1558747158,"path_taken":["M","M","?","M","M","R","M","?","T","R","M","R","?","E","R","BOSS","M","$","M","M","M","R","?","R","T","?","R","M","?","$","R","BOSS"],"build_version":"2019-01-23","purchased_purges":3,"victory":false,"max_hp_per_floor":[71,71,64,64,64,64,64,64,64,64,64,64,64,64,64,64,64,64,64,64,64,64,64,64,64,64,64,64,64,64,64,64,64],"card_choices":[{"not_picked":["Self Repair","Cold Snap"],"picked":"Defragment","floor":1},{"not_picked":["Steam","Compile Driver"],"picked":"Genetic Algorithm","floor":2},{"not_picked":["Reinforced Body","Scrape"],"picked":"Static Discharge","floor":4},{"not_picked":["Stack","Sweeping Beam","Gash"],"picked":"SKIP","floor":5},{"not_picked":["BootSequence","Fusion"],"picked":"Cold Snap","floor":7},{"not_picked":["Turbo","Static Discharge"],"picked":"Conserve Battery","floor":11},{"not_picked":["Streamline","Fusion","Stack"],"picked":"SKIP","floor":14},{"not_picked":["Core Surge","Seek"],"picked":"Multi-Cast","floor":16},{"not_picked":["Streamline","Fusion"],"picked":"Ball Lightning","floor":18},{"not_picked":["Compile Driver","Go for the Eyes"],"picked":"Turbo","floor":20},{"not_picked":["Aggregate","Compile Driver"],"picked":"Rebound+1","floor":21},{"not_picked":["Hello World","Chaos","Rebound"],"picked":"SKIP","floor":22},{"not_picked":["Rebound","Streamline","Steam","Go for the Eyes"],"picked":"SKIP","floor":27},{"not_picked":["Glacier","Reprogram","Cold Snap"],"picked":"Tempest+1","floor":29}],"player_experience":5146565,"relics_obtained":[{"floor":9,"key":"Smiling Mask"},{"floor":14,"key":"DataDisk"},{"floor":26,"key":"Question Card"}],"event_choices":[{"damage_healed":0,"gold_gain":0,"player_choice":"Lose Max HP","damage_taken":0,"relics_obtained":["Golden Idol"],"max_hp_gain":0,"max_hp_loss":7,"event_name":"Golden Idol","floor":3,"gold_loss":0},{"damage_healed":0,"gold_gain":0,"player_choice":"Fled","damage_taken":0,"max_hp_gain":0,"max_hp_loss":0,"event_name":"Scrap Ooze","floor":8,"gold_loss":0},{"damage_healed":0,"gold_gain":0,"player_choice":"Forge","damage_taken":0,"max_hp_gain":0,"max_hp_loss":0,"event_name":"Accursed Blacksmith","floor":13,"gold_loss":0,"cards_upgraded":["Static Discharge"]},{"damage_healed":0,"gold_gain":0,"player_choice":"Opened","damage_taken":0,"relics_obtained":["Kunai"],"max_hp_gain":0,"max_hp_loss":0,"event_name":"The Mausoleum","floor":30,"gold_loss":0,"cards_obtained":["Writhe"]}],"is_beta":false,"boss_relics":[{"not_picked":["Black Star","Orrery"],"picked":"FrozenCore"}],"items_purged_floors":[19,24,31],"is_endless":false,"potions_floor_spawned":[1,11,16,18,27],"killed_by":"Automaton","ascension_level":20}