{"gold_per_floor":[15,15,27,40,55,55,89,107,107,24,24,24,24,39,39,135,135,148,169,169,185,201,201,224,224],"floor_reached":25,"playtime":1044,"items_purged":[],"score":383,"play_id":"e1cf394f-a8f6-4174-a2e6-d6a9120170e8","local_time":"20190219212752","is_ascension_mode":true,"campfire_choices":[{"data":"Neutralize","floor":6,"key":"SMITH"},{"floor":11,"key":"REST"},{"data":"Deadly Poison","floor":13,"key":"SMITH"},{"data":"Poisoned Stab","floor":15,"key":"SMITH"},{"floor":23,"key":"REST"}],"neow_cost":"NO_GOLD","seed_source_timestamp":304772939655428,"circlet_count":0,"master_deck":["AscendersBane","Defend_G","Defend_G","Defend_G","Defend_G","Defend_G","Strike_G","Strike_G","Strike_G","Strike_G","Strike_G","Survivor","Neutralize+1","Sucker Punch","Finisher","Poisoned Stab+1","Flying Knee","Deadly Poison+1","PiercingWail","Setup+1","Injury","Quick Slash","Corpse Explosion+1","Terror+1","Calculated Gamble+1","Catalyst+1","Dodge and Roll+1"],"relics":["Ring of the Snake","Torii","Art of War","Toxic Egg 2","Golden Idol","Sozu"],"potions_floor_usage":[5,5,16,16],"damage_taken":[{"damage":0,"enemies":"Jaw Worm","floor":1,"turns":6},{"damage":0,"enemies":"2 Louse","floor":3,"turns":3},{"damage":1,"enemies":"Cultist","floor":4,"turns":5},{"damage":16,"enemies":"Exordium Thugs","floor":5,"turns":5},{"damage":25,"enemies":"Lagavulin","floor":7,"turns":10},{"damage":10,"enemies":"Large Slime","floor":8,"turns":5},{"damage":2,"enemies":"Blue Slaver","floor":14,"turns":4},{"damage":6,"enemies":"Hexaghost","floor":16,"turns":7},{"damage":3,"enemies":"Spheric Guardian","floor":18,"turns":5},{"damage":9,"enemies":"3 Byrds","floor":19,"turns":3},{"damage":17,"enemies":"Snecko","floor":21,"turns":5},{"damage":26,"enemies":"Sentry and Sphere","floor":22,"turns":5},{"damage":20,"enemies":"Centurion and Healer","floor":24,"turns":6},{"damage":7,"enemies":"Snake Plant","floor":25,"turns":2}],"seed_played":"6334870502164884892","potions_obtained":[{"floor":3,"key":"Energy Potion"},{"floor":4,"key":"Regen Potion"},{"floor":7,"key":"Poison Potion"},{"floor":8,"key":"SteroidPotion"}],"is_trial":false,"path_per_floor":["M","$","M","M","M","R","E","M","T","$","R","?","R","M","R","B",null,"M","M","?","M","M","R","M","M"],"character_chosen":"THE_SILENT","items_purchased":["Setup+1"],"campfire_rested":2,"item_purchase_floors":[10],"current_hp_per_floor":[59,59,59,58,56,56,31,21,21,21,40,40,40,38,38,32,58,55,46,46,29,3,22,2,0],"gold":224,"neow_bonus":"ONE_RARE_RELIC","is_prod":false,"is_daily":false,"chose_seed":false,"campfire_upgraded":3,"win_rate":0,"timestamp":1550579272,"path_taken":["M","$","M","M","M","R","E","M","T","$","R","?","R","M","R","BOSS","M","M","?","M","M","R","?","M"],"build_version":"2019-01-23","purchased_purges":0,"victory":false,"max_hp_per_floor":[66,66,66,66,66,66,66,66,66,66,66,66,66,66,66,66,66,66,66,66,66,66,66,66,66],"card_choices":[{"not_picked":["Prepared","PiercingWail"],"picked":"Sucker Punch","floor":1},{"not_picked":["Concentrate","Choke"],"picked":"Finisher","floor":3},{"not_picked":["Dagger Throw","Deflect"],"picked":"Poisoned Stab","floor":4},{"not_picked":["Backflip","Dagger Spray"],"picked":"Flying Knee","floor":5},{"not_picked":["Malaise","Finisher"],"picked":"Deadly Poison","floor":7},{"not_picked":["Dagger Spray","Bane"],"picked":"PiercingWail","floor":8},{"not_picked":["Outmaneuver+1","Dagger Spray"],"picked":"Quick Slash","floor":14},{"not_picked":["Phantasmal Killer+1","A Thousand Cuts"],"picked":"Corpse Explosion+1","floor":16},{"not_picked":["Sucker Punch","Prepared+1"],"picked":"Terror+1","floor":18},{"not_picked":["Setup+1","Outmaneuver+1"],"picked":"Calculated Gamble+1","floor":19},{"not_picked":["Slice+1","Tools of the Trade"],"picked":"Catalyst+1","floor":21},{"not_picked":["Reflex+1","PiercingWail+1"],"picked":"Dodge and Roll+1","floor":22},{"not_picked":["Underhanded Strike","Sucker Punch","Caltrops+1"],"picked":"SKIP","floor":24}],"player_experience":657005,"relics_obtained":[{"floor":7,"key":"Art of War"},{"floor":9,"key":"Toxic Egg 2"}],"event_choices":[{"damage_healed":0,"gold_gain":0,"player_choice":"Take Wound","damage_taken":0,"relics_obtained":["Golden Idol"],"max_hp_gain":0,"max_hp_loss":0,"event_name":"Golden Idol","floor":12,"gold_loss":0,"cards_obtained":["Injury"]},{"damage_healed":0,"gold_gain":0,"player_choice":"Got Potions","damage_taken":0,"max_hp_gain":0,"max_hp_loss":0,"event_name":"Lab","floor":20,"gold_loss":0}],"is_beta":false,"boss_relics":[{"not_picked":["Black Star","Philosopher\u0027s Stone"],"picked":"Sozu"}],"items_purged_floors":[],"is_endless":false,"potions_floor_spawned":[3,4,7,8,18,22],"killed_by":"Snake Plant","ascension_level":17}