{"gold_per_floor":[118,132,148,113,123,123,133,145,145,156,156,176,176,186,186,260,260,279,3,19,19,19,19,19,19,19,19,53,68,14,29,29,106,106,124,124,139,139,152,152,170,182,182,182,182,182],"floor_reached":46,"playtime":3501,"items_purged":[],"score":862,"play_id":"f62ffdb8-1f1b-4cb2-b04b-b822dafd1410","local_time":"20190405123844","is_ascension_mode":true,"campfire_choices":[{"data":"Discovery","floor":6.0,"key":"SMITH"},{"data":"Hologram","floor":13.0,"key":"SMITH"},{"data":"Defragment","floor":15.0,"key":"SMITH"},{"data":"Hologram","floor":23.0,"key":"SMITH"},{"data":"Deep Breath","floor":25.0,"key":"SMITH"},{"floor":27.0,"key":"REST"},{"floor":32.0,"key":"REST"},{"data":"Echo Form","floor":40.0,"key":"SMITH"}],"neow_cost":"PERCENT_DAMAGE","seed_source_timestamp":3149561151596809,"circlet_count":0,"master_deck":["AscendersBane","Strike_B","Strike_B","Defend_B","Defend_B","Defend_B","Defend_B","Zap","Dualcast","Discovery+1","Deep Breath+1","Hologram+1","Chill","Go for the Eyes","Hyperbeam","Defragment+1","Undo","Undo","Leap","Electrodynamics","Coolheaded","Hologram+1","Compile Driver","Turbo+1","Echo Form+1","Barrage","White Noise+1","Force Field+1","Buffer"],"special_seed":0,"relics":["Cracked Core","Shuriken","Nuclear Battery","OrangePellets","Mummified Hand","Darkstone Periapt","Inserter","Blood Vial"],"potions_floor_usage":[44],"damage_taken":[{"damage":7.0,"enemies":"Jaw Worm","floor":1.0,"turns":3.0},{"damage":11.0,"enemies":"Small Slimes","floor":2.0,"turns":3.0},{"damage":2.0,"enemies":"Cultist","floor":3.0,"turns":4.0},{"damage":3.0,"enemies":"Looter","floor":5.0,"turns":3.0},{"damage":1.0,"enemies":"2 Fungi Beasts","floor":7.0,"turns":4.0},{"damage":0.0,"enemies":"Gremlin Gang","floor":8.0,"turns":1.0},{"damage":0.0,"enemies":"Blue Slaver","floor":10.0,"turns":3.0},{"damage":0.0,"enemies":"2 Fungi Beasts","floor":12.0,"turns":2.0},{"damage":0.0,"enemies":"3 Louse","floor":14.0,"turns":4.0},{"damage":16.0,"enemies":"Hexaghost","floor":16.0,"turns":13.0},{"damage":23.0,"enemies":"3 Byrds","floor":18.0,"turns":12.0},{"damage":0.0,"enemies":"2 Thieves","floor":20.0,"turns":3.0},{"damage":36.0,"enemies":"Slavers","floor":28.0,"turns":6.0},{"damage":8.0,"enemies":"Cultist and Chosen","floor":29.0,"turns":4.0},{"damage":0.0,"enemies":"Chosen and Byrds","floor":31.0,"turns":4.0},{"damage":6.0,"enemies":"Champ","floor":33.0,"turns":16.0},{"damage":11.0,"enemies":"3 Darklings","floor":35.0,"turns":3.0},{"damage":7.0,"enemies":"3 Shapes","floor":37.0,"turns":2.0},{"damage":9.0,"enemies":"3 Darklings","floor":39.0,"turns":2.0},{"damage":10.0,"enemies":"Sphere and 2 Shapes","floor":41.0,"turns":5.0},{"damage":5.0,"enemies":"Spire Growth","floor":42.0,"turns":6.0},{"damage":0,"enemies":"Nemesis","floor":44,"turns":1},{"damage":34,"enemies":"Jaw Worm Horde","floor":46,"turns":2}],"seed_played":"6121552875931737614","potions_obtained":[{"floor":2.0,"key":"Fruit Juice"},{"floor":7.0,"key":"EssenceOfSteel"},{"floor":8.0,"key":"SpeedPotion"},{"floor":20.0,"key":"Explosive Potion"},{"floor":28.0,"key":"Explosive Potion"},{"floor":29.0,"key":"Swift Potion"},{"floor":39.0,"key":"SmokeBomb"},{"floor":41.0,"key":"LiquidBronze"}],"is_trial":false,"path_per_floor":["M","M","M","?","M","R","M","M","T","M","?","M","R","M","R","B",null,"M","$","M","?","$","R","?","R","T","R","E","M","$","M","R","B",null,"M","?","M","?","M","R","M","M","T","E","$","M"],"character_chosen":"DEFECT","items_purchased":["OrangePellets","Hologram","PowerPotion"],"campfire_rested":2,"item_purchase_floors":[19,19,30],"current_hp_per_floor":[39,28,31,50,47,47,46,46,46,46,39,39,39,39,39,23,63,40,40,40,40,40,40,40,40,40,62,26,18,18,18,40,34,66,55,55,48,48,39,39,29,24,24,26,26,0],"gold":182,"neow_bonus":"RANDOM_COLORLESS_2","is_prod":false,"is_daily":false,"chose_seed":false,"campfire_upgraded":6,"win_rate":0,"timestamp":1554435524,"path_taken":["M","M","M","?","M","R","M","M","T","M","?","M","R","M","R","BOSS","M","$","M","?","?","R","?","R","T","R","E","M","$","M","R","BOSS","M","?","?","?","M","R","M","M","T","E","$","M"],"build_version":"2019-03-15","purchased_purges":0,"victory":false,"max_hp_per_floor":[71,71,76,76,76,76,76,76,76,76,76,76,76,76,76,76,76,76,76,76,76,76,76,76,76,76,76,76,76,76,76,76,76,76,76,76,76,76,76,76,76,76,76,76,76,76],"card_choices":[{"not_picked":["Chaos","Streamline"],"picked":"Hologram","floor":1.0},{"not_picked":["Consume","Steam"],"picked":"Chill","floor":2.0},{"not_picked":["Barrage","Sweeping Beam"],"picked":"Go for the Eyes","floor":3.0},{"not_picked":["Fusion","Scrape","Storm"],"picked":"SKIP","floor":5.0},{"not_picked":["Stack","Beam Cell"],"picked":"Hyperbeam","floor":7.0},{"not_picked":["Redo","Aggregate"],"picked":"Defragment","floor":8.0},{"not_picked":["Sweeping Beam","Recycle"],"picked":"Undo","floor":10.0},{"not_picked":["Steam Power","Skim"],"picked":"Undo","floor":12.0},{"not_picked":["Barrage","Coolheaded"],"picked":"Leap","floor":14.0},{"not_picked":["Rainbow","Creative AI"],"picked":"Electrodynamics","floor":16.0},{"not_picked":["Reprogram","Consume"],"picked":"Coolheaded","floor":18.0},{"not_picked":["Go for the Eyes","Redo"],"picked":"Compile Driver","floor":20.0},{"not_picked":["Go for the Eyes","Sweeping Beam"],"picked":"Turbo+1","floor":28.0},{"not_picked":["Streamline","Blizzard","Chaos"],"picked":"SKIP","floor":29.0},{"not_picked":["Rip and Tear+1","Go for the Eyes","Compile Driver"],"picked":"SKIP","floor":31.0},{"not_picked":["Machine Learning","Fission"],"picked":"Echo Form","floor":33.0},{"not_picked":["Melter","Force Field+1","Steam"],"picked":"SKIP","floor":35.0},{"not_picked":["Consume","Force Field"],"picked":"White Noise+1","floor":37.0},{"not_picked":["Go for the Eyes","Undo","Gash"],"picked":"SKIP","floor":39.0},{"not_picked":["Darkness","Redo"],"picked":"Force Field+1","floor":41.0},{"not_picked":["Streamline","Ball Lightning"],"picked":"Buffer","floor":42.0}],"player_experience":2827224,"relics_obtained":[{"floor":9.0,"key":"Shuriken"},{"floor":28.0,"key":"Darkstone Periapt"},{"floor":43.0,"key":"Blood Vial"}],"event_choices":[{"damage_healed":19.0,"max_hp_gain":0.0,"max_hp_loss":0.0,"gold_gain":0.0,"event_name":"The Cleric","player_choice":"Healed","floor":4.0,"gold_loss":35.0,"damage_taken":0.0},{"cards_removed":["Strike_B"],"damage_healed":0.0,"max_hp_gain":0.0,"max_hp_loss":0.0,"gold_gain":0.0,"event_name":"Golden Wing","player_choice":"Card Removal","floor":11.0,"gold_loss":0.0,"damage_taken":7.0},{"damage_healed":0.0,"max_hp_gain":0.0,"max_hp_loss":0.0,"gold_gain":0.0,"event_name":"WeMeetAgain","player_choice":"Gave Potion","floor":21.0,"gold_loss":0.0,"damage_taken":0.0,"relics_obtained":["Mummified Hand"]},{"damage_healed":0.0,"max_hp_gain":0.0,"max_hp_loss":0.0,"gold_gain":0.0,"event_name":"Vampires","player_choice":"Ignored","floor":24.0,"gold_loss":0.0,"damage_taken":0.0},{"damage_healed":0.0,"max_hp_gain":0.0,"max_hp_loss":0.0,"gold_gain":0.0,"cards_transformed":["Strike_B"],"event_name":"Transmorgrifier","player_choice":"Transformed","floor":36.0,"gold_loss":0.0,"damage_taken":0.0,"cards_obtained":["Barrage"]},{"damage_healed":0.0,"max_hp_gain":0.0,"max_hp_loss":0.0,"gold_gain":0.0,"event_name":"Mysterious Sphere","player_choice":"Ignored","floor":38.0,"gold_loss":0.0,"damage_taken":0.0}],"is_beta":true,"boss_relics":[{"not_picked":["Astrolabe","Tiny House"],"picked":"Nuclear Battery"},{"not_picked":["Black Star","Calling Bell"],"picked":"Inserter"}],"items_purged_floors":[],"is_endless":false,"potions_floor_spawned":[2,7,8,12,20,28,29,39,41,44],"killed_by":"Jaw Worm Horde","ascension_level":17}