{"gold_per_floor":[211,222,240,4,24,24,58,58,110,110],"floor_reached":10,"playtime":538,"items_purged":["Strike_G"],"score":126,"play_id":"5235835b-b307-42e6-990b-b15a0bca844b","local_time":"20190601203939","is_ascension_mode":true,"campfire_choices":[{"data":"Deadly Poison","floor":6,"key":"SMITH"},{"data":"Poisoned Stab","floor":8,"key":"SMITH"}],"neow_cost":"NONE","seed_source_timestamp":521939466864688,"circlet_count":0,"master_deck":["AscendersBane","Defend_G","Defend_G","Defend_G","Defend_G","Defend_G","Strike_G","Strike_G","Strike_G","Strike_G","Survivor","Neutralize","Leg Sweep","Deflect","Dagger Spray","Deadly Poison+1","Bane","Caltrops","Poisoned Stab+1"],"relics":["Ring of the Snake","Meat on the Bone","Pen Nib"],"potions_floor_usage":[7,10],"damage_taken":[{"damage":0,"enemies":"Jaw Worm","floor":1,"turns":6},{"damage":5,"enemies":"Small Slimes","floor":2,"turns":5},{"damage":7,"enemies":"Cultist","floor":3,"turns":6},{"damage":10,"enemies":"Large Slime","floor":5,"turns":7},{"damage":23,"enemies":"3 Sentries","floor":7,"turns":9},{"damage":20,"enemies":"Gremlin Nob","floor":10,"turns":4}],"seed_played":"4566774775818408731","potions_obtained":[{"floor":2,"key":"Ancient Potion"},{"floor":3,"key":"Dexterity Potion"},{"floor":7,"key":"Fruit Juice"}],"is_trial":false,"path_per_floor":["M","M","M","$","M","R","E","R","T","E"],"character_chosen":"THE_SILENT","items_purchased":["Deadly Poison","Bane","Caltrops"],"campfire_rested":0,"item_purchase_floors":[4,4,4],"current_hp_per_floor":[59,54,47,47,37,37,14,14,14,0],"gold":110,"neow_bonus":"HUNDRED_GOLD","is_prod":false,"is_daily":false,"chose_seed":false,"campfire_upgraded":2,"win_rate":0,"timestamp":1559414379,"path_taken":["M","M","M","$","M","R","E","R","T","E"],"build_version":"2019-01-23","purchased_purges":1,"victory":false,"max_hp_per_floor":[66,66,66,66,66,66,66,66,66,71],"card_choices":[{"not_picked":["Quick Slash","Slice"],"picked":"Leg Sweep","floor":1},{"not_picked":["Predator","Choke"],"picked":"Deflect","floor":2},{"not_picked":["Deflect","Leg Sweep"],"picked":"Dagger Spray","floor":3},{"not_picked":["Blur","Dodge and Roll"],"picked":"Poisoned Stab","floor":5},{"not_picked":["Slice","Acrobatics","Sucker Punch"],"picked":"SKIP","floor":7}],"player_experience":653236,"relics_obtained":[{"floor":7,"key":"Meat on the Bone"},{"floor":9,"key":"Pen Nib"}],"event_choices":[],"is_beta":false,"boss_relics":[],"items_purged_floors":[4],"is_endless":false,"potions_floor_spawned":[2,3,7],"killed_by":"Gremlin Nob","ascension_level":17}