{"gold_per_floor":[112,112,112,129,145,145,177,177,177,204,204,235,300,69,69,142,142,160,85,101,121,139,139,167,116,116,116,116,444,171,171,171,245,245,255,75,75,375,394,394,394,428,454,470,503,503,517,550,550,550,550,550,61,89,89],"floor_reached":55,"playtime":7378,"items_purged":["Strike_R","Writhe","Brutality","Defend_R"],"score":1522,"play_id":"456771f5-90a6-4630-8adc-a19d9a8b9aa9","local_time":"20190426083103","is_ascension_mode":true,"campfire_choices":[{"floor":6.0,"key":"REST"},{"floor":8.0,"key":"REST"},{"data":"Inflame","floor":15.0,"key":"SMITH"},{"data":"Bash","floor":23.0,"key":"SMITH"},{"data":"1","floor":27.0,"key":"LIFT"},{"floor":32.0,"key":"REST"},{"data":"2","floor":40.0,"key":"LIFT"},{"data":"3","floor":46.0,"key":"LIFT"},{"floor":49.0,"key":"RECALL"},{"data":"Pummel","floor":52.0,"key":"SMITH"}],"neow_cost":"TEN_PERCENT_HP_LOSS","seed_source_timestamp":0,"circlet_count":0,"master_deck":["AscendersBane","Strike_R+1","Strike_R","Defend_R","Defend_R","Defend_R","Bash+1","Burning Pact","Clothesline+1","Inflame+1","Spot Weakness","Disarm+1","Feed","Pummel+1","Shrug It Off+1","Reaper","Sentinel+1","Dropkick","Shrug It Off+1","Dropkick","Flex+1","Demon Form+1","Demon Form+1","Disarm+1","True Grit+1","Purity+1","Madness+1","Master of Strategy+1","Ghostly Armor+1","Sever Soul","True Grit+1","Battle Trance+1","Pummel+1"],"special_seed":0,"relics":["Burning Blood","Toxic Egg 2","Meat on the Bone","Bag of Preparation","Red Skull","Paper Frog","Lee\u0027s Waffle","Runic Pyramid","Girya","Frozen Egg 2","Pear","Old Coin","Bag of Marbles","Mark of Pain","Boot","Lantern","Molten Egg 2","Frozen Eye","Pen Nib"],"potions_floor_usage":[55,55],"damage_taken":[{"damage":6.0,"enemies":"Small Slimes","floor":1.0,"turns":4.0},{"damage":5.0,"enemies":"2 Louse","floor":4.0,"turns":4.0},{"damage":13.0,"enemies":"Jaw Worm","floor":5.0,"turns":4.0},{"damage":36.0,"enemies":"3 Sentries","floor":7.0,"turns":8.0},{"damage":13.0,"enemies":"Gremlin Nob","floor":10.0,"turns":5.0},{"damage":26.0,"enemies":"3 Sentries","floor":12.0,"turns":7.0},{"damage":28.0,"enemies":"Lagavulin Event","floor":13.0,"turns":5.0},{"damage":18.0,"enemies":"The Guardian","floor":16.0,"turns":13.0},{"damage":43.0,"enemies":"Shell Parasite","floor":18.0,"turns":7.0},{"damage":26.0,"enemies":"2 Thieves","floor":20.0,"turns":4.0},{"damage":25.0,"enemies":"Centurion and Healer","floor":21.0,"turns":10.0},{"damage":26.0,"enemies":"Shelled Parasite and Fungi","floor":22.0,"turns":8.0},{"damage":62.0,"enemies":"Slavers","floor":24.0,"turns":9.0},{"damage":59.0,"enemies":"Gremlin Leader","floor":29.0,"turns":6.0},{"damage":38.0,"enemies":"Champ","floor":33.0,"turns":11.0},{"damage":13.0,"enemies":"3 Shapes","floor":35.0,"turns":6.0},{"damage":24.0,"enemies":"3 Darklings","floor":39.0,"turns":7.0},{"damage":58.0,"enemies":"Reptomancer","floor":42.0,"turns":7.0},{"damage":47.0,"enemies":"Writhing Mass","floor":44.0,"turns":8.0},{"damage":30.0,"enemies":"Nemesis","floor":45.0,"turns":7.0},{"damage":14.0,"enemies":"4 Shapes","floor":47.0,"turns":7.0},{"damage":28.0,"enemies":"Giant Head","floor":48.0,"turns":6.0},{"damage":74.0,"enemies":"Time Eater","floor":50.0,"turns":11.0},{"damage":84.0,"enemies":"Shield and Spear","floor":54.0,"turns":8.0},{"damage":118,"enemies":"The Heart","floor":55,"turns":6}],"seed_played":"6995207248863827102","potions_obtained":[{"floor":5.0,"key":"SkillPotion"},{"floor":7.0,"key":"SkillPotion"},{"floor":12.0,"key":"FearPotion"},{"floor":13.0,"key":"Dexterity Potion"},{"floor":22.0,"key":"Energy Potion"},{"floor":29.0,"key":"Fire Potion"},{"floor":42.0,"key":"GamblersBrew"}],"is_trial":false,"path_per_floor":["M","?","?","M","M","R","E","R","T","E","$","E","?","$","R","B",null,"M","$","M","M","M","R","E","$","T","R","?","E","$","?","R","B",null,"M","$","?","?","M","R","?","E","T","M","E","R","M","E","R","B",null,"R","$","E","B"],"character_chosen":"IRONCLAD","items_purchased":["Lee\u0027s Waffle","Flex+1","Bag of Marbles","True Grit+1","Battle Trance+1","Frozen Eye","Pummel+1"],"campfire_rested":3,"item_purchase_floors":[14,25,30,36,53,53,53],"current_hp_per_floor":[68,68,48,49,42,62,32,52,52,45,45,40,30,78,78,69,78,56,56,57,68,63,63,54,54,54,54,64,62,62,42,73,91,105,101,101,91,91,115,115,115,106,106,104,124,124,127,130,130,133,133,133,133,92,0],"gold":89,"neow_bonus":"TRANSFORM_TWO_CARDS","is_prod":false,"is_daily":false,"chose_seed":false,"campfire_upgraded":3,"win_rate":0,"timestamp":1556235063,"path_taken":["M","?","?","M","M","R","E","R","T","E","$","E","?","$","R","BOSS","M","$","M","M","M","R","E","$","T","R","?","E","$","?","R","BOSS","M","$","?","?","?","R","?","E","T","M","E","R","?","E","R","BOSS","R","$","E","BOSS"],"build_version":"2019-04-23","purchased_purges":4,"victory":false,"max_hp_per_floor":[68,68,68,68,68,68,68,68,68,68,68,71,71,78,78,81,81,84,84,87,90,93,93,96,96,96,96,106,106,106,106,106,109,109,112,112,112,112,115,115,115,118,118,121,124,124,127,130,130,133,133,133,133,136,136],"card_choices":[{"not_picked":["Burning Pact","Twin Strike"],"picked":"Clothesline","floor":1.0},{"not_picked":["Heavy Blade","Sword Boomerang"],"picked":"Inflame","floor":4.0},{"not_picked":["Thunderclap","Sentinel"],"picked":"Spot Weakness","floor":5.0},{"not_picked":["Blood for Blood","Dropkick"],"picked":"Disarm","floor":7.0},{"not_picked":["Iron Wave","Disarm+1"],"picked":"Feed","floor":10.0},{"not_picked":["Fire Breathing","Blood for Blood"],"picked":"Pummel","floor":12.0},{"not_picked":["Iron Wave","Carnage"],"picked":"Shrug It Off+1","floor":13.0},{"not_picked":["Brutality","Fiend Fire"],"picked":"Reaper","floor":16.0},{"not_picked":["Clash","Body Slam","Rampage"],"picked":"SKIP","floor":18.0},{"not_picked":["Twin Strike","Thunderclap"],"picked":"Sentinel+1","floor":20.0},{"not_picked":["Warcry+1","Iron Wave"],"picked":"Dropkick","floor":21.0},{"not_picked":["Thunderclap","Feel No Pain"],"picked":"Shrug It Off+1","floor":22.0},{"not_picked":["Spot Weakness+1","Wild Strike"],"picked":"Dropkick","floor":24.0},{"not_picked":["Heavy Blade","True Grit+1"],"picked":"Demon Form+1","floor":29.0},{"not_picked":["Dark Embrace+1","Juggernaut+1"],"picked":"Demon Form+1","floor":33.0},{"not_picked":["Flex+1","Armaments+1"],"picked":"Disarm+1","floor":35.0},{"not_picked":["Discovery+1","Swift Strike"],"picked":"Purity+1","floor":37.0},{"not_picked":["Deep Breath+1","Discovery+1"],"picked":"Madness+1","floor":37.0},{"not_picked":["Metamorphosis+1","Blind+1"],"picked":"Master of Strategy+1","floor":37.0},{"not_picked":["Clash","Power Through+1"],"picked":"Ghostly Armor+1","floor":39.0},{"not_picked":["Shrug It Off+1","Clothesline+1"],"picked":"Sever Soul","floor":42.0},{"not_picked":["Pommel Strike","Flex+1"],"picked":"True Grit+1","floor":44.0},{"not_picked":["Anger","Clash+1","Cleave"],"picked":"SKIP","floor":45.0},{"not_picked":["Armaments+1","Sword Boomerang","Power Through+1"],"picked":"SKIP","floor":47.0},{"not_picked":["Combust+1","Barricade+1","True Grit+1"],"picked":"SKIP","floor":48.0},{"not_picked":["Clothesline+1","Ghostly Armor+1","Entrench+1"],"picked":"SKIP","floor":54.0}],"player_experience":3072430,"relics_obtained":[{"floor":7.0,"key":"Toxic Egg 2"},{"floor":9.0,"key":"Meat on the Bone"},{"floor":10.0,"key":"Bag of Preparation"},{"floor":12.0,"key":"Red Skull"},{"floor":24.0,"key":"Girya"},{"floor":26.0,"key":"Frozen Egg 2"},{"floor":29.0,"key":"Old Coin"},{"floor":42.0,"key":"Boot"},{"floor":45.0,"key":"Lantern"},{"floor":48.0,"key":"Molten Egg 2"},{"floor":54.0,"key":"Pen Nib"}],"event_choices":[{"damage_healed":0.0,"max_hp_gain":0.0,"max_hp_loss":0.0,"gold_gain":0.0,"event_name":"Liars Game","player_choice":"Ignored","floor":2.0,"gold_loss":0.0,"damage_taken":0.0},{"damage_healed":0.0,"max_hp_gain":0.0,"max_hp_loss":0.0,"gold_gain":0.0,"event_name":"Shining Light","player_choice":"Entered Light","floor":3.0,"gold_loss":0.0,"damage_taken":20.0,"cards_upgraded":["Strike_R","Clothesline"]},{"damage_healed":0.0,"max_hp_gain":0.0,"max_hp_loss":0.0,"gold_gain":30.0,"event_name":"Dead Adventurer","player_choice":"Searched \u00273\u0027 times","floor":13.0,"gold_loss":0.0,"damage_taken":0.0,"relics_obtained":["Paper Frog"]},{"damage_healed":0.0,"max_hp_gain":0.0,"max_hp_loss":0.0,"gold_gain":0.0,"event_name":"The Mausoleum","player_choice":"Opened","floor":28.0,"gold_loss":0.0,"damage_taken":0.0,"relics_obtained":["Pear"],"cards_obtained":["Writhe"]},{"damage_healed":0.0,"max_hp_gain":0.0,"max_hp_loss":0.0,"gold_gain":0.0,"event_name":"Knowing Skull","player_choice":"POTION ","floor":31.0,"potions_obtained":["Ancient Potion"],"gold_loss":0.0,"damage_taken":20.0,"cards_obtained":[]},{"damage_healed":0.0,"max_hp_gain":0.0,"max_hp_loss":0.0,"gold_gain":0.0,"event_name":"SensoryStone","player_choice":"Memory 3","floor":37.0,"gold_loss":0.0,"damage_taken":10.0},{"damage_healed":0.0,"max_hp_gain":0.0,"max_hp_loss":0.0,"gold_gain":300.0,"event_name":"Wheel of Change","player_choice":"Gold","floor":38.0,"gold_loss":0.0,"damage_taken":0.0},{"damage_healed":0.0,"max_hp_gain":0.0,"max_hp_loss":0.0,"gold_gain":0.0,"event_name":"SecretPortal","player_choice":"Ignored","floor":41.0,"gold_loss":0.0,"damage_taken":0.0}],"is_beta":true,"boss_relics":[{"not_picked":["Runic Dome","Sozu"],"picked":"Runic Pyramid"},{"not_picked":["Pandora\u0027s Box","Runic Cube"],"picked":"Mark of Pain"}],"items_purged_floors":[19,30,36,53],"is_endless":false,"potions_floor_spawned":[5,7,12,13,21,22,29,42,44,47,48],"killed_by":"The Heart","ascension_level":17}