{"gold_per_floor":[209,0,20,20,32,94,94,107,107,8,26,26,38,52,52,150,150,164,12,12,24,24,24,56,56,82,181,192,210,22,22],"floor_reached":31,"playtime":2094,"items_purged":["Strike_R"],"score":308,"play_id":"8d74654c-fc8c-4fa6-9e3a-67b872ead63c","local_time":"20181230201129","is_ascension_mode":true,"campfire_choices":[{"data":"Trip","floor":7,"key":"SMITH"},{"data":"Armaments","floor":12,"key":"SMITH"},{"data":"Hologram","floor":15,"key":"SMITH"},{"data":"Creative AI","floor":23,"key":"SMITH"},{"floor":25,"key":"REST"}],"neow_cost":"NONE","seed_source_timestamp":685403319361735,"circlet_count":0,"master_deck":["Bash","Sword Boomerang","Shrug It Off","Twin Strike","Dagger Spray","Trip+1","Clothesline+1","Armaments+1","Backflip","Hologram+1","Creative AI+1","Flame Barrier","Rampage+1","Impervious","Perfected Strike","Rage","Sword Boomerang","Flex","PiercingWail+1","Deep Breath","Offering","Backflip","Well Laid Plans","Metallicize"],"relics":["Burning Blood","PrismaticShard","Tiny Chest","Bronze Scales","Pandora\u0027s Box","Whetstone","Mercury Hourglass","Orichalcum","Oddly Smooth Stone"],"potions_floor_usage":[16,24,29],"damage_taken":[{"damage":12,"enemies":"Jaw Worm","floor":1,"turns":3},{"damage":6,"enemies":"Cultist","floor":3,"turns":3},{"damage":0,"enemies":"Small Slimes","floor":5,"turns":2},{"damage":45,"enemies":"3 Sentries","floor":6,"turns":7},{"damage":6,"enemies":"Looter","floor":8,"turns":2},{"damage":6,"enemies":"2 Fungi Beasts","floor":11,"turns":3},{"damage":8,"enemies":"Exordium Thugs","floor":13,"turns":2},{"damage":9,"enemies":"Blue Slaver","floor":14,"turns":3},{"damage":34,"enemies":"Hexaghost","floor":16,"turns":11},{"damage":7,"enemies":"Shell Parasite","floor":18,"turns":7},{"damage":24,"enemies":"Spheric Guardian","floor":21,"turns":6},{"damage":44,"enemies":"Book of Stabbing","floor":24,"turns":4},{"damage":30,"enemies":"Cultist and Chosen","floor":28,"turns":5},{"damage":16,"enemies":"Centurion and Healer","floor":29,"turns":5},{"damage":22,"enemies":"3 Cultists","floor":31,"turns":4}],"seed_played":"1960480388364565914","potions_obtained":[{"floor":5,"key":"Weak Potion"},{"floor":11,"key":"EssenceOfSteel"},{"floor":14,"key":"SteroidPotion"},{"floor":16,"key":"Explosive Potion"},{"floor":21,"key":"GamblersBrew"}],"is_trial":false,"path_per_floor":["M","$","M","?","M","E","R","M","T","$","M","R","M","M","R","B",null,"M","$","?","M","?","R","E","R","T","?","M","M","$","M"],"character_chosen":"IRONCLAD","items_purchased":["PrismaticShard","Armaments","Whetstone","Oddly Smooth Stone","Metallicize"],"campfire_rested":1,"item_purchase_floors":[2,10,19,30,30],"current_hp_per_floor":[74,74,74,74,80,41,41,41,41,41,41,41,39,36,36,8,80,79,79,79,61,61,61,23,47,47,47,23,13,13,0],"gold":22,"neow_bonus":"HUNDRED_GOLD","is_prod":false,"is_daily":false,"chose_seed":false,"campfire_upgraded":4,"win_rate":0,"timestamp":1546168289,"path_taken":["M","$","M","?","M","E","R","M","T","?","M","R","?","M","R","BOSS","M","$","?","M","?","R","E","R","T","?","?","M","$","M"],"build_version":"2018-12-20","purchased_purges":1,"victory":false,"max_hp_per_floor":[80,80,80,80,80,80,80,80,80,80,80,80,80,80,80,80,80,80,80,80,80,80,80,80,80,80,80,80,80,80,80],"card_choices":[{"not_picked":["Corruption","Thunderclap"],"picked":"Sword Boomerang","floor":1},{"not_picked":["Skim","Acrobatics"],"picked":"Shrug It Off","floor":3},{"not_picked":["Cleave","True Grit"],"picked":"Dagger Spray","floor":5},{"not_picked":["Thunderclap","Die Die Die"],"picked":"Trip","floor":6},{"not_picked":["Underhanded Strike","Dagger Throw"],"picked":"Clothesline","floor":8},{"not_picked":["Sword Boomerang","Poisoned Stab"],"picked":"Backflip","floor":11},{"not_picked":["Endless Agony","Consume","Masterful Stab"],"picked":"SKIP","floor":13},{"not_picked":["Havoc","Whirlwind"],"picked":"Hologram","floor":14},{"not_picked":["Amplify","Master of Strategy"],"picked":"Creative AI","floor":16},{"not_picked":["Slice+1","Terror+1"],"picked":"PiercingWail+1","floor":18},{"not_picked":["Headbutt+1","Shrug It Off+1"],"picked":"Deep Breath","floor":21},{"not_picked":["Infinite Blades","Wild Strike"],"picked":"Offering","floor":24},{"not_picked":["Tactician","Gash"],"picked":"Backflip","floor":28},{"not_picked":["Finisher","Sword Boomerang"],"picked":"Well Laid Plans","floor":29}],"player_experience":277793,"relics_obtained":[{"floor":6,"key":"Tiny Chest"},{"floor":9,"key":"Bronze Scales"},{"floor":24,"key":"Mercury Hourglass"},{"floor":26,"key":"Orichalcum"}],"event_choices":[{"damage_healed":0,"gold_gain":0,"cards_transformed":["Strike_R"],"player_choice":"Transformed","damage_taken":0,"max_hp_gain":0,"max_hp_loss":0,"event_name":"Transmorgrifier","floor":4,"gold_loss":0,"cards_obtained":["Twin Strike"]},{"damage_healed":0,"gold_gain":0,"player_choice":"Ignored","damage_taken":0,"max_hp_gain":0,"max_hp_loss":0,"event_name":"Vampires","floor":20,"gold_loss":0},{"damage_healed":0,"gold_gain":99,"player_choice":"Stole From Cult","damage_taken":0,"max_hp_gain":0,"max_hp_loss":0,"event_name":"Nest","floor":27,"gold_loss":0}],"is_beta":false,"boss_relics":[{"not_picked":["Cursed Key","Velvet Choker"],"picked":"Pandora\u0027s Box"}],"items_purged_floors":[10],"is_endless":false,"potions_floor_spawned":[5,11,14,16,21],"killed_by":"3 Cultists","ascension_level":4}