{"gold_per_floor":[119,119,119,139,158,192,292,292,339,353,174,174,185,195,195,195],"floor_reached":16,"playtime":753,"items_purged":["Strike_G"],"score":163,"play_id":"25555a05-2bd6-464b-b249-ef6beb1a6bac","local_time":"20190119193904","is_ascension_mode":true,"campfire_choices":[{"data":"Neutralize","floor":8,"key":"SMITH"},{"floor":12,"key":"REST"},{"data":"Tactician","floor":15,"key":"SMITH"}],"neow_cost":"NONE","seed_source_timestamp":794903212343980,"circlet_count":0,"master_deck":["AscendersBane","Defend_G","Defend_G","Defend_G","Defend_G","Defend_G","Strike_G","Strike_G","Survivor","Neutralize+1","Flying Knee","Backflip","Deadly Poison","Crippling Poison","Calculated Gamble","Tactician+1","Backflip","Reflex","Skewer"],"relics":["Ring of the Snake","Oddly Smooth Stone","Bronze Scales","Art of War"],"potions_floor_usage":[6,16],"damage_taken":[{"damage":3,"enemies":"Small Slimes","floor":1,"turns":5},{"damage":0,"enemies":"Jaw Worm","floor":4,"turns":4},{"damage":1,"enemies":"Cultist","floor":5,"turns":4},{"damage":21,"enemies":"Gremlin Nob","floor":6,"turns":4},{"damage":8,"enemies":"2 Fungi Beasts","floor":10,"turns":3},{"damage":6,"enemies":"Gremlin Gang","floor":13,"turns":4},{"damage":3,"enemies":"Blue Slaver","floor":14,"turns":4},{"damage":41,"enemies":"Slime Boss","floor":16,"turns":13}],"seed_played":"6726393014382105712","potions_obtained":[{"floor":5,"key":"AttackPotion"},{"floor":6,"key":"GhostInAJar"},{"floor":14,"key":"Energy Potion"}],"is_trial":false,"path_per_floor":["M","?","?","M","M","E","?","R","T","M","$","R","M","M","R","B"],"character_chosen":"THE_SILENT","items_purchased":["Tactician","Backflip"],"campfire_rested":1,"item_purchase_floors":[11,11],"current_hp_per_floor":[60,53,53,53,52,31,31,31,31,23,23,44,38,35,35,0],"gold":195,"neow_bonus":"RANDOM_COMMON_RELIC","is_prod":false,"is_daily":false,"chose_seed":false,"campfire_upgraded":2,"win_rate":0,"timestamp":1547894344,"path_taken":["M","?","?","?","M","E","?","R","T","?","$","R","M","M","R","BOSS"],"build_version":"2019-01-17v2","purchased_purges":1,"victory":false,"max_hp_per_floor":[70,70,70,70,70,70,70,70,70,70,70,70,70,70,70,70],"card_choices":[{"not_picked":["Outmaneuver","Endless Agony"],"picked":"Flying Knee","floor":1},{"not_picked":["Slice","Dagger Spray"],"picked":"Backflip","floor":4},{"not_picked":["Backflip","Concentrate"],"picked":"Deadly Poison","floor":5},{"not_picked":["Burst","Acrobatics"],"picked":"Crippling Poison","floor":6},{"not_picked":["Caltrops","Endless Agony"],"picked":"Calculated Gamble","floor":10},{"not_picked":["Cloak And Dagger","Deadly Poison"],"picked":"Reflex","floor":13},{"not_picked":["Sucker Punch","Slice"],"picked":"Skewer","floor":14}],"player_experience":414308,"relics_obtained":[{"floor":6,"key":"Bronze Scales"},{"floor":9,"key":"Art of War"}],"event_choices":[{"cards_removed":["Strike_G"],"damage_healed":0,"gold_gain":0,"player_choice":"Card Removal","damage_taken":7,"max_hp_gain":0,"max_hp_loss":0,"event_name":"Golden Wing","floor":2,"gold_loss":0},{"cards_removed":["Strike_G"],"damage_healed":0,"gold_gain":0,"player_choice":"Purged","damage_taken":0,"max_hp_gain":0,"max_hp_loss":0,"event_name":"Purifier","floor":3,"gold_loss":0},{"damage_healed":0,"gold_gain":100,"player_choice":"Pray","damage_taken":0,"max_hp_gain":0,"max_hp_loss":0,"event_name":"Golden Shrine","floor":7,"gold_loss":0}],"is_beta":false,"boss_relics":[],"items_purged_floors":[11],"is_endless":false,"potions_floor_spawned":[5,6,14],"killed_by":"Slime Boss","ascension_level":12}