{"gold_per_floor":[15,31,48,48,68,68,99,99,151,178,190,215,240,252,264,353,365,388,415,23,23,73,73,73,73,73,73,83,97,111,122,122,199,199,215,315,315,315,215,241,241,268,268,268,278,278,278,327,327,327,327,327,327,148,177,177],"floor_reached":56,"playtime":2668,"items_purged":["Zap","Rip and Tear","Sweeping Beam"],"score":1901,"play_id":"bc1925fe-3dee-438e-a599-3059545199a6","local_time":"20190402031956","is_ascension_mode":true,"campfire_choices":[{"floor":6.0,"key":"REST"},{"floor":8.0,"key":"REST"},{"data":"Conserve Battery","floor":11.0,"key":"SMITH"},{"floor":15.0,"key":"REST"},{"data":"Biased Cognition","floor":23.0,"key":"SMITH"},{"data":"Coolheaded","floor":25.0,"key":"SMITH"},{"data":"Hologram","floor":32.0,"key":"SMITH"},{"floor":41.0,"key":"REST"},{"data":"Shame","floor":46.0,"key":"PURGE"},{"floor":47.0,"key":"RECALL"},{"floor":49.0,"key":"REST"},{"data":"Apotheosis","floor":53.0,"key":"SMITH"}],"neow_cost":"NO_GOLD","seed_source_timestamp":1651711465934900,"circlet_count":0,"master_deck":["AscendersBane","Dualcast","Melter","Genetic Algorithm","Hologram+1","Conserve Battery+1","Creative AI+1","Core Surge","Ball Lightning","Heatsinks","Biased Cognition+1","Coolheaded+1","Redo","Darkness","Compile Driver+1","Seek","Electrodynamics","Apotheosis+1","Finesse","Deep Breath","Conserve Battery+1","Force Field+1","Skim","Go for the Eyes+1"],"special_seed":0,"relics":["Cracked Core","Oddly Smooth Stone","MawBank","Pandora\u0027s Box","Gambling Chip","FossilizedHelix","Cursed Key","WingedGreaves","Peace Pipe","Pen Nib","Thread and Needle","Ice Cream"],"potions_floor_usage":[56],"damage_taken":[{"damage":4.0,"enemies":"2 Louse","floor":1.0,"turns":3.0},{"damage":15.0,"enemies":"Small Slimes","floor":2.0,"turns":3.0},{"damage":0.0,"enemies":"Cultist","floor":3.0,"turns":3.0},{"damage":22.0,"enemies":"Exordium Thugs","floor":5.0,"turns":4.0},{"damage":25.0,"enemies":"Lagavulin","floor":7.0,"turns":6.0},{"damage":8.0,"enemies":"Gremlin Nob","floor":10.0,"turns":3.0},{"damage":0.0,"enemies":"Looter","floor":12.0,"turns":3.0},{"damage":9.0,"enemies":"Large Slime","floor":13.0,"turns":6.0},{"damage":9.0,"enemies":"Slime Boss","floor":16.0,"turns":7.0},{"damage":13.0,"enemies":"2 Thieves","floor":18.0,"turns":3.0},{"damage":7.0,"enemies":"3 Byrds","floor":19.0,"turns":4.0},{"damage":8.0,"enemies":"Snake Plant","floor":28.0,"turns":6.0},{"damage":0.0,"enemies":"Shelled Parasite and Fungi","floor":29.0,"turns":7.0},{"damage":0.0,"enemies":"3 Cultists","floor":30.0,"turns":5.0},{"damage":0.0,"enemies":"Cultist and Chosen","floor":31.0,"turns":6.0},{"damage":1.0,"enemies":"Champ","floor":33.0,"turns":11.0},{"damage":0.0,"enemies":"3 Shapes","floor":35.0,"turns":3.0},{"damage":0.0,"enemies":"Mind Bloom Boss Battle","floor":36.0,"turns":9.0},{"damage":37.0,"enemies":"Nemesis","floor":40.0,"turns":11.0},{"damage":0.0,"enemies":"Reptomancer","floor":42.0,"turns":4.0},{"damage":0.0,"enemies":"Orb Walker","floor":45.0,"turns":4.0},{"damage":18.0,"enemies":"2 Orb Walkers","floor":48.0,"turns":6.0},{"damage":30.0,"enemies":"Awakened One","floor":50.0,"turns":12.0},{"damage":2.0,"enemies":"Donu and Deca","floor":51.0,"turns":15.0},{"damage":42.0,"enemies":"Shield and Spear","floor":55.0,"turns":6.0},{"damage":12,"enemies":"The Heart","floor":56,"turns":3}],"seed_played":"209784479758087198","potions_obtained":[{"floor":1.0,"key":"SkillPotion"},{"floor":3.0,"key":"GamblersBrew"},{"floor":5.0,"key":"GamblersBrew"},{"floor":13.0,"key":"Block Potion"},{"floor":18.0,"key":"Ancient Potion"},{"floor":28.0,"key":"AttackPotion"},{"floor":40.0,"key":"Fire Potion"},{"floor":42.0,"key":"EssenceOfSteel"}],"is_trial":false,"path_per_floor":["M","M","M","?","M","R","E","R","T","E","R","M","M","?","R","B",null,"M","M","$","?","?","R","?","R","T","?","M","M","M","M","R","B",null,"M","?","?","?","$","E","R","E","T","?","M","R","R","?","R","B","B",null,"R","$","E","B"],"character_chosen":"DEFECT","items_purchased":["Gambling Chip","Dexterity Potion"],"campfire_rested":5,"item_purchase_floors":[20,54],"current_hp_per_floor":[60,45,45,38,16,37,12,33,33,25,25,25,16,16,37,28,60,47,40,40,40,40,40,40,40,40,40,32,32,32,32,32,31,61,61,61,61,51,51,14,35,35,35,31,31,31,31,13,34,4,2,54,54,54,12,0],"gold":177,"neow_bonus":"REMOVE_TWO","is_prod":false,"is_daily":false,"chose_seed":false,"campfire_upgraded":5,"win_rate":0,"timestamp":1554142796,"path_taken":["M","M","M","?","M","R","E","R","T","E","R","M","M","?","R","BOSS","M","?","$","?","?","R","?","R","T","?","M","M","M","M","R","BOSS","M","?","?","?","?","E","R","E","T","?","?","R","R","?","R","BOSS","BOSS","R","$","E","BOSS"],"build_version":"2019-01-23","purchased_purges":3,"victory":false,"max_hp_per_floor":[71,71,71,71,71,71,71,71,71,71,71,71,71,71,71,71,71,71,71,71,71,71,71,71,71,71,71,71,71,71,71,71,71,71,71,71,71,71,71,71,71,71,71,71,71,71,71,71,71,71,71,71,71,71,71,71],"card_choices":[{"not_picked":["BootSequence","Go for the Eyes"],"picked":"Melter","floor":1.0},{"not_picked":["Stack","Leap"],"picked":"Genetic Algorithm","floor":2.0},{"not_picked":["Self Repair","FTL"],"picked":"Rip and Tear","floor":3.0},{"not_picked":["Barrage","Blizzard"],"picked":"Hologram","floor":5.0},{"not_picked":["Redo","Streamline"],"picked":"Sunder","floor":7.0},{"not_picked":["BootSequence","Compile Driver"],"picked":"Conserve Battery","floor":10.0},{"not_picked":["Turbo","Chaos","Steam"],"picked":"SKIP","floor":12.0},{"not_picked":["Sweeping Beam","Force Field"],"picked":"Creative AI","floor":13.0},{"not_picked":["Fission","Rainbow"],"picked":"Core Surge","floor":16.0},{"not_picked":["Redo","Sunder","Rip and Tear"],"picked":"SKIP","floor":18.0},{"not_picked":["Steam","Barrage","Rebound+1"],"picked":"SKIP","floor":19.0},{"not_picked":["Tempest+1","Barrage"],"picked":"Darkness","floor":28.0},{"not_picked":["Redo","Turbo"],"picked":"Compile Driver+1","floor":29.0},{"not_picked":["Cold Snap+1","Undo"],"picked":"Seek","floor":30.0},{"not_picked":["Barrage","Sweeping Beam","Gash+1"],"picked":"SKIP","floor":31.0},{"not_picked":["Fission","Amplify"],"picked":"Electrodynamics","floor":33.0},{"not_picked":["Streamline+1","Genetic Algorithm","Beam Cell"],"picked":"SKIP","floor":35.0},{"not_picked":["Deep Breath","Trip"],"picked":"Apotheosis","floor":38.0},{"not_picked":["Trip","Forethought"],"picked":"Finesse","floor":38.0},{"not_picked":["Discovery","Impatience"],"picked":"Deep Breath","floor":38.0},{"not_picked":["Amplify","Redo"],"picked":"Conserve Battery+1","floor":40.0},{"not_picked":["Steam Power+1","Conserve Battery+1"],"picked":"Force Field+1","floor":42.0},{"not_picked":["Turbo","Darkness"],"picked":"Skim","floor":45.0},{"not_picked":["Hologram","Ball Lightning"],"picked":"Go for the Eyes+1","floor":55.0}],"player_experience":4683851,"relics_obtained":[{"floor":9.0,"key":"Oddly Smooth Stone"},{"floor":10.0,"key":"MawBank"},{"floor":26.0,"key":"FossilizedHelix"},{"floor":36.0,"key":"WingedGreaves"},{"floor":40.0,"key":"Peace Pipe"},{"floor":42.0,"key":"Pen Nib"},{"floor":48.0,"key":"Thread and Needle"},{"floor":55.0,"key":"Ice Cream"}],"event_choices":[{"cards_removed":["Strike_B"],"damage_healed":0.0,"max_hp_gain":0.0,"max_hp_loss":0.0,"gold_gain":0.0,"event_name":"Golden Wing","player_choice":"Card Removal","floor":4.0,"gold_loss":0.0,"damage_taken":7.0},{"damage_healed":0.0,"max_hp_gain":0.0,"max_hp_loss":0.0,"gold_gain":0.0,"event_name":"Accursed Blacksmith","player_choice":"Forge","floor":14.0,"gold_loss":0.0,"damage_taken":0.0,"cards_upgraded":["Creative AI"]},{"damage_healed":0.0,"max_hp_gain":0.0,"max_hp_loss":0.0,"gold_gain":0.0,"event_name":"The Library","player_choice":"Read","floor":21.0,"gold_loss":0.0,"damage_taken":0.0,"cards_obtained":["Coolheaded"]},{"damage_healed":0.0,"max_hp_gain":0.0,"max_hp_loss":0.0,"gold_gain":50.0,"event_name":"Nest","player_choice":"Stole From Cult","floor":22.0,"gold_loss":0.0,"damage_taken":0.0},{"damage_healed":0.0,"max_hp_gain":0.0,"max_hp_loss":0.0,"gold_gain":0.0,"event_name":"Beggar","player_choice":"Ignored","floor":24.0,"gold_loss":0.0,"damage_taken":0.0},{"damage_healed":0.0,"max_hp_gain":0.0,"max_hp_loss":0.0,"gold_gain":0.0,"cards_transformed":["Static Discharge","Sunder"],"event_name":"Drug Dealer","player_choice":"Became Test Subject","floor":27.0,"gold_loss":0.0,"damage_taken":0.0,"cards_obtained":["Redo","Sweeping Beam"]},{"damage_healed":0.0,"max_hp_gain":0.0,"max_hp_loss":0.0,"gold_gain":0.0,"event_name":"MindBloom","player_choice":"Fight","floor":36.0,"gold_loss":0.0,"damage_taken":0.0},{"cards_removed":["Reinforced Body"],"damage_healed":0.0,"max_hp_gain":0.0,"max_hp_loss":0.0,"gold_gain":0.0,"event_name":"Falling","player_choice":"Removed Skill","floor":37.0,"gold_loss":0.0,"damage_taken":0.0},{"damage_healed":0.0,"max_hp_gain":0.0,"max_hp_loss":0.0,"gold_gain":0.0,"event_name":"SensoryStone","player_choice":"Memory 3","floor":38.0,"gold_loss":0.0,"damage_taken":10.0},{"damage_healed":0.0,"max_hp_gain":0.0,"max_hp_loss":0.0,"gold_gain":0.0,"event_name":"The Woman in Blue","player_choice":"Bought 0 Potions","floor":44.0,"gold_loss":0.0,"damage_taken":0.0},{"damage_healed":0.0,"max_hp_gain":0.0,"max_hp_loss":0.0,"gold_gain":0.0,"event_name":"Mysterious Sphere","player_choice":"Fight","floor":48.0,"gold_loss":0.0,"damage_taken":0.0}],"is_beta":false,"boss_relics":[{"not_picked":["Philosopher\u0027s Stone","Empty Cage"],"picked":"Pandora\u0027s Box"},{"not_picked":["Busted Crown","Coffee Dripper"],"picked":"Cursed Key"}],"items_purged_floors":[20,39,54],"is_endless":false,"potions_floor_spawned":[1,3,5,13,18,28,29,40,42,45],"killed_by":"The Heart","ascension_level":20}