{"gold_per_floor":[20,20,20,20,20,20,38,38,61,74,74,96,96,107,107,204,204,222,222,236,255,275,275,288,288,288,300,317,8,8,8],"floor_reached":31,"playtime":2167,"items_purged":["Strike_R"],"score":252,"play_id":"2b136599-92e7-4fdd-b60a-f3bdfeafa5a9","local_time":"20181205173317","is_ascension_mode":false,"campfire_choices":[{"data":"Rage","floor":6,"key":"SMITH"},{"data":"Combust","floor":8,"key":"SMITH"},{"data":"Flex","floor":11,"key":"SMITH"},{"data":"Armaments","floor":13,"key":"SMITH"},{"data":"Heavy Blade","floor":15,"key":"SMITH"},{"data":"Iron Wave","floor":23,"key":"SMITH"},{"floor":25,"key":"REST"}],"neow_cost":"NO_GOLD","seed_source_timestamp":271272999057188,"circlet_count":0,"master_deck":["Strike_R","Defend_R","Defend_R","Bash+1","Combust+1","Rage+1","Rupture+1","Flex+1","Armaments+1","Heavy Blade+1","Feed","Pummel+1","Headbutt+1","Whirlwind+1","Iron Wave+1","Inflame+1","Bandage Up"],"relics":["Burning Blood","Frozen Egg 2","Juzu Bracelet","Odd Mushroom","Astrolabe","Vajra","Happy Flower"],"potions_floor_usage":[12,16,18,20,22,27],"damage_taken":[{"damage":7,"enemies":"2 Louse","floor":1,"turns":2},{"damage":8,"enemies":"Jaw Worm","floor":7,"turns":3},{"damage":2,"enemies":"Small Slimes","floor":10,"turns":3},{"damage":18,"enemies":"The Mushroom Lair","floor":12,"turns":3},{"damage":10,"enemies":"2 Fungi Beasts","floor":14,"turns":3},{"damage":41,"enemies":"Slime Boss","floor":16,"turns":8},{"damage":36,"enemies":"2 Thieves","floor":18,"turns":5},{"damage":12,"enemies":"3 Byrds","floor":20,"turns":4},{"damage":6,"enemies":"Snake Plant","floor":21,"turns":3},{"damage":11,"enemies":"Centurion and Healer","floor":22,"turns":5},{"damage":20,"enemies":"3 Cultists","floor":24,"turns":4},{"damage":33,"enemies":"Snecko","floor":27,"turns":6},{"damage":23,"enemies":"Snake Plant","floor":28,"turns":4},{"damage":23,"enemies":"Centurion and Healer","floor":31,"turns":3}],"seed_played":"-4413615966914070924","potions_obtained":[{"floor":7,"key":"PowerPotion"},{"floor":10,"key":"Block Potion"},{"floor":12,"key":"GamblersBrew"},{"floor":18,"key":"Regen Potion"},{"floor":21,"key":"Poison Potion"},{"floor":24,"key":"FearPotion"}],"is_trial":false,"path_per_floor":["M","?","?","$","?","R","M","R","T","M","R","?","R","M","R","B",null,"M","?","M","M","M","R","M","R","T","M","M","$","$","M"],"character_chosen":"IRONCLAD","items_purchased":["Happy Flower","Bandage Up"],"campfire_rested":1,"item_purchase_floors":[29,29],"current_hp_per_floor":[79,79,79,79,79,79,77,77,77,80,80,68,68,64,64,29,80,50,35,45,45,44,44,34,63,63,36,19,19,19,0],"gold":8,"neow_bonus":"TRANSFORM_TWO_CARDS","is_prod":false,"is_daily":false,"chose_seed":false,"campfire_upgraded":6,"win_rate":0,"timestamp":1543998797,"path_taken":["M","?","?","?","?","R","?","R","T","M","R","?","R","M","R","BOSS","M","?","M","M","M","R","M","R","T","M","M","?","$","M"],"build_version":"2018-11-15","purchased_purges":1,"victory":false,"max_hp_per_floor":[80,80,80,80,80,80,80,80,80,80,80,80,80,80,80,80,80,80,85,89,89,93,93,97,97,97,97,97,97,97,97],"card_choices":[{"not_picked":["Clothesline","Pommel Strike"],"picked":"Rage","floor":1},{"not_picked":["Pommel Strike","True Grit"],"picked":"Rupture+1","floor":7},{"not_picked":["Shrug It Off","Anger"],"picked":"Flex","floor":10},{"not_picked":["Clash","Flex"],"picked":"Armaments","floor":12},{"not_picked":["Body Slam","True Grit"],"picked":"Heavy Blade","floor":14},{"not_picked":["Berserk+1","Bludgeon"],"picked":"Feed","floor":16},{"not_picked":["Flame Barrier","Body Slam","Warcry"],"picked":"SKIP","floor":18},{"not_picked":["Clothesline","Heavy Blade+1","Rampage"],"picked":"SKIP","floor":20},{"not_picked":["Combust+1","Cleave"],"picked":"Iron Wave","floor":21},{"not_picked":["Warcry","Evolve+1","Perfected Strike+1"],"picked":"SKIP","floor":22},{"not_picked":["Thunderclap","Headbutt+1","Burning Pact+1"],"picked":"SKIP","floor":24},{"not_picked":["Pommel Strike","Reckless Charge","Clothesline"],"picked":"SKIP","floor":27},{"not_picked":["Anger+1","Pommel Strike+1"],"picked":"Inflame+1","floor":28}],"player_experience":102217,"relics_obtained":[{"floor":9,"key":"Juzu Bracelet"},{"floor":12,"key":"Odd Mushroom"},{"floor":26,"key":"Vajra"}],"event_choices":[{"damage_healed":0,"gold_gain":0,"player_choice":"Grow","damage_taken":0,"max_hp_gain":0,"max_hp_loss":0,"event_name":"Living Wall","floor":2,"gold_loss":0,"cards_upgraded":["Bash"]},{"damage_healed":0,"gold_gain":0,"player_choice":"Ignored","damage_taken":0,"max_hp_gain":0,"max_hp_loss":0,"event_name":"Golden Idol","floor":3,"gold_loss":0},{"cards_removed":["Disarm"],"damage_healed":0,"gold_gain":0,"player_choice":"Gave Card","damage_taken":0,"relics_obtained":["Frozen Egg 2"],"max_hp_gain":0,"max_hp_loss":0,"event_name":"WeMeetAgain","floor":5,"gold_loss":0},{"damage_healed":0,"gold_gain":0,"player_choice":"Fought Mushrooms","damage_taken":0,"max_hp_gain":0,"max_hp_loss":0,"event_name":"Mushrooms","floor":12,"gold_loss":0},{"damage_healed":0,"gold_gain":0,"player_choice":"Shed Blood","damage_taken":20,"max_hp_gain":5,"max_hp_loss":0,"event_name":"Forgotten Altar","floor":19,"gold_loss":0}],"is_beta":false,"boss_relics":[{"not_picked":["Empty Cage","Black Star"],"picked":"Astrolabe"}],"items_purged_floors":[29],"is_endless":false,"potions_floor_spawned":[7,10,12,18,21,24],"killed_by":"Centurion and Healer","ascension_level":0}