{"gold_per_floor":[111,124,137,148,198,198,232,232,232,232,251,261,32,65,65,144,144,158,83,97,117,134,134,134,134,206,206,222,222,254,271,271,348,348,360,54,64,64,64,64,78,109,134,34,34,34,59,71,71,71,71,71,71,71],"floor_reached":54,"playtime":3701,"items_purged":["Strike_B","Strike_B+1"],"score":1437,"play_id":"fa70e7c2-3db0-44eb-98d4-25202368e066","local_time":"20190411000805","is_ascension_mode":true,"campfire_choices":[{"data":"Zap","floor":6.0,"key":"SMITH"},{"data":"Dualcast","floor":8.0,"key":"SMITH"},{"data":"Gash","floor":10.0,"key":"SMITH"},{"floor":15.0,"key":"DIG"},{"floor":23.0,"key":"REST"},{"floor":25.0,"key":"DIG"},{"floor":27.0,"key":"DIG"},{"floor":29.0,"key":"REST"},{"floor":32.0,"key":"REST"},{"floor":40.0,"key":"DIG"},{"floor":46.0,"key":"DIG"},{"floor":49.0,"key":"RECALL"},{"floor":52.0,"key":"DIG"}],"neow_cost":"NONE","seed_source_timestamp":3623327350625045,"circlet_count":0,"master_deck":["AscendersBane","Strike_B+1","Defend_B+1","Defend_B+1","Defend_B+1","Defend_B+1","Zap+1","Dualcast+1","Gash+1","Ball Lightning+1","Genetic Algorithm+1","Capacitor+1","Gash+1","Echo Form+1","Defragment+1","Stack+1","Double Energy+1","Conserve Battery+1","Coolheaded+1","Undo+1","Leap+1","Echo Form+1","Cold Snap+1","Reprogram+1","Chaos+1","Recycle+1","Hologram+1","Capacitor+1","Compile Driver+1"],"special_seed":0,"relics":["Cracked Core","Oddly Smooth Stone","Shuriken","Ice Cream","ClockworkSouvenir","Shovel","Letter Opener","Lizard Tail","Pear","Toxic Egg 2","Whetstone","Bottled Tornado","Sozu","OrangePellets","Mark of the Bloom","Bag of Marbles","Strawberry","Blue Candle","Thread and Needle","Prayer Wheel","Symbiotic Virus"],"potions_floor_usage":[54],"damage_taken":[{"damage":0.0,"enemies":"Jaw Worm","floor":1.0,"turns":3.0},{"damage":0.0,"enemies":"Cultist","floor":2.0,"turns":4.0},{"damage":0.0,"enemies":"Small Slimes","floor":3.0,"turns":2.0},{"damage":20.0,"enemies":"Gremlin Gang","floor":4.0,"turns":4.0},{"damage":12.0,"enemies":"3 Sentries","floor":7.0,"turns":7.0},{"damage":5.0,"enemies":"Looter","floor":11.0,"turns":2.0},{"damage":5.0,"enemies":"Exordium Wildlife","floor":12.0,"turns":3.0},{"damage":14.0,"enemies":"Lagavulin","floor":14.0,"turns":6.0},{"damage":0.0,"enemies":"Slime Boss","floor":16.0,"turns":6.0},{"damage":6.0,"enemies":"Chosen","floor":18.0,"turns":5.0},{"damage":12.0,"enemies":"Shell Parasite","floor":20.0,"turns":5.0},{"damage":6.0,"enemies":"3 Cultists","floor":21.0,"turns":4.0},{"damage":8.0,"enemies":"Snecko","floor":22.0,"turns":6.0},{"damage":31.0,"enemies":"Shelled Parasite and Fungi","floor":28.0,"turns":6.0},{"damage":26.0,"enemies":"Gremlin Leader","floor":30.0,"turns":6.0},{"damage":9.0,"enemies":"Centurion and Healer","floor":31.0,"turns":8.0},{"damage":24.0,"enemies":"Collector","floor":33.0,"turns":11.0},{"damage":0.0,"enemies":"3 Darklings","floor":35.0,"turns":4.0},{"damage":5.0,"enemies":"Orb Walker","floor":37.0,"turns":4.0},{"damage":0.0,"enemies":"Maw","floor":41.0,"turns":8.0},{"damage":41.0,"enemies":"Nemesis","floor":42.0,"turns":13.0},{"damage":0.0,"enemies":"Giant Head","floor":47.0,"turns":12.0},{"damage":2.0,"enemies":"Sphere and 2 Shapes","floor":48.0,"turns":6.0},{"damage":6.0,"enemies":"Donu and Deca","floor":50.0,"turns":13.0},{"damage":26,"enemies":"Shield and Spear","floor":54,"turns":3}],"seed_played":"-5455716775659543567","potions_obtained":[{"floor":3.0,"key":"Dexterity Potion"},{"floor":12.0,"key":"SpeedPotion"},{"floor":14.0,"key":"Swift Potion"},{"floor":16.0,"key":"Block Potion"},{"floor":18.0,"key":"LiquidBronze"},{"floor":21.0,"key":"Fire Potion"},{"floor":31.0,"key":"Fire Potion"},{"floor":33.0,"key":"PowerPotion"}],"is_trial":false,"path_per_floor":["M","M","M","M","?","R","E","R","T","R","M","M","$","E","R","B",null,"M","?","M","M","M","R","?","R","T","R","M","R","E","M","R","B",null,"M","$","M","?","?","R","M","E","T","$","T","R","E","M","R","B",null,"R","$","E"],"character_chosen":"DEFECT","items_purchased":["ClockworkSouvenir","OrangePellets"],"campfire_rested":3,"item_purchase_floors":[13,36],"current_hp_per_floor":[64,64,64,44,44,44,32,32,32,32,27,22,22,8,8,8,55,49,49,37,31,23,44,44,54,54,54,23,47,21,12,36,12,64,64,64,59,59,59,59,59,18,18,18,18,18,18,16,16,10,10,10,10,0],"gold":71,"neow_bonus":"RANDOM_COMMON_RELIC","is_prod":false,"is_daily":false,"chose_seed":false,"campfire_upgraded":3,"win_rate":0,"timestamp":1554908885,"path_taken":["M","M","M","M","?","R","E","R","T","R","M","?","$","E","R","BOSS","M","?","M","M","M","R","?","R","T","R","?","R","E","M","R","BOSS","M","$","M","?","?","R","M","E","T","$","?","R","E","M","R","BOSS","R","$","E"],"build_version":"2019-04-04","purchased_purges":2,"victory":false,"max_hp_per_floor":[71,71,71,71,71,71,71,71,71,71,71,71,71,71,71,71,71,71,71,71,71,71,71,71,81,81,81,81,81,81,81,81,81,81,81,81,81,81,81,81,81,88,88,88,88,88,88,88,88,88,88,88,88,88],"card_choices":[{"not_picked":["Scrape","Rebound"],"picked":"Gash","floor":1.0},{"not_picked":["Scrape","Storm"],"picked":"Ball Lightning","floor":2.0},{"not_picked":["Steam Power","Compile Driver"],"picked":"Genetic Algorithm","floor":3.0},{"not_picked":["Genetic Algorithm","Auto Shields"],"picked":"Capacitor","floor":4.0},{"not_picked":["Streamline","Leap"],"picked":"Gash","floor":7.0},{"not_picked":["Auto Shields","Doom and Gloom"],"picked":"Echo Form","floor":11.0},{"not_picked":["Sweeping Beam","Heatsinks"],"picked":"Defragment","floor":12.0},{"not_picked":["Barrage","Go for the Eyes","Fusion"],"picked":"SKIP","floor":14.0},{"not_picked":["Rainbow","Core Surge"],"picked":"Hyperbeam","floor":16.0},{"not_picked":["Redo","Turbo"],"picked":"Stack+1","floor":18.0},{"not_picked":["Leap","Redo"],"picked":"Double Energy","floor":20.0},{"not_picked":["Heatsinks","Turbo"],"picked":"Conserve Battery+1","floor":21.0},{"not_picked":["Melter","Ball Lightning","Chaos"],"picked":"SKIP","floor":22.0},{"not_picked":["Go for the Eyes","BootSequence+1"],"picked":"Coolheaded+1","floor":28.0},{"not_picked":["Barrage","Turbo+1"],"picked":"Undo+1","floor":30.0},{"not_picked":["Compile Driver","Rebound+1"],"picked":"Leap+1","floor":31.0},{"not_picked":["Seek+1","Creative AI"],"picked":"Echo Form","floor":33.0},{"not_picked":["Steam+1","Gash"],"picked":"Cold Snap+1","floor":35.0},{"not_picked":["Compile Driver","Lockon"],"picked":"Reprogram+1","floor":37.0},{"not_picked":["Stack+1","Self Repair"],"picked":"Chaos+1","floor":41.0},{"not_picked":["Barrage","Auto Shields+1"],"picked":"Recycle+1","floor":42.0},{"not_picked":["Blizzard","Compile Driver"],"picked":"Hologram+1","floor":47.0},{"not_picked":["Core Surge","Redo+1"],"picked":"Capacitor+1","floor":48.0},{"not_picked":["Leap+1","Conserve Battery+1"],"picked":"Compile Driver+1","floor":48.0}],"player_experience":2881916,"relics_obtained":[{"floor":7.0,"key":"Shuriken"},{"floor":9.0,"key":"Ice Cream"},{"floor":14.0,"key":"Shovel"},{"floor":15.0,"key":"Letter Opener"},{"floor":25.0,"key":"Pear"},{"floor":26.0,"key":"Toxic Egg 2"},{"floor":27.0,"key":"Whetstone"},{"floor":30.0,"key":"Bottled Tornado"},{"floor":40.0,"key":"Bag of Marbles"},{"floor":42.0,"key":"Strawberry"},{"floor":45.0,"key":"Blue Candle"},{"floor":46.0,"key":"Thread and Needle"},{"floor":47.0,"key":"Prayer Wheel"},{"floor":52.0,"key":"Symbiotic Virus"}],"event_choices":[{"damage_healed":0.0,"max_hp_gain":0.0,"max_hp_loss":0.0,"gold_gain":50.0,"event_name":"Golden Shrine","player_choice":"Pray","floor":5.0,"gold_loss":0.0,"damage_taken":0.0},{"cards_removed":["Strike_B"],"damage_healed":0.0,"max_hp_gain":0.0,"max_hp_loss":0.0,"gold_gain":0.0,"event_name":"Beggar","player_choice":"Gave Gold","floor":19.0,"gold_loss":75.0,"damage_taken":0.0},{"damage_healed":0.0,"max_hp_gain":0.0,"max_hp_loss":0.0,"gold_gain":0.0,"event_name":"Upgrade Shrine","player_choice":"Upgraded","floor":24.0,"gold_loss":0.0,"damage_taken":0.0,"cards_upgraded":["Defragment"]},{"cards_removed":["Hyperbeam"],"damage_healed":0.0,"max_hp_gain":0.0,"max_hp_loss":0.0,"gold_gain":0.0,"event_name":"Falling","player_choice":"Removed Attack","floor":38.0,"gold_loss":0.0,"damage_taken":0.0},{"damage_healed":0.0,"max_hp_gain":0.0,"max_hp_loss":0.0,"gold_gain":0.0,"event_name":"MindBloom","player_choice":"Upgrade","floor":39.0,"gold_loss":0.0,"damage_taken":0.0,"cards_upgraded":["Strike_B","Defend_B","Defend_B","Defend_B","Defend_B","Genetic Algorithm","Capacitor","Gash","Echo Form","Double Energy","Echo Form"],"relics_obtained":["Mark of the Bloom"]}],"is_beta":true,"boss_relics":[{"not_picked":["Philosopher\u0027s Stone","Pandora\u0027s Box"],"picked":"Lizard Tail"},{"not_picked":["FrozenCore","Black Star"],"picked":"Sozu"}],"items_purged_floors":[36,44],"is_endless":false,"potions_floor_spawned":[3,12,14,16,18,21,31,33,37,42,47],"killed_by":"Shield and Spear","ascension_level":17}