{"gold_per_floor":[118,118,134,148,172,172,190,155,155,155,155,196,196,209,209,302,302,302],"floor_reached":18,"playtime":921,"items_purged":[],"score":300,"play_id":"e3ac5daa-fb96-4c00-9f8b-110f7262d881","local_time":"20190419204139","is_ascension_mode":true,"campfire_choices":[{"data":"Armaments","floor":6.0,"key":"SMITH"},{"floor":10.0,"key":"REST"},{"data":"Strike_R","floor":13.0,"key":"PURGE"},{"data":"Strike_R","floor":15.0,"key":"PURGE"}],"neow_cost":"TEN_PERCENT_HP_LOSS","seed_source_timestamp":621589206798928,"circlet_count":0,"master_deck":["AscendersBane","Strike_R","Strike_R","Strike_R","Defend_R","Defend_R","Defend_R","Defend_R","Bash","Cleave","Evolve","Armaments+1","Barricade","Power Through","Flex","Feed"],"special_seed":0,"relics":["Burning Blood","Peace Pipe","Golden Idol","Kunai","Orichalcum","White Beast Statue"],"potions_floor_usage":[16,16],"damage_taken":[{"damage":5.0,"enemies":"Small Slimes","floor":1.0,"turns":3.0},{"damage":5.0,"enemies":"2 Louse","floor":3.0,"turns":3.0},{"damage":14.0,"enemies":"Jaw Worm","floor":4.0,"turns":4.0},{"damage":31.0,"enemies":"Red Slaver","floor":5.0,"turns":7.0},{"damage":12.0,"enemies":"Blue Slaver","floor":7.0,"turns":6.0},{"damage":20.0,"enemies":"Lagavulin","floor":12.0,"turns":11.0},{"damage":13.0,"enemies":"Large Slime","floor":14.0,"turns":10.0},{"damage":15,"enemies":"Slime Boss","floor":16,"turns":17},{"damage":55,"enemies":"3 Byrds","floor":18,"turns":5}],"seed_played":"2861077224665809371","potions_obtained":[{"floor":3.0,"key":"Weak Potion"},{"floor":5.0,"key":"Dexterity Potion"}],"is_trial":false,"path_per_floor":["M","?","M","M","M","R","M","?","T","R","?","E","R","M","R","B",null,"M"],"character_chosen":"IRONCLAD","items_purchased":[],"campfire_rested":1,"item_purchase_floors":[],"current_hp_per_floor":[68,45,46,38,13,13,7,24,24,44,44,30,30,23,23,14,55,0],"gold":302,"neow_bonus":"ONE_RARE_RELIC","is_prod":false,"is_daily":false,"chose_seed":false,"campfire_upgraded":1,"win_rate":0,"timestamp":1555674099,"path_taken":["M","?","M","M","M","R","M","?","T","R","?","E","R","M","R","BOSS","M"],"build_version":"2019-04-04","purchased_purges":0,"victory":false,"max_hp_per_floor":[68,68,68,68,68,68,68,68,68,68,68,68,68,68,68,68,68,68],"card_choices":[{"not_picked":["Clash","Headbutt"],"picked":"Cleave","floor":1.0},{"not_picked":["Pommel Strike","Heavy Blade"],"picked":"Evolve","floor":3.0},{"not_picked":["Pommel Strike","Pummel"],"picked":"Armaments","floor":4.0},{"not_picked":["Sever Soul","Thunderclap","Clash"],"picked":"SKIP","floor":5.0},{"not_picked":["Flex","Twin Strike"],"picked":"Barricade","floor":7.0},{"not_picked":["Clash","Sword Boomerang"],"picked":"Power Through","floor":12.0},{"not_picked":["Bloodletting","Second Wind"],"picked":"Flex","floor":14.0},{"not_picked":["Berserk","Fiend Fire"],"picked":"Feed","floor":16}],"player_experience":2989244,"relics_obtained":[{"floor":9.0,"key":"Kunai"},{"floor":12.0,"key":"Orichalcum"}],"event_choices":[{"damage_healed":0.0,"max_hp_gain":0.0,"max_hp_loss":0.0,"gold_gain":0.0,"event_name":"Golden Idol","player_choice":"Take Damage","floor":2.0,"gold_loss":0.0,"damage_taken":23.0,"relics_obtained":["Golden Idol"]},{"damage_healed":17.0,"max_hp_gain":0.0,"max_hp_loss":0.0,"gold_gain":0.0,"event_name":"The Cleric","player_choice":"Healed","floor":8.0,"gold_loss":35.0,"damage_taken":0.0},{"damage_healed":0.0,"max_hp_gain":0.0,"max_hp_loss":0.0,"gold_gain":0.0,"event_name":"Shining Light","player_choice":"Ignored","floor":11.0,"gold_loss":0.0,"damage_taken":0.0}],"is_beta":true,"boss_relics":[{"not_picked":["Philosopher\u0027s Stone","Lizard Tail"],"picked":"White Beast Statue"}],"items_purged_floors":[],"is_endless":false,"potions_floor_spawned":[3,5,12],"killed_by":"3 Byrds","ascension_level":17}