{"gold_per_floor":[359,359,359,378,396,431,431,460,460,59,78,111,122,144,144,217,217,236,57,57,73,89,116,116,116],"floor_reached":25,"playtime":877,"items_purged":["Strike_B","Defend_B"],"score":582,"play_id":"24da16ce-2666-4f25-9002-f9f31425242a","local_time":"20190324123044","is_ascension_mode":true,"campfire_choices":[{"data":"Ball Lightning","floor":7.0,"key":"SMITH"},{"floor":15.0,"key":"REST"},{"floor":24.0,"key":"REST"}],"neow_cost":"TEN_PERCENT_HP_LOSS","seed_source_timestamp":0,"circlet_count":0,"master_deck":["AscendersBane","Strike_B","Strike_B","Defend_B","Defend_B","Defend_B","Zap","Dualcast","Chill","Biased Cognition+1","Leap","Ball Lightning+1","Rebound","Rebound","Leap+1","Coolheaded+1","Chaos+1","Buffer","Conserve Battery+1","Fission+1","Coolheaded+1","Redo+1","White Noise+1","Fusion+1"],"special_seed":0,"relics":["Cracked Core","Toxic Egg 2","Odd Mushroom"],"potions_floor_usage":[],"damage_taken":[{"damage":7.0,"enemies":"Small Slimes","floor":1.0,"turns":3.0},{"damage":2.0,"enemies":"Jaw Worm","floor":4.0,"turns":2.0},{"damage":0.0,"enemies":"Cultist","floor":5.0,"turns":3.0},{"damage":8.0,"enemies":"Gremlin Nob","floor":6.0,"turns":3.0},{"damage":3.0,"enemies":"3 Sentries","floor":8.0,"turns":5.0},{"damage":2.0,"enemies":"Red Slaver","floor":11.0,"turns":4.0},{"damage":28.0,"enemies":"Gremlin Nob","floor":12.0,"turns":5.0},{"damage":0.0,"enemies":"Large Slime","floor":13.0,"turns":5.0},{"damage":1.0,"enemies":"The Mushroom Lair","floor":14.0,"turns":4.0},{"damage":0.0,"enemies":"The Guardian","floor":16.0,"turns":12.0},{"damage":15.0,"enemies":"2 Thieves","floor":18.0,"turns":4.0},{"damage":0.0,"enemies":"3 Byrds","floor":21.0,"turns":6.0},{"damage":6.0,"enemies":"Centurion and Healer","floor":22.0,"turns":7.0},{"damage":14.0,"enemies":"Slavers","floor":23.0,"turns":7.0},{"damage":40,"enemies":"Book of Stabbing","floor":25,"turns":5}],"seed_played":"-4088959108409591584","potions_obtained":[{"floor":4.0,"key":"AttackPotion"},{"floor":5.0,"key":"SkillPotion"},{"floor":12.0,"key":"SteroidPotion"},{"floor":13.0,"key":"SpeedPotion"},{"floor":16.0,"key":"Poison Potion"},{"floor":21.0,"key":"Regen Potion"},{"floor":22.0,"key":"GamblersBrew"}],"is_trial":false,"path_per_floor":["M","?","?","M","M","E","R","E","T","$","M","E","M","?","R","B",null,"M","$","?","M","M","E","R","E"],"character_chosen":"DEFECT","items_purchased":["Toxic Egg 2","Leap+1","Redo+1","Fire Potion"],"campfire_rested":2,"item_purchase_floors":[10,10,19,19],"current_hp_per_floor":[57,57,57,55,55,47,47,44,44,44,42,14,14,13,32,32,56,41,41,24,24,33,19,39,0],"gold":116,"neow_bonus":"TWO_FIFTY_GOLD","is_prod":false,"is_daily":false,"chose_seed":true,"campfire_upgraded":1,"win_rate":0,"timestamp":1553398244,"path_taken":["M","?","?","?","M","E","R","E","T","?","M","E","M","?","R","BOSS","M","$","?","M","M","E","R","E"],"build_version":"2019-01-23","purchased_purges":2,"victory":false,"max_hp_per_floor":[64,64,64,64,64,64,64,64,64,64,64,64,64,64,64,64,64,64,64,69,69,69,69,69,69],"card_choices":[{"not_picked":["Steam","Cold Snap"],"picked":"Chill","floor":1.0},{"not_picked":["Sweeping Beam","Gash"],"picked":"Leap","floor":4.0},{"not_picked":["Barrage","Stack"],"picked":"Ball Lightning","floor":5.0},{"not_picked":["Chaos","Go for the Eyes"],"picked":"Rebound","floor":6.0},{"not_picked":["Steam","Cold Snap"],"picked":"Rebound","floor":8.0},{"not_picked":["Compile Driver","Cold Snap"],"picked":"Coolheaded+1","floor":11.0},{"not_picked":["Gash","Hello World"],"picked":"Chaos+1","floor":12.0},{"not_picked":["Sunder","Cold Snap"],"picked":"Buffer","floor":13.0},{"not_picked":["Cold Snap","Rebound"],"picked":"Conserve Battery+1","floor":14.0},{"not_picked":["Hyperbeam","Creative AI"],"picked":"Fission+1","floor":16.0},{"not_picked":["Steam+1","Consume+1"],"picked":"Coolheaded+1","floor":18.0},{"not_picked":["Rebound","Beam Cell"],"picked":"White Noise+1","floor":21.0},{"not_picked":["Compile Driver","Auto Shields+1","Melter"],"picked":"SKIP","floor":22.0},{"not_picked":["Rebound","Go for the Eyes"],"picked":"Fusion+1","floor":23.0}],"player_experience":4611109,"relics_obtained":[{"floor":14.0,"key":"Odd Mushroom"}],"event_choices":[{"damage_healed":0.0,"max_hp_gain":0.0,"max_hp_loss":0.0,"gold_gain":0.0,"cards_transformed":["Strike_B"],"event_name":"Living Wall","player_choice":"Change","floor":2.0,"gold_loss":0.0,"damage_taken":0.0,"cards_obtained":["Biased Cognition"]},{"damage_healed":0.0,"max_hp_gain":0.0,"max_hp_loss":0.0,"gold_gain":0.0,"event_name":"Upgrade Shrine","player_choice":"Upgraded","floor":3.0,"gold_loss":0.0,"damage_taken":0.0,"cards_upgraded":["Biased Cognition"]},{"damage_healed":0.0,"max_hp_gain":0.0,"max_hp_loss":0.0,"gold_gain":0.0,"event_name":"Mushrooms","player_choice":"Fought Mushrooms","floor":14.0,"gold_loss":0.0,"damage_taken":0.0},{"damage_healed":0.0,"max_hp_gain":5.0,"max_hp_loss":0.0,"gold_gain":0.0,"event_name":"Forgotten Altar","player_choice":"Shed Blood","floor":20.0,"gold_loss":0.0,"damage_taken":22.0}],"is_beta":false,"boss_relics":[{"not_picked":["Busted Crown","Snecko Eye","Coffee Dripper"]}],"items_purged_floors":[10,19],"is_endless":false,"potions_floor_spawned":[4,5,12,13,16,21,22],"killed_by":"Book of Stabbing","ascension_level":20}