{"gold_per_floor":[113,113,113,129,129,129,129,152,152,152,39,39,70,86,86,86],"floor_reached":16,"playtime":794,"items_purged":["Strike_R"],"score":167,"play_id":"5e512c21-1997-4bc3-b9d9-90174c00b452","local_time":"20190602175044","is_ascension_mode":true,"campfire_choices":[{"data":"Body Slam","floor":6,"key":"SMITH"},{"floor":15,"key":"REST"}],"neow_cost":"CURSE","seed_source_timestamp":166558576716319,"circlet_count":0,"master_deck":["Strike_R","Strike_R","Strike_R+1","Strike_R","Defend_R","Defend_R","Defend_R+1","Defend_R","Bash","Power Through","Body Slam+1","Evolve","True Grit","Body Slam"],"relics":["Burning Blood","Golden Idol","Mummified Hand","Juzu Bracelet","Paper Frog"],"potions_floor_usage":[13],"damage_taken":[{"damage":30,"enemies":"Small Slimes","floor":1,"turns":5},{"damage":1,"enemies":"Cultist","floor":4,"turns":5},{"damage":8,"enemies":"2 Louse","floor":8,"turns":3},{"damage":22,"enemies":"3 Sentries","floor":13,"turns":11},{"damage":12,"enemies":"Large Slime","floor":14,"turns":9},{"damage":71,"enemies":"The Guardian","floor":16,"turns":12}],"seed_played":"5449036490015764238","potions_obtained":[{"floor":4,"key":"BloodPotion"}],"is_trial":false,"path_per_floor":["M","?","?","M","?","R","?","M","T","?","$","?","E","M","R","B"],"character_chosen":"IRONCLAD","items_purchased":["Evolve"],"campfire_rested":1,"item_purchase_floors":[11],"current_hp_per_floor":[48,48,90,90,95,95,72,70,70,51,51,51,44,38,66,0],"gold":86,"neow_bonus":"THREE_RARE_CARDS","is_prod":false,"is_daily":false,"chose_seed":false,"campfire_upgraded":1,"win_rate":0,"timestamp":1559512244,"path_taken":["M","?","?","?","?","R","?","M","T","?","?","?","E","M","R","BOSS"],"build_version":"2019-01-23","purchased_purges":1,"victory":false,"max_hp_per_floor":[80,80,90,90,95,95,95,95,95,95,95,95,95,95,95,95],"card_choices":[{"not_picked":["Impervious","Exhume"],"picked":"Berserk","floor":0},{"not_picked":["Hemokinesis","Shrug It Off"],"picked":"Power Through","floor":1},{"not_picked":["Heavy Blade","Clash"],"picked":"Body Slam","floor":4},{"not_picked":["Intimidate","Thunderclap","Heavy Blade"],"picked":"SKIP","floor":8},{"not_picked":["Whirlwind","Berserk"],"picked":"True Grit","floor":13},{"not_picked":["Havoc","Perfected Strike"],"picked":"Body Slam","floor":14}],"player_experience":364578,"relics_obtained":[{"floor":9,"key":"Mummified Hand"},{"floor":13,"key":"Paper Frog"}],"event_choices":[{"cards_removed":["Doubt"],"damage_healed":0,"gold_gain":0,"player_choice":"Forget","damage_taken":0,"max_hp_gain":0,"max_hp_loss":0,"event_name":"Living Wall","floor":2,"gold_loss":0},{"cards_removed":["Berserk"],"damage_healed":32,"gold_gain":0,"player_choice":"Offered Rare","damage_taken":0,"max_hp_gain":10,"max_hp_loss":0,"event_name":"Bonfire Elementals","floor":3,"gold_loss":0},{"damage_healed":0,"gold_gain":0,"player_choice":"Donut","damage_taken":0,"max_hp_gain":5,"max_hp_loss":0,"event_name":"Big Fish","floor":5,"gold_loss":0},{"damage_healed":0,"gold_gain":0,"player_choice":"Take Damage","damage_taken":23,"relics_obtained":["Golden Idol"],"max_hp_gain":0,"max_hp_loss":0,"event_name":"Golden Idol","floor":7,"gold_loss":0},{"damage_healed":0,"gold_gain":0,"player_choice":"Entered Light","damage_taken":19,"max_hp_gain":0,"max_hp_loss":0,"event_name":"Shining Light","floor":10,"gold_loss":0,"cards_upgraded":["Defend_R","Strike_R"]},{"damage_healed":0,"gold_gain":0,"player_choice":"Searched \u00271\u0027 times","damage_taken":0,"relics_obtained":["Juzu Bracelet"],"max_hp_gain":0,"max_hp_loss":0,"event_name":"Dead Adventurer","floor":12,"gold_loss":0}],"is_beta":false,"boss_relics":[],"items_purged_floors":[11],"is_endless":false,"potions_floor_spawned":[4],"killed_by":"The Guardian","ascension_level":9}