{"gold_per_floor":[359,434,434,434,444,444,463,463,463,490,504,504,517,536,536,536],"floor_reached":16,"playtime":734,"items_purged":[],"score":204,"play_id":"d8fb1da7-fd3e-4f3a-8803-b5df21fdcb4f","local_time":"20190108170525","is_ascension_mode":true,"campfire_choices":[{"data":"Neutralize","floor":6,"key":"SMITH"},{"floor":8,"key":"REST"},{"data":"Cloak And Dagger","floor":12,"key":"SMITH"},{"floor":15,"key":"REST"}],"neow_cost":"TEN_PERCENT_HP_LOSS","seed_source_timestamp":516519075909222,"circlet_count":0,"master_deck":["AscendersBane","Defend_G","Defend_G","Defend_G","Defend_G","Defend_G","Strike_G","Strike_G","Strike_G","Strike_G","Survivor","Neutralize+1","Blade Dance","Cloak And Dagger+1","Malaise","Cloak And Dagger","Backflip","PiercingWail"],"relics":["Ring of the Snake","Bronze Scales","Singing Bowl","Happy Flower"],"potions_floor_usage":[10,16,16],"damage_taken":[{"damage":4,"enemies":"2 Louse","floor":1,"turns":3},{"damage":3,"enemies":"Small Slimes","floor":5,"turns":4},{"damage":0,"enemies":"Jaw Worm","floor":7,"turns":5},{"damage":31,"enemies":"Lagavulin","floor":10,"turns":9},{"damage":2,"enemies":"Gremlin Gang","floor":11,"turns":7},{"damage":0,"enemies":"Looter","floor":13,"turns":4},{"damage":4,"enemies":"Large Slime","floor":14,"turns":7},{"damage":37,"enemies":"Slime Boss","floor":16,"turns":12}],"seed_played":"6049080698504836256","potions_obtained":[{"floor":5,"key":"Poison Potion"},{"floor":10,"key":"SpeedPotion"},{"floor":11,"key":"EssenceOfSteel"}],"is_trial":false,"path_per_floor":["M","?","?","?","M","R","M","R","T","E","M","R","M","M","R","B"],"character_chosen":"THE_SILENT","items_purchased":[],"campfire_rested":2,"item_purchase_floors":[],"current_hp_per_floor":[55,44,39,32,29,29,29,47,47,16,14,14,14,10,28,0],"gold":536,"neow_bonus":"TWO_FIFTY_GOLD","is_prod":false,"is_daily":false,"chose_seed":false,"campfire_upgraded":2,"win_rate":0,"timestamp":1546934725,"path_taken":["M","?","?","?","M","R","M","R","T","E","?","R","?","M","R","BOSS"],"build_version":"2019-01-03v4","purchased_purges":0,"victory":false,"max_hp_per_floor":[60,60,60,60,60,60,60,60,60,60,60,60,60,60,60,60],"card_choices":[{"not_picked":["Underhanded Strike","Concentrate","Outmaneuver"],"picked":"SKIP","floor":1},{"not_picked":["Outmaneuver","Bane"],"picked":"Blade Dance","floor":5},{"not_picked":["Expertise","Underhanded Strike"],"picked":"Cloak And Dagger","floor":7},{"not_picked":["Crippling Poison","Choke"],"picked":"Malaise","floor":10},{"not_picked":["Deflect","Slice"],"picked":"Cloak And Dagger","floor":11},{"not_picked":["Dodge and Roll","Outmaneuver"],"picked":"Backflip","floor":13},{"not_picked":["Choke","Flying Knee"],"picked":"PiercingWail","floor":14}],"player_experience":2619380,"relics_obtained":[{"floor":9,"key":"Singing Bowl"},{"floor":10,"key":"Happy Flower"}],"event_choices":[{"damage_healed":0,"gold_gain":75,"player_choice":"Gather Gold","damage_taken":11,"max_hp_gain":0,"max_hp_loss":0,"event_name":"World of Goop","floor":2,"gold_loss":0},{"damage_healed":0,"gold_gain":0,"player_choice":"Success","damage_taken":5,"relics_obtained":["Bronze Scales"],"max_hp_gain":0,"max_hp_loss":0,"event_name":"Scrap Ooze","floor":3,"gold_loss":0},{"cards_removed":["Strike_G"],"damage_healed":0,"gold_gain":0,"player_choice":"Card Removal","damage_taken":7,"max_hp_gain":0,"max_hp_loss":0,"event_name":"Golden Wing","floor":4,"gold_loss":0}],"is_beta":true,"boss_relics":[],"items_purged_floors":[],"is_endless":false,"potions_floor_spawned":[5,10,11],"killed_by":"Slime Boss","ascension_level":20}