{"gold_per_floor":[109,128,128,139,155,155,173,173,246,246,267,267,294,326,326,400,400,320,339,351,24,24],"floor_reached":22,"playtime":848,"items_purged":["Strike_B"],"score":468,"play_id":"3e2dd0b8-e6ea-42bb-925f-d14d0909ce17","local_time":"20190413010358","is_ascension_mode":true,"campfire_choices":[{"data":"Creative AI","floor":6.0,"key":"SMITH"},{"data":"Hologram","floor":8.0,"key":"SMITH"},{"data":"Conserve Battery","floor":10.0,"key":"SMITH"},{"floor":15.0,"key":"REST"}],"neow_cost":"NONE","seed_source_timestamp":90309107609800,"circlet_count":0,"master_deck":["AscendersBane","Strike_B","Strike_B","Defend_B","Defend_B","Zap+1","Dualcast","Conserve Battery+1","FTL","Hologram+1","Creative AI+1","Ball Lightning","Seek","Fission","Compile Driver","Streamline+1","Heatsinks+1"],"special_seed":0,"relics":["Cracked Core","Turnip","Frozen Egg 2","Odd Mushroom","PreservedInsect","Oddly Smooth Stone","Empty Cage","Happy Flower"],"potions_floor_usage":[22],"damage_taken":[{"damage":3.0,"enemies":"2 Louse","floor":1.0,"turns":2.0},{"damage":0.0,"enemies":"Cultist","floor":2.0,"turns":3.0},{"damage":7.0,"enemies":"Jaw Worm","floor":4.0,"turns":2.0},{"damage":11.0,"enemies":"Looter","floor":5.0,"turns":3.0},{"damage":6.0,"enemies":"3 Louse","floor":7.0,"turns":4.0},{"damage":4.0,"enemies":"The Mushroom Lair","floor":11.0,"turns":5.0},{"damage":10.0,"enemies":"Lagavulin","floor":14.0,"turns":7.0},{"damage":0.0,"enemies":"Slime Boss","floor":16.0,"turns":6.0},{"damage":10.0,"enemies":"2 Thieves","floor":18.0,"turns":4.0},{"damage":5.0,"enemies":"Spheric Guardian","floor":19.0,"turns":4.0},{"damage":19.0,"enemies":"Centurion and Healer","floor":20.0,"turns":5.0},{"damage":34,"enemies":"Cultist and Chosen","floor":22,"turns":3}],"seed_played":"-3274361545438052807","potions_obtained":[{"floor":2.0,"key":"LiquidBronze"},{"floor":5.0,"key":"GamblersBrew"},{"floor":7.0,"key":"Weak Potion"},{"floor":14.0,"key":"AttackPotion"},{"floor":20.0,"key":"Swift Potion"}],"is_trial":false,"path_per_floor":["M","M","?","M","M","R","M","R","T","R","?","?","T","E","R","B",null,"M","M","M","$","M"],"character_chosen":"DEFECT","items_purchased":["Heatsinks+1","Happy Flower"],"campfire_rested":1,"item_purchase_floors":[21,21],"current_hp_per_floor":[61,61,61,54,43,43,37,37,37,37,33,26,26,16,37,37,63,53,48,29,29,0],"gold":24,"neow_bonus":"UPGRADE_CARD","is_prod":false,"is_daily":false,"chose_seed":false,"campfire_upgraded":3,"win_rate":0,"timestamp":1555085038,"path_taken":["M","M","?","?","M","R","M","R","T","R","?","?","?","E","R","BOSS","M","M","M","$","M"],"build_version":"2019-01-23","purchased_purges":1,"victory":false,"max_hp_per_floor":[71,71,71,71,71,71,71,71,71,71,71,71,71,71,71,71,71,71,71,71,71,71],"card_choices":[{"not_picked":["Beam Cell","Double Energy"],"picked":"Conserve Battery","floor":1.0},{"not_picked":["Capacitor","Steam"],"picked":"FTL","floor":2.0},{"not_picked":["Stack","Redo"],"picked":"Hologram","floor":4.0},{"not_picked":["Redo","Hologram"],"picked":"Creative AI","floor":5.0},{"not_picked":["Leap","Auto Shields","Steam Power"],"picked":"SKIP","floor":7.0},{"not_picked":["Reprogram","Blizzard"],"picked":"Ball Lightning","floor":11.0},{"not_picked":["Melter","Barrage"],"picked":"Seek","floor":14.0},{"not_picked":["Amplify","Thunder Strike"],"picked":"Fission","floor":16.0},{"not_picked":["Redo","Hologram"],"picked":"Compile Driver","floor":18.0},{"not_picked":["Compile Driver","Rebound"],"picked":"Streamline+1","floor":19.0},{"not_picked":["Steam Power","Reboot","Capacitor+1"],"picked":"SKIP","floor":20.0}],"player_experience":4766352,"relics_obtained":[{"floor":9.0,"key":"Frozen Egg 2"},{"floor":11.0,"key":"Odd Mushroom"},{"floor":13.0,"key":"PreservedInsect"},{"floor":14.0,"key":"Oddly Smooth Stone"}],"event_choices":[{"damage_healed":0.0,"max_hp_gain":0.0,"max_hp_loss":0.0,"gold_gain":0.0,"event_name":"WeMeetAgain","player_choice":"Gave Potion","floor":3.0,"gold_loss":0.0,"damage_taken":0.0,"relics_obtained":["Turnip"]},{"damage_healed":0.0,"max_hp_gain":0.0,"max_hp_loss":0.0,"gold_gain":0.0,"event_name":"Mushrooms","player_choice":"Fought Mushrooms","floor":11.0,"gold_loss":0.0,"damage_taken":0.0},{"cards_removed":["Strike_B"],"damage_healed":0.0,"max_hp_gain":0.0,"max_hp_loss":0.0,"gold_gain":0.0,"event_name":"Golden Wing","player_choice":"Card Removal","floor":12.0,"gold_loss":0.0,"damage_taken":7.0}],"is_beta":false,"boss_relics":[{"not_picked":["Sozu","Runic Dome"],"picked":"Empty Cage"}],"items_purged_floors":[21],"is_endless":false,"potions_floor_spawned":[2,5,7,14,20],"killed_by":"Cultist and Chosen","ascension_level":20}