{"gold_per_floor":[110,76,76,91,16,16,42,42,68,68,68,81,114,130,130,235,235,251,265,265,278,278,278,296,325,379,379,379,379,390,407,407,502,502,522,111,130,142,159,159,208,221,221,232,263,263,292,303,303,303],"floor_reached":51,"playtime":2909,"items_purged":["Regret"],"score":1170,"play_id":"019c9df1-73a5-4724-bf76-211e8c35e854","local_time":"20190429192523","is_ascension_mode":true,"campfire_choices":[{"data":"Sword Boomerang","floor":6.0,"key":"SMITH"},{"data":"Inflame","floor":8.0,"key":"SMITH"},{"data":"Pummel","floor":10.0,"key":"SMITH"},{"data":"Armaments","floor":15.0,"key":"SMITH"},{"floor":23.0,"key":"REST"},{"floor":28.0,"key":"REST"},{"data":"Spot Weakness","floor":32.0,"key":"SMITH"},{"floor":40.0,"key":"REST"},{"data":"Sword Boomerang","floor":46.0,"key":"SMITH"},{"data":"Spot Weakness","floor":49,"key":"SMITH"}],"neow_cost":"NONE","seed_source_timestamp":1559446969716802,"circlet_count":0,"master_deck":["AscendersBane","Strike_R","Strike_R","Defend_R","Defend_R","Defend_R","Bash","Inflame+1","Pummel+1","Sword Boomerang+1","Corruption","Anger","Sword Boomerang+1","Armaments+1","Double Tap","Exhume+1","Warcry+1","Shockwave+1","Inflame+1","Spot Weakness+1","Sword Boomerang","Necronomicurse","Shrug It Off","Offering","Sentinel+1","Juggernaut+1","Corruption+1","Shrug It Off","Iron Wave+1","Iron Wave+1","Inflame+1","Spot Weakness+1"],"special_seed":0,"relics":["Burning Blood","NeowsBlessing","Kunai","Thread and Needle","Centennial Puzzle","Frozen Egg 2","Mummified Hand","Astrolabe","WarpedTongs","Lantern","Boot","Necronomicon","Runic Cube","Self Forming Clay","Pocketwatch","FossilizedHelix","Magic Flower","Singing Bowl"],"potions_floor_usage":[47,50],"damage_taken":[{"damage":0.0,"enemies":"Cultist","floor":1.0,"turns":1.0},{"damage":0.0,"enemies":"2 Louse","floor":4.0,"turns":1.0},{"damage":0.0,"enemies":"Gremlin Nob","floor":7.0,"turns":1.0},{"damage":0.0,"enemies":"Small Slimes","floor":12.0,"turns":3.0},{"damage":21.0,"enemies":"Lagavulin","floor":13.0,"turns":6.0},{"damage":10.0,"enemies":"Exordium Thugs","floor":14.0,"turns":3.0},{"damage":48.0,"enemies":"Hexaghost","floor":16.0,"turns":8.0},{"damage":21.0,"enemies":"2 Thieves","floor":18.0,"turns":4.0},{"damage":0.0,"enemies":"Chosen","floor":19.0,"turns":3.0},{"damage":14.0,"enemies":"Centurion and Healer","floor":21.0,"turns":4.0},{"damage":0.0,"enemies":"Snecko","floor":24.0,"turns":3.0},{"damage":39.0,"enemies":"Gremlin Leader","floor":25.0,"turns":4.0},{"damage":2.0,"enemies":"Shelled Parasite and Fungi","floor":30.0,"turns":3.0},{"damage":1.0,"enemies":"Snake Plant","floor":31.0,"turns":3.0},{"damage":27.0,"enemies":"Champ","floor":33.0,"turns":5.0},{"damage":9.0,"enemies":"3 Shapes","floor":35.0,"turns":3.0},{"damage":6.0,"enemies":"3 Darklings","floor":37.0,"turns":2.0},{"damage":9.0,"enemies":"Jaw Worm Horde","floor":38.0,"turns":2.0},{"damage":26.0,"enemies":"Maw","floor":39.0,"turns":5.0},{"damage":21.0,"enemies":"2 Orb Walkers","floor":41.0,"turns":4.0},{"damage":0.0,"enemies":"4 Shapes","floor":42.0,"turns":6.0},{"damage":0.0,"enemies":"3 Darklings","floor":44.0,"turns":4.0},{"damage":0.0,"enemies":"Giant Head","floor":45.0,"turns":5.0},{"damage":6,"enemies":"Nemesis","floor":47,"turns":4},{"damage":0,"enemies":"Transient","floor":48,"turns":5},{"damage":21,"enemies":"Donu and Deca","floor":50,"turns":5}],"seed_played":"-4641939452650432297","potions_obtained":[{"floor":7.0,"key":"Swift Potion"},{"floor":12.0,"key":"Fire Potion"},{"floor":21.0,"key":"FearPotion"},{"floor":31.0,"key":"BloodPotion"},{"floor":41.0,"key":"Block Potion"},{"floor":44.0,"key":"Block Potion"},{"floor":48,"key":"Dexterity Potion"}],"is_trial":false,"path_per_floor":["M","$","?","M","$","R","E","R","T","R","?","M","E","M","R","B",null,"M","M","?","M","?","R","M","E","T","?","R","?","M","M","R","B",null,"M","$","M","M","M","R","?","M","T","M","E","R","E","M","R","B",null],"character_chosen":"IRONCLAD","items_purchased":["Pummel","Self Forming Clay","Juggernaut+1"],"campfire_rested":3,"item_purchase_floors":[2,36,36],"current_hp_per_floor":[78,78,78,80,80,80,80,80,80,80,80,80,65,61,61,19,65,50,56,56,48,48,72,78,45,45,29,53,53,57,62,62,41,70,67,67,67,64,52,76,61,67,67,73,79,79,82,82,82,70],"gold":303,"neow_bonus":"THREE_ENEMY_KILL","is_prod":false,"is_daily":false,"chose_seed":false,"campfire_upgraded":7,"win_rate":0,"timestamp":1556555123,"path_taken":["M","$","?","M","$","R","E","R","T","R","?","M","E","?","R","BOSS","M","M","?","?","?","R","M","E","T","?","R","?","?","M","R","BOSS","M","$","M","M","M","R","?","M","T","M","E","R","E","M","R","BOSS"],"build_version":"2019-01-23","purchased_purges":1,"victory":true,"max_hp_per_floor":[80,80,80,80,80,80,80,80,80,80,80,80,80,80,80,80,80,80,80,80,80,80,80,80,80,80,80,80,80,80,80,80,80,80,80,80,80,80,80,80,80,80,80,80,80,80,82,82,82,82],"card_choices":[{"not_picked":["Flex","Body Slam"],"picked":"Inflame","floor":1.0},{"not_picked":["Warcry","Body Slam"],"picked":"Sword Boomerang","floor":4.0},{"not_picked":["Body Slam","Pommel Strike"],"picked":"Corruption","floor":7.0},{"not_picked":["Havoc","Clash"],"picked":"Anger","floor":12.0},{"not_picked":["Uppercut","Searing Blow"],"picked":"Sword Boomerang","floor":13.0},{"not_picked":["Sever Soul","Headbutt"],"picked":"Armaments","floor":14.0},{"not_picked":["Feed","Exhume"],"picked":"Double Tap","floor":16.0},{"not_picked":["Dual Wield","Sword Boomerang+1"],"picked":"Inflame+1","floor":18.0},{"not_picked":["Clash","Twin Strike","Wild Strike"],"picked":"SKIP","floor":19.0},{"not_picked":["Searing Blow","Heavy Blade"],"picked":"Spot Weakness","floor":21.0},{"not_picked":["Ghostly Armor","Iron Wave"],"picked":"Sword Boomerang","floor":24.0},{"not_picked":["Flame Barrier","Heavy Blade","Anger"],"picked":"SKIP","floor":25.0},{"not_picked":["Cleave","Battle Trance"],"picked":"Shrug It Off","floor":30.0},{"not_picked":["Anger","Searing Blow","Body Slam"],"picked":"SKIP","floor":31.0},{"not_picked":["Dark Embrace+1","Brutality+1"],"picked":"Offering","floor":33.0},{"not_picked":["Clothesline+1","Thunderclap+1"],"picked":"Sentinel+1","floor":35.0},{"not_picked":["Iron Wave+1","Cleave+1"],"picked":"Corruption+1","floor":37.0},{"not_picked":["Thunderclap","Cleave+1"],"picked":"Shrug It Off","floor":38.0},{"not_picked":["Havoc+1","Clothesline"],"picked":"Iron Wave+1","floor":39.0},{"not_picked":["Intimidate+1","Double Tap"],"picked":"Iron Wave+1","floor":41.0},{"not_picked":["Headbutt","Combust+1","Whirlwind+1"],"picked":"SKIP","floor":42.0},{"not_picked":["Iron Wave","Dual Wield+1"],"picked":"Inflame+1","floor":44.0},{"not_picked":["Wild Strike+1","Iron Wave+1","Clash+1"],"picked":"SKIP","floor":45.0},{"not_picked":["Armaments","Cleave","Burning Pact+1"],"picked":"Singing Bowl","floor":47},{"not_picked":["Armaments+1","Havoc+1"],"picked":"Spot Weakness","floor":48}],"player_experience":1269481,"relics_obtained":[{"floor":7.0,"key":"Thread and Needle"},{"floor":9.0,"key":"Centennial Puzzle"},{"floor":11.0,"key":"Frozen Egg 2"},{"floor":13.0,"key":"Mummified Hand"},{"floor":25.0,"key":"Lantern"},{"floor":26.0,"key":"Boot"},{"floor":27.0,"key":"Necronomicon"},{"floor":41.0,"key":"Pocketwatch"},{"floor":43.0,"key":"FossilizedHelix"},{"floor":45.0,"key":"Magic Flower"},{"floor":47,"key":"Singing Bowl"}],"event_choices":[{"damage_healed":0.0,"max_hp_gain":0.0,"max_hp_loss":0.0,"gold_gain":0.0,"event_name":"Big Fish","player_choice":"Box","floor":3.0,"gold_loss":0.0,"damage_taken":0.0,"relics_obtained":["Kunai"],"cards_obtained":["Regret"]},{"damage_healed":0.0,"max_hp_gain":0.0,"max_hp_loss":0.0,"gold_gain":0.0,"event_name":"Wheel of Change","player_choice":"Relic","floor":11.0,"gold_loss":0.0,"damage_taken":0.0},{"damage_healed":0.0,"max_hp_gain":0.0,"max_hp_loss":0.0,"gold_gain":0.0,"event_name":"Accursed Blacksmith","player_choice":"Rummage","floor":20.0,"gold_loss":0.0,"damage_taken":0.0,"relics_obtained":["WarpedTongs"],"cards_obtained":["Pain"]},{"cards_removed":["Pain"],"damage_healed":0.0,"max_hp_gain":0.0,"max_hp_loss":0.0,"gold_gain":0.0,"event_name":"Back to Basics","player_choice":"Elegance","floor":22.0,"gold_loss":0.0,"damage_taken":0.0},{"damage_healed":0.0,"max_hp_gain":0.0,"max_hp_loss":0.0,"gold_gain":0.0,"event_name":"Cursed Tome","player_choice":"Obtained Book","floor":27.0,"gold_loss":0.0,"damage_taken":16.0},{"cards_removed":["Strike_R"],"damage_healed":0.0,"max_hp_gain":0.0,"max_hp_loss":0.0,"gold_gain":0.0,"event_name":"Bonfire Elementals","player_choice":"Offered Basic","floor":29.0,"gold_loss":0.0,"damage_taken":0.0},{"damage_healed":0.0,"max_hp_gain":0.0,"max_hp_loss":0.0,"gold_gain":0.0,"event_name":"Mysterious Sphere","player_choice":"Fight","floor":41.0,"gold_loss":0.0,"damage_taken":0.0}],"is_beta":false,"boss_relics":[{"not_picked":["Sozu","White Beast Statue"],"picked":"Astrolabe"},{"not_picked":["Cursed Key","Empty Cage"],"picked":"Runic Cube"}],"items_purged_floors":[5],"is_endless":false,"potions_floor_spawned":[7,12,21,31,38,41,44,48],"ascension_level":11}