{"gold_per_floor":[116,116,116,116,15,15,15,46,46,46,72,72,72,90,90,181,181,197,222,206,256,13,13,56,1,1,1,17,33,58,58,58,156,219,242,266,58,72,72,72,106,106,106,0,0,13,36,51,51,51],"floor_reached":51,"playtime":2931,"items_purged":["Strike_G","Strike_G","Strike_G"],"score":1466,"play_id":"57b9a0e5-f71b-48ce-89c4-da65143bc1c9","local_time":"20190303113810","is_ascension_mode":true,"campfire_choices":[{"data":"Deadly Poison","floor":6.0,"key":"SMITH"},{"data":"Poisoned Stab","floor":10.0,"key":"SMITH"},{"data":"Neutralize","floor":13.0,"key":"SMITH"},{"floor":15.0,"key":"REST"},{"data":"Well Laid Plans","floor":23.0,"key":"SMITH"},{"floor":32.0,"key":"REST"},{"floor":40,"key":"REST"},{"floor":49,"key":"REST"}],"neow_cost":"NONE","seed_source_timestamp":4387198804113,"circlet_count":0,"master_deck":["AscendersBane","Defend_G","Defend_G+1","Defend_G","Defend_G+1","Strike_G","Survivor","Neutralize+1","Dash","Deadly Poison+1","Poisoned Stab+1","Setup+1","Blur+1","Malaise+1","Deflect+1","Deadly Poison+1","Noxious Fumes","Leg Sweep+1","Crippling Poison+1","Deadly Poison+1","Well Laid Plans+1","Bandage Up+1","Footwork+1","Poisoned Stab","Prepared+1","Cloak And Dagger+1","Adrenaline+1","Backflip+1","Catalyst+1","Deflect+1","Dodge and Roll+1","Deflect+1"],"special_seed":0,"relics":["Ring of the Snake","NeowsBlessing","Meat on the Bone","Toxic Egg 2","Unceasing Top","Golden Idol","Orrery","Regal Pillow","Anchor","Turnip","Tiny House","Centennial Puzzle","Frozen Egg 2","Red Mask"],"potions_floor_usage":[41,50],"damage_taken":[{"damage":0.0,"enemies":"Jaw Worm","floor":1.0,"turns":1.0},{"damage":0.0,"enemies":"3 Sentries","floor":8.0,"turns":1.0},{"damage":0.0,"enemies":"Gremlin Nob","floor":11.0,"turns":1.0},{"damage":0.0,"enemies":"2 Louse","floor":14.0,"turns":3.0},{"damage":5.0,"enemies":"The Guardian","floor":16.0,"turns":11.0},{"damage":1.0,"enemies":"Chosen","floor":18.0,"turns":6.0},{"damage":12.0,"enemies":"2 Thieves","floor":20.0,"turns":4.0},{"damage":37.0,"enemies":"Gremlin Leader","floor":24.0,"turns":7.0},{"damage":34.0,"enemies":"3 Cultists","floor":28.0,"turns":7.0},{"damage":18.0,"enemies":"Snecko","floor":29.0,"turns":6.0},{"damage":7.0,"enemies":"Chosen and Byrds","floor":30.0,"turns":7.0},{"damage":46.0,"enemies":"Automaton","floor":33.0,"turns":14.0},{"damage":0.0,"enemies":"Orb Walker","floor":35.0,"turns":6.0},{"damage":28.0,"enemies":"3 Darklings","floor":36.0,"turns":12.0},{"damage":8.0,"enemies":"Sphere and 2 Shapes","floor":38.0,"turns":7.0},{"damage":28,"enemies":"Giant Head","floor":41,"turns":8},{"damage":0,"enemies":"Transient","floor":46,"turns":6},{"damage":4,"enemies":"Jaw Worm Horde","floor":47,"turns":5},{"damage":2,"enemies":"Sphere and 2 Shapes","floor":48,"turns":8},{"damage":29,"enemies":"Time Eater","floor":50,"turns":10}],"seed_played":"-6635582527622406402","potions_obtained":[{"floor":14.0,"key":"Swift Potion"},{"floor":16.0,"key":"FearPotion"},{"floor":24.0,"key":"GamblersBrew"},{"floor":29.0,"key":"Weak Potion"},{"floor":30.0,"key":"Explosive Potion"},{"floor":33.0,"key":"SteroidPotion"},{"floor":36.0,"key":"Poison Potion"},{"floor":46,"key":"FearPotion"}],"is_trial":false,"path_per_floor":["M","?","?","?","$","R","$","E","T","R","E","?","R","M","R","B",null,"M","T","M","?","$","R","E","$","T","$","M","M","M","?","R","B",null,"M","M","$","M","?","R","E","?","T","?","$","M","M","M","R","B",null],"character_chosen":"THE_SILENT","items_purchased":["Deadly Poison","Well Laid Plans","Bandage Up+1","PowerPotion","Catalyst+1"],"campfire_rested":4,"item_purchase_floors":[5,22,22,25,37],"current_hp_per_floor":[59,52,32,32,32,32,32,32,32,32,44,21,21,33,52,47,61,60,60,48,48,48,48,29,29,29,29,13,13,24,24,58,30,62,68,46,46,44,44,71,43,43,43,43,43,49,51,55,71,46],"gold":51,"neow_bonus":"THREE_ENEMY_KILL","is_prod":false,"is_daily":false,"chose_seed":false,"campfire_upgraded":4,"win_rate":0,"timestamp":1551580690,"path_taken":["M","?","?","?","$","R","?","E","T","R","E","?","R","?","R","BOSS","M","?","M","?","$","R","E","?","T","?","M","M","M","?","R","BOSS","M","M","$","M","?","R","E","?","T","?","?","M","M","M","R","BOSS"],"build_version":"2019-01-23","purchased_purges":3,"victory":true,"max_hp_per_floor":[66,66,66,66,66,66,66,66,66,66,66,66,66,66,66,66,66,66,66,66,66,66,66,66,66,66,66,66,66,66,66,66,66,71,71,71,71,71,71,71,71,71,71,71,71,71,71,71,71,71],"card_choices":[{"not_picked":["Dagger Spray","Prepared"],"picked":"Dash","floor":1.0},{"not_picked":["Dagger Throw","Backstab"],"picked":"Poisoned Stab","floor":8.0},{"not_picked":["Die Die Die","Sucker Punch"],"picked":"Setup+1","floor":11.0},{"not_picked":["Dagger Spray","Flying Knee"],"picked":"Blur+1","floor":14.0},{"not_picked":["After Image","Bullet Time+1"],"picked":"Malaise+1","floor":16.0},{"not_picked":["Quick Slash","Unload"],"picked":"Deflect+1","floor":17.0},{"not_picked":["Bane","Heel Hook"],"picked":"Deadly Poison+1","floor":17.0},{"not_picked":["Caltrops","Skewer"],"picked":"Noxious Fumes","floor":17.0},{"not_picked":["Masterful Stab","Skewer"],"picked":"Leg Sweep+1","floor":17.0},{"not_picked":["Blade Dance+1","Flying Knee"],"picked":"Crippling Poison+1","floor":18.0},{"not_picked":["Flying Knee","Cloak And Dagger+1"],"picked":"Deadly Poison+1","floor":20.0},{"not_picked":["Flechettes","Finisher"],"picked":"Footwork","floor":24.0},{"not_picked":["Blade Dance+1","Wraith Form v2"],"picked":"Poisoned Stab","floor":28.0},{"not_picked":["Calculated Gamble+1","Leg Sweep+1"],"picked":"Prepared+1","floor":29.0},{"not_picked":["Malaise+1","Expertise+1"],"picked":"Cloak And Dagger+1","floor":30.0},{"not_picked":["Burst+1","Phantasmal Killer+1"],"picked":"Adrenaline+1","floor":33.0},{"not_picked":["Choke","Accuracy"],"picked":"Backflip+1","floor":34.0},{"not_picked":["Cloak And Dagger+1","Endless Agony","Deadly Poison+1"],"picked":"SKIP","floor":35.0},{"not_picked":["Reflex+1","Underhanded Strike","Flechettes"],"picked":"SKIP","floor":36.0},{"not_picked":["Prepared+1","Blade Dance+1"],"picked":"Deflect+1","floor":38.0},{"not_picked":["Wraith Form v2","Predator+1"],"picked":"Dodge and Roll+1","floor":41},{"not_picked":["Prepared+1","Masterful Stab","Bane"],"picked":"SKIP","floor":46},{"not_picked":["All Out Attack","Bane","Flechettes"],"picked":"SKIP","floor":47},{"not_picked":["Predator","Backstab+1"],"picked":"Deflect+1","floor":48}],"player_experience":702798,"relics_obtained":[{"floor":8.0,"key":"Meat on the Bone"},{"floor":9.0,"key":"Toxic Egg 2"},{"floor":11.0,"key":"Unceasing Top"},{"floor":19.0,"key":"Regal Pillow"},{"floor":24.0,"key":"Anchor"},{"floor":26.0,"key":"Turnip"},{"floor":41,"key":"Centennial Puzzle"},{"floor":43,"key":"Frozen Egg 2"}],"event_choices":[{"cards_removed":["Strike_G"],"damage_healed":0.0,"max_hp_gain":0.0,"max_hp_loss":0.0,"gold_gain":0.0,"event_name":"Golden Wing","player_choice":"Card Removal","floor":2.0,"gold_loss":0.0,"damage_taken":7.0},{"damage_healed":0.0,"max_hp_gain":0.0,"max_hp_loss":0.0,"gold_gain":0.0,"event_name":"Shining Light","player_choice":"Entered Light","floor":3.0,"gold_loss":0.0,"damage_taken":20.0,"cards_upgraded":["Defend_G","Defend_G"]},{"damage_healed":0.0,"max_hp_gain":0.0,"max_hp_loss":0.0,"gold_gain":0.0,"event_name":"Liars Game","player_choice":"Ignored","floor":4.0,"gold_loss":0.0,"damage_taken":0.0},{"damage_healed":0.0,"max_hp_gain":0.0,"max_hp_loss":0.0,"gold_gain":0.0,"event_name":"Golden Idol","player_choice":"Take Damage","floor":12.0,"gold_loss":0.0,"damage_taken":23.0,"relics_obtained":["Golden Idol"]},{"damage_healed":0.0,"max_hp_gain":0.0,"max_hp_loss":0.0,"gold_gain":50.0,"event_name":"Nest","player_choice":"Stole From Cult","floor":21.0,"gold_loss":0.0,"damage_taken":0.0},{"damage_healed":0.0,"max_hp_gain":0.0,"max_hp_loss":0.0,"gold_gain":0.0,"event_name":"Cursed Tome","player_choice":"Ignored","floor":31.0,"gold_loss":0.0,"damage_taken":0.0},{"damage_healed":0,"gold_gain":0,"player_choice":"Ignored","damage_taken":0,"max_hp_gain":0,"max_hp_loss":0,"event_name":"Mysterious Sphere","floor":39,"gold_loss":0},{"cards_removed":["Defend_G"],"damage_healed":0,"gold_gain":0,"player_choice":"Removed Skill","damage_taken":0,"max_hp_gain":0,"max_hp_loss":0,"event_name":"Falling","floor":42,"gold_loss":0},{"damage_healed":0,"gold_gain":0,"player_choice":"Paid","damage_taken":0,"relics_obtained":["Red Mask"],"max_hp_gain":0,"max_hp_loss":0,"event_name":"Tomb of Lord Red Mask","floor":44,"gold_loss":106}],"is_beta":false,"boss_relics":[{"not_picked":["Philosopher\u0027s Stone","Velvet Choker"],"picked":"Orrery"},{"not_picked":["HoveringKite","White Beast Statue"],"picked":"Tiny House"}],"items_purged_floors":[5,22,37],"is_endless":false,"potions_floor_spawned":[14,16,24,29,30,33,35,36,46],"ascension_level":19}