{"gold_per_floor":[362,287,287,307,377,377,377,17,17,52,64,83,83,98,98,170,170,187,187,187,30,41,41,52,52,77,95,95,95,107,32,32,32],"floor_reached":33,"playtime":2938,"items_purged":["Normality","Strike_R"],"score":453,"play_id":"5e33ee52-55b6-46df-b5b4-df178853bbd0","local_time":"20190423235827","is_ascension_mode":true,"campfire_choices":[{"data":"Uppercut","floor":6.0,"key":"SMITH"},{"data":"Barricade","floor":13.0,"key":"SMITH"},{"floor":15.0,"key":"RECALL"},{"floor":23,"key":"REST"},{"floor":25,"key":"REST"},{"data":"Entrench","floor":28,"key":"SMITH"},{"floor":32,"key":"REST"}],"neow_cost":"CURSE","seed_source_timestamp":976851995347422,"circlet_count":0,"master_deck":["AscendersBane","Strike_R","Defend_R","Defend_R","Defend_R","Defend_R","Bash","Uppercut+1","Pommel Strike+1","Dropkick+1","Barricade+1","Body Slam+1","Headbutt+1","Reaper+1","Burning Pact+1","RitualDagger+1","Evolve+1","Entrench+1","Anger+1","Metallicize","Reckless Charge+1","Iron Wave+1"],"special_seed":0,"relics":["Burning Blood","Molten Egg 2","Matryoshka","Kunai","Lantern","Oddly Smooth Stone","Lizard Tail","Omamori","Potion Belt"],"potions_floor_usage":[16,22,27,30],"damage_taken":[{"damage":4.0,"enemies":"Small Slimes","floor":1.0,"turns":4.0},{"damage":2.0,"enemies":"Jaw Worm","floor":4.0,"turns":5.0},{"damage":34.0,"enemies":"Gremlin Nob","floor":10.0,"turns":5.0},{"damage":0.0,"enemies":"2 Louse","floor":11.0,"turns":1.0},{"damage":0.0,"enemies":"Large Slime","floor":12.0,"turns":5.0},{"damage":19.0,"enemies":"Exordium Wildlife","floor":14.0,"turns":6.0},{"damage":12,"enemies":"Hexaghost","floor":16,"turns":9},{"damage":49,"enemies":"Spheric Guardian","floor":18,"turns":8},{"damage":20,"enemies":"Chosen","floor":22,"turns":4},{"damage":31,"enemies":"Snake Plant","floor":24,"turns":4},{"damage":27,"enemies":"Snecko","floor":27,"turns":7},{"damage":49,"enemies":"Centurion and Healer","floor":30,"turns":5},{"damage":71,"enemies":"Champ","floor":33,"turns":11}],"seed_played":"-8247295499856518537","potions_obtained":[{"floor":4.0,"key":"Explosive Potion"},{"floor":10.0,"key":"Energy Potion"},{"floor":18,"key":"Strength Potion"},{"floor":24,"key":"BloodPotion"}],"is_trial":false,"path_per_floor":["M","$","?","M","?","R","T","$","T","E","M","M","R","M","R","B",null,"M","?","?","$","M","R","M","R","T","M","R","?","M","?","R","B"],"character_chosen":"IRONCLAD","items_purchased":["Kunai","Dropkick+1","PowerPotion"],"campfire_rested":3,"item_purchase_floors":[8,8,21],"current_hp_per_floor":[70,70,59,63,63,63,63,63,63,35,41,47,47,34,34,28,63,25,25,19,19,15,37,12,34,34,23,23,23,32,32,54,0],"gold":32,"neow_bonus":"TWO_FIFTY_GOLD","is_prod":false,"is_daily":false,"chose_seed":false,"campfire_upgraded":3,"win_rate":0,"timestamp":1556031507,"path_taken":["M","$","?","M","?","R","?","$","T","E","M","M","R","M","R","BOSS","M","?","?","?","?","R","M","R","T","M","R","?","M","?","R","BOSS"],"build_version":"2019-04-21","purchased_purges":2,"victory":false,"max_hp_per_floor":[75,75,75,75,75,75,75,75,75,75,75,75,75,75,75,75,75,75,75,75,75,75,75,75,75,75,75,75,75,75,75,75,75],"card_choices":[{"not_picked":["Shrug It Off","Body Slam"],"picked":"Uppercut","floor":1.0},{"not_picked":["Anger+1","Twin Strike+1"],"picked":"Pommel Strike+1","floor":4.0},{"not_picked":["Havoc","Flex"],"picked":"Barricade","floor":10.0},{"not_picked":["Pommel Strike+1","Flex"],"picked":"Body Slam+1","floor":11.0},{"not_picked":["Thunderclap+1","Clash+1"],"picked":"Headbutt+1","floor":12.0},{"not_picked":["Warcry","Combust","Heavy Blade+1"],"picked":"SKIP","floor":14.0},{"not_picked":["Barricade","Limit Break"],"picked":"Reaper+1","floor":16},{"not_picked":["Shrug It Off","Pommel Strike+1"],"picked":"Burning Pact+1","floor":18},{"not_picked":["Inflame","Infernal Blade"],"picked":"Evolve+1","floor":22},{"not_picked":["Metallicize","Flame Barrier+1"],"picked":"Entrench","floor":24},{"not_picked":["Shrug It Off","Blood for Blood+1"],"picked":"Anger+1","floor":27},{"not_picked":["Pommel Strike+1","Cleave+1","Iron Wave+1"],"picked":"SKIP","floor":30},{"not_picked":["Pommel Strike+1","Cleave+1"],"picked":"Iron Wave+1","floor":30}],"player_experience":3035543,"relics_obtained":[{"floor":7.0,"key":"Matryoshka"},{"floor":9.0,"key":"Lantern"},{"floor":10.0,"key":"Oddly Smooth Stone"},{"floor":26,"key":"Omamori"},{"floor":26,"key":"Potion Belt"}],"event_choices":[{"damage_healed":0.0,"max_hp_gain":0.0,"max_hp_loss":0.0,"gold_gain":0.0,"event_name":"Scrap Ooze","player_choice":"Success","floor":3.0,"gold_loss":0.0,"damage_taken":11.0,"relics_obtained":["Molten Egg 2"]},{"damage_healed":0.0,"max_hp_gain":0.0,"max_hp_loss":0.0,"gold_gain":70.0,"event_name":"Golden Wing","player_choice":"Gained Gold","floor":5.0,"gold_loss":0.0,"damage_taken":0.0},{"damage_healed":0,"gold_gain":0,"player_choice":"Ignored","damage_taken":0,"max_hp_gain":0,"max_hp_loss":0,"event_name":"The Mausoleum","floor":19,"gold_loss":0},{"damage_healed":0,"gold_gain":0,"player_choice":"Joined the Cult","damage_taken":6,"max_hp_gain":0,"max_hp_loss":0,"event_name":"Nest","floor":20,"gold_loss":0,"cards_obtained":["RitualDagger"]},{"damage_healed":0,"gold_gain":0,"cards_transformed":["Strike_R","Strike_R"],"player_choice":"Became Test Subject","damage_taken":0,"max_hp_gain":0,"max_hp_loss":0,"event_name":"Drug Dealer","floor":29,"gold_loss":0,"cards_obtained":["Metallicize","Reckless Charge"]},{"cards_removed":["Strike_R"],"damage_healed":0,"gold_gain":0,"player_choice":"Gave Gold","damage_taken":0,"max_hp_gain":0,"max_hp_loss":0,"event_name":"Beggar","floor":31,"gold_loss":75}],"is_beta":true,"boss_relics":[{"not_picked":["Black Star","Cursed Key"],"picked":"Lizard Tail"}],"items_purged_floors":[2,21],"is_endless":false,"potions_floor_spawned":[4,10,18,24],"killed_by":"Champ","ascension_level":17}