{"gold_per_floor":[18,18,18,18,30,30,30,30,30,30,65,65,98,118,118,220,220,238,238,238,163,63,63,82,111,111,131,131,6,34,52,52,149,149,159,83,0,0,0,0,0,0,0,33,33,67,79,79,79,79],"floor_reached":51,"playtime":2105,"items_purged":["Strike_R","Strike_R","Strike_R"],"score":1188,"play_id":"6b9ba9d7-ae43-41c4-824d-d677a651c794","local_time":"20190205192950","is_ascension_mode":true,"campfire_choices":[{"data":"Uppercut","floor":6.0,"key":"SMITH"},{"data":"Sword Boomerang","floor":8.0,"key":"SMITH"},{"data":"Bash","floor":10.0,"key":"SMITH"},{"floor":12.0,"key":"REST"},{"data":"Shrug It Off","floor":15.0,"key":"SMITH"},{"floor":23.0,"key":"REST"},{"data":"Warcry","floor":28.0,"key":"SMITH"},{"data":"Defend_R","floor":32.0,"key":"SMITH"},{"data":"True Grit","floor":40,"key":"SMITH"},{"data":"Evolve","floor":42,"key":"SMITH"},{"data":"Madness","floor":49,"key":"SMITH"}],"neow_cost":"NO_GOLD","seed_source_timestamp":2261777982042939,"circlet_count":0,"master_deck":["AscendersBane","Strike_R","Strike_R+1","Defend_R+1","Defend_R","Defend_R","Defend_R+1","Bash+1","Sword Boomerang+1","Uppercut+1","Shrug It Off+1","Reaper","Necronomicurse","Infernal Blade+1","Warcry+1","Immolate","True Grit+1","Evolve+1","Clumsy","Parasite","Shrug It Off","Warcry+1","Spot Weakness+1","Madness","Madness+1"],"special_seed":0,"relics":["Burning Blood","Pocketwatch","Red Skull","Mercury Hourglass","Matryoshka","Gremlin Horn","Darkstone Periapt","Mark of Pain","Prayer Wheel","Necronomicon","Potion Belt","Bag of Preparation","Bottled Lightning","Sundial","Cursed Key","Red Mask","PreservedInsect","Question Card","Letter Opener","Shovel","Pen Nib"],"potions_floor_usage":[50,50],"damage_taken":[{"damage":1.0,"enemies":"Cultist","floor":1.0,"turns":3.0},{"damage":8.0,"enemies":"2 Louse","floor":5.0,"turns":2.0},{"damage":12.0,"enemies":"Gremlin Nob","floor":11.0,"turns":3.0},{"damage":14.0,"enemies":"Lagavulin","floor":13.0,"turns":5.0},{"damage":9.0,"enemies":"Jaw Worm","floor":14.0,"turns":2.0},{"damage":43.0,"enemies":"Hexaghost","floor":16.0,"turns":10.0},{"damage":14.0,"enemies":"3 Byrds","floor":18.0,"turns":4.0},{"damage":0.0,"enemies":"Chosen","floor":24.0,"turns":3.0},{"damage":34.0,"enemies":"Gremlin Leader","floor":25.0,"turns":6.0},{"damage":13.0,"enemies":"Snake Plant","floor":27.0,"turns":4.0},{"damage":8.0,"enemies":"Book of Stabbing","floor":30.0,"turns":4.0},{"damage":3.0,"enemies":"Snecko","floor":31.0,"turns":3.0},{"damage":66.0,"enemies":"Automaton","floor":33.0,"turns":9.0},{"damage":0.0,"enemies":"Orb Walker","floor":35.0,"turns":2.0},{"damage":9,"enemies":"Giant Head","floor":44,"turns":6},{"damage":0,"enemies":"Reptomancer","floor":46,"turns":3},{"damage":12,"enemies":"3 Darklings","floor":47,"turns":2},{"damage":47,"enemies":"Donu and Deca","floor":50,"turns":6}],"seed_played":"8591382327921081973","potions_obtained":[{"floor":5.0,"key":"SpeedPotion"},{"floor":11.0,"key":"BloodPotion"},{"floor":16.0,"key":"Block Potion"},{"floor":24.0,"key":"GamblersBrew"},{"floor":25.0,"key":"EssenceOfSteel"},{"floor":27.0,"key":"Fire Potion"},{"floor":33.0,"key":"Swift Potion"},{"floor":47,"key":"Block Potion"}],"is_trial":false,"path_per_floor":["M","?","?","T","M","R","?","R","T","R","E","R","E","M","R","B",null,"M","?","?","$","$","R","M","E","T","M","R","$","E","M","R","B",null,"M","$","?","?","T","R","$","R","T","E","?","E","M","?","R","B",null],"character_chosen":"IRONCLAD","items_purchased":["Evolve"],"campfire_rested":2,"item_purchase_floors":[36],"current_hp_per_floor":[77,82,65,65,63,63,63,63,63,63,57,82,74,71,71,34,72,74,74,64,64,64,91,91,72,72,70,70,70,68,77,77,31,76,82,82,82,82,88,88,88,88,94,103,103,103,100,87,87,56],"gold":79,"neow_bonus":"ONE_RARE_RELIC","is_prod":false,"is_daily":false,"chose_seed":false,"campfire_upgraded":9,"win_rate":0,"timestamp":1549362590,"path_taken":["M","?","?","?","?","R","?","R","T","R","E","R","E","M","R","BOSS","M","?","?","?","$","R","M","E","T","M","R","$","E","M","R","BOSS","M","$","?","?","?","R","$","R","T","E","?","E","?","?","R","BOSS"],"build_version":"2019-01-23","purchased_purges":3,"victory":true,"max_hp_per_floor":[80,85,85,85,85,85,85,85,85,85,85,85,85,85,85,85,85,85,85,91,91,91,91,91,91,91,91,91,91,91,91,91,91,91,91,91,91,91,97,97,97,97,103,103,103,103,103,103,103,103],"card_choices":[{"not_picked":["Clash","Rage"],"picked":"Sword Boomerang","floor":1.0},{"not_picked":["Heavy Blade","Body Slam"],"picked":"Uppercut","floor":5.0},{"not_picked":["Blood for Blood","Anger","Sword Boomerang"],"picked":"SKIP","floor":11.0},{"not_picked":["Sever Soul","Heavy Blade","Burning Pact"],"picked":"SKIP","floor":13.0},{"not_picked":["Headbutt","Twin Strike"],"picked":"Shrug It Off","floor":14.0},{"not_picked":["Brutality","Juggernaut"],"picked":"Reaper","floor":16.0},{"not_picked":["Whirlwind","Flame Barrier","Body Slam"],"picked":"SKIP","floor":18.0},{"not_picked":["Perfected Strike","Corruption"],"picked":"Infernal Blade+1","floor":24.0},{"not_picked":["Wild Strike","Warcry","Thunderclap"],"picked":"SKIP","floor":24.0},{"not_picked":["Power Through","Flex","Corruption"],"picked":"SKIP","floor":25.0},{"not_picked":["Headbutt","Body Slam+1"],"picked":"Warcry","floor":27.0},{"not_picked":["Body Slam","Corruption","Sword Boomerang"],"picked":"SKIP","floor":27.0},{"not_picked":["Fire Breathing","Juggernaut","Corruption"],"picked":"SKIP","floor":30.0},{"not_picked":["Pommel Strike","Sword Boomerang","Havoc"],"picked":"SKIP","floor":31.0},{"not_picked":["Body Slam","Warcry","Bloodletting"],"picked":"SKIP","floor":31.0},{"not_picked":["Berserk","Feed"],"picked":"Immolate","floor":33.0},{"not_picked":["Pommel Strike","Whirlwind+1"],"picked":"True Grit","floor":35.0},{"not_picked":["Body Slam+1","Intimidate+1","Armaments"],"picked":"SKIP","floor":35.0},{"not_picked":["Burning Pact","Headbutt","Flex+1"],"picked":"Shrug It Off","floor":44},{"not_picked":["Perfected Strike+1","Bludgeon","Sever Soul"],"picked":"Spot Weakness+1","floor":46},{"not_picked":["Perfected Strike+1","Warcry","Clash+1","Rage"],"picked":"SKIP","floor":47},{"not_picked":["Disarm+1","Pommel Strike","Iron Wave+1","Wild Strike+1"],"picked":"SKIP","floor":47}],"player_experience":537303,"relics_obtained":[{"floor":4.0,"key":"Red Skull"},{"floor":9.0,"key":"Matryoshka"},{"floor":11.0,"key":"Gremlin Horn"},{"floor":13.0,"key":"Darkstone Periapt"},{"floor":20.0,"key":"Necronomicon"},{"floor":25.0,"key":"Potion Belt"},{"floor":26.0,"key":"Bag of Preparation"},{"floor":26.0,"key":"Bottled Lightning"},{"floor":30.0,"key":"Sundial"},{"floor":39,"key":"PreservedInsect"},{"floor":39,"key":"Question Card"},{"floor":43,"key":"Letter Opener"},{"floor":44,"key":"Shovel"},{"floor":46,"key":"Pen Nib"}],"event_choices":[{"damage_healed":0.0,"max_hp_gain":5.0,"max_hp_loss":0.0,"gold_gain":0.0,"event_name":"Big Fish","player_choice":"Donut","floor":2.0,"gold_loss":0.0,"damage_taken":0.0},{"damage_healed":0.0,"max_hp_gain":0.0,"max_hp_loss":0.0,"gold_gain":0.0,"event_name":"Shining Light","player_choice":"Entered Light","floor":3.0,"gold_loss":0.0,"damage_taken":17.0,"cards_upgraded":["Defend_R","Strike_R"]},{"damage_healed":0.0,"max_hp_gain":0.0,"max_hp_loss":0.0,"gold_gain":0.0,"event_name":"WeMeetAgain","player_choice":"Gave Potion","floor":7.0,"gold_loss":0.0,"damage_taken":0.0,"relics_obtained":["Mercury Hourglass"]},{"damage_healed":0.0,"max_hp_gain":0.0,"max_hp_loss":0.0,"gold_gain":0.0,"event_name":"The Mausoleum","player_choice":"Opened","floor":19.0,"gold_loss":0.0,"damage_taken":0.0,"relics_obtained":["Prayer Wheel"]},{"damage_healed":0.0,"max_hp_gain":0.0,"max_hp_loss":0.0,"gold_gain":0.0,"event_name":"Cursed Tome","player_choice":"Obtained Book","floor":20.0,"gold_loss":0.0,"damage_taken":16.0},{"damage_healed":0,"gold_gain":0,"player_choice":"Paid","damage_taken":0,"relics_obtained":["Red Mask"],"max_hp_gain":0,"max_hp_loss":0,"event_name":"Tomb of Lord Red Mask","floor":37,"gold_loss":83},{"damage_healed":0,"gold_gain":0,"player_choice":"Memory 1","damage_taken":0,"max_hp_gain":0,"max_hp_loss":0,"event_name":"SensoryStone","floor":38,"gold_loss":0},{"damage_healed":0,"gold_gain":0,"player_choice":"Copied","damage_taken":0,"max_hp_gain":0,"max_hp_loss":0,"event_name":"Duplicator","floor":45,"gold_loss":0,"cards_obtained":["Warcry"]},{"damage_healed":0,"gold_gain":0,"player_choice":"Embrace Madness","damage_taken":13,"max_hp_gain":0,"max_hp_loss":0,"event_name":"Winding Halls","floor":48,"gold_loss":0,"cards_obtained":["Madness","Madness"]}],"is_beta":false,"boss_relics":[{"not_picked":["Runic Cube","Fusion Hammer"],"picked":"Mark of Pain"},{"not_picked":["Lizard Tail","Sozu"],"picked":"Cursed Key"}],"items_purged_floors":[21,22,29],"is_endless":false,"potions_floor_spawned":[5,11,16,24,25,27,33,47],"ascension_level":11}