{"gold_per_floor":[109,127,138,157,157,157,168,195,195,195,209,134,134,149,149,223,223,234,234,28,28,45,45,75,94,94,94],"floor_reached":27,"playtime":1325,"items_purged":[],"score":470,"play_id":"ed8aa37e-38c9-4917-9faf-32184b2f48d2","local_time":"20190310091039","is_ascension_mode":true,"campfire_choices":[{"data":"Madness","floor":6,"key":"SMITH"},{"data":"Terror","floor":10,"key":"SMITH"},{"data":"Bouncing Flask","floor":13,"key":"SMITH"},{"floor":15,"key":"REST"},{"floor":23,"key":"REST"}],"neow_cost":"NONE","seed_source_timestamp":602427782416202,"circlet_count":0,"master_deck":["AscendersBane","Defend_G","Defend_G","Defend_G","Defend_G","Defend_G","Strike_G","Strike_G","Strike_G","Survivor","Neutralize","Madness+1","Backstab","Sucker Punch","Quick Slash","After Image","Terror+1","Bouncing Flask+1","PiercingWail","Corpse Explosion","Backflip","Footwork","Dodge and Roll","Dodge and Roll"],"special_seed":0,"relics":["Ring of the Snake","Bag of Marbles","The Courier","Sozu","Membership Card","Paper Crane","Dodecahedron"],"potions_floor_usage":[7,8,16],"damage_taken":[{"damage":2,"enemies":"2 Louse","floor":1,"turns":4},{"damage":0,"enemies":"Cultist","floor":2,"turns":3},{"damage":10,"enemies":"Small Slimes","floor":3,"turns":4},{"damage":6,"enemies":"Exordium Wildlife","floor":4,"turns":4},{"damage":1,"enemies":"Exordium Thugs","floor":7,"turns":4},{"damage":9,"enemies":"3 Sentries","floor":8,"turns":12},{"damage":7,"enemies":"Blue Slaver","floor":11,"turns":3},{"damage":5,"enemies":"Exordium Wildlife","floor":14,"turns":4},{"damage":12,"enemies":"The Guardian","floor":16,"turns":11},{"damage":17,"enemies":"3 Byrds","floor":18,"turns":4},{"damage":8,"enemies":"Chosen","floor":22,"turns":5},{"damage":30,"enemies":"Book of Stabbing","floor":24,"turns":7},{"damage":13,"enemies":"Snecko","floor":25,"turns":6},{"damage":8,"enemies":"Snake Plant","floor":27,"turns":1}],"seed_played":"3651612154999858154","potions_obtained":[{"floor":1,"key":"AttackPotion"},{"floor":2,"key":"AttackPotion"},{"floor":14,"key":"Fire Potion"}],"is_trial":false,"path_per_floor":["M","M","M","M","?","R","M","E","T","R","M","?","R","M","R","B",null,"M","?","$","?","M","R","E","M","T","M"],"character_chosen":"THE_SILENT","items_purchased":["Membership Card","Footwork"],"campfire_rested":2,"item_purchase_floors":[20,20],"current_hp_per_floor":[57,57,47,41,41,41,40,31,31,31,24,24,24,19,38,26,56,39,39,39,39,31,50,20,7,7,0],"gold":94,"neow_bonus":"RANDOM_COLORLESS","is_prod":false,"is_daily":false,"chose_seed":false,"campfire_upgraded":3,"win_rate":0,"timestamp":1552176639,"path_taken":["M","M","M","M","?","R","?","E","T","R","M","?","R","M","R","BOSS","M","?","?","?","M","R","E","?","T","M"],"build_version":"2019-01-23","purchased_purges":0,"victory":false,"max_hp_per_floor":[66,66,66,66,66,66,66,66,66,66,66,66,66,66,66,66,66,66,66,66,66,66,66,66,66,66,66],"card_choices":[{"not_picked":["Calculated Gamble","Endless Agony"],"picked":"Backstab","floor":1},{"not_picked":["Blur","Dagger Throw"],"picked":"Sucker Punch","floor":2},{"not_picked":["Bane","Tactician"],"picked":"Quick Slash","floor":3},{"not_picked":["Quick Slash","Terror"],"picked":"After Image","floor":4},{"not_picked":["Acrobatics","Prepared"],"picked":"Terror","floor":7},{"not_picked":["Bullet Time","Concentrate","Eviscerate"],"picked":"SKIP","floor":8},{"not_picked":["Predator","Poisoned Stab"],"picked":"Bouncing Flask","floor":11},{"not_picked":["Sucker Punch","Dagger Throw"],"picked":"PiercingWail","floor":14},{"not_picked":["Die Die Die","Burst"],"picked":"Corpse Explosion","floor":16},{"not_picked":["Cloak And Dagger","Caltrops"],"picked":"Backflip","floor":18},{"not_picked":["Slice","Eviscerate+1","Concentrate"],"picked":"SKIP","floor":22},{"not_picked":["Skewer","Prepared"],"picked":"Dodge and Roll","floor":24},{"not_picked":["Deflect","Dagger Spray"],"picked":"Dodge and Roll","floor":25}],"player_experience":737988,"relics_obtained":[{"floor":8,"key":"Bag of Marbles"},{"floor":9,"key":"The Courier"},{"floor":24,"key":"Paper Crane"},{"floor":26,"key":"Dodecahedron"}],"event_choices":[{"cards_removed":["Strike_G"],"damage_healed":0,"gold_gain":0,"player_choice":"Purged","damage_taken":0,"max_hp_gain":0,"max_hp_loss":0,"event_name":"Purifier","floor":5,"gold_loss":0},{"cards_removed":["Strike_G"],"damage_healed":0,"gold_gain":0,"player_choice":"Card Removal","damage_taken":0,"max_hp_gain":0,"max_hp_loss":0,"event_name":"The Cleric","floor":12,"gold_loss":75},{"damage_healed":0,"gold_gain":0,"player_choice":"Ignored","damage_taken":0,"max_hp_gain":0,"max_hp_loss":0,"event_name":"N\u0027loth","floor":19,"gold_loss":0},{"damage_healed":0,"gold_gain":0,"player_choice":"Ignored","damage_taken":0,"max_hp_gain":0,"max_hp_loss":0,"event_name":"Vampires","floor":21,"gold_loss":0}],"is_beta":false,"boss_relics":[{"not_picked":["Runic Pyramid","Philosopher\u0027s Stone"],"picked":"Sozu"}],"items_purged_floors":[],"is_endless":false,"potions_floor_spawned":[1,2,3,14,25],"killed_by":"Snake Plant","ascension_level":20}