{"gold_per_floor":[110,185,209,227,238,238,264,264,291,309,323,323,323,336,336,336],"floor_reached":16,"playtime":728,"items_purged":[],"score":184,"play_id":"490c96e5-caf7-4b06-912c-c758c47c01fb","local_time":"20190519184718","is_ascension_mode":true,"campfire_choices":[{"data":"Flame Barrier","floor":6.0,"key":"SMITH"},{"data":"Disarm","floor":8,"key":"SMITH"},{"data":"Armaments","floor":12,"key":"SMITH"},{"data":"Armaments","floor":15,"key":"SMITH"}],"neow_cost":"NONE","seed_source_timestamp":114539633811260,"circlet_count":0,"master_deck":["AscendersBane","Strike_R","Strike_R","Strike_R","Strike_R","Strike_R","Defend_R","Defend_R","Defend_R","Defend_R","Bash","Corruption+1","Flame Barrier+1","Disarm+1","Shrug It Off","Armaments+1","Armaments+1"],"special_seed":0,"relics":["Burning Blood","NeowsBlessing","Potion Belt","Ice Cream","Oddly Smooth Stone"],"potions_floor_usage":[7,11,16],"damage_taken":[{"damage":0.0,"enemies":"Small Slimes","floor":1.0,"turns":1.0},{"damage":0.0,"enemies":"Jaw Worm","floor":4.0,"turns":1.0},{"damage":0.0,"enemies":"Cultist","floor":5.0,"turns":1.0},{"damage":21,"enemies":"Lagavulin","floor":7,"turns":6},{"damage":3,"enemies":"Exordium Wildlife","floor":10,"turns":5},{"damage":3,"enemies":"2 Fungi Beasts","floor":11,"turns":4},{"damage":7,"enemies":"3 Louse","floor":14,"turns":5},{"damage":79,"enemies":"Slime Boss","floor":16,"turns":17}],"seed_played":"8173142776064970355","potions_obtained":[{"floor":4.0,"key":"PowerPotion"},{"floor":10,"key":"Fire Potion"},{"floor":11,"key":"Fire Potion"}],"is_trial":false,"path_per_floor":["M","?","T","M","M","R","E","R","T","M","M","R","?","M","R","B"],"character_chosen":"IRONCLAD","items_purchased":[],"campfire_rested":0,"item_purchase_floors":[],"current_hp_per_floor":[74,63,63,69,75,75,60,60,60,63,66,66,66,65,65,0],"gold":336,"neow_bonus":"THREE_ENEMY_KILL","is_prod":false,"is_daily":false,"chose_seed":false,"campfire_upgraded":4,"win_rate":0,"timestamp":1558280838,"path_taken":["M","?","?","M","M","R","E","R","T","M","?","R","?","M","R","BOSS"],"build_version":"2019-01-23","purchased_purges":0,"victory":false,"max_hp_per_floor":[75,75,75,75,75,75,75,75,75,75,75,75,75,75,75,75],"card_choices":[{"not_picked":["Clash","Entrench","Metallicize"],"picked":"SKIP","floor":1.0},{"not_picked":["Thunderclap","Flame Barrier"],"picked":"Corruption","floor":4.0},{"not_picked":["Sword Boomerang","Dual Wield"],"picked":"Flame Barrier","floor":5.0},{"not_picked":["Inflame","Anger"],"picked":"Disarm","floor":7},{"not_picked":["Twin Strike","Anger"],"picked":"Shrug It Off","floor":10},{"not_picked":["Combust","Sword Boomerang"],"picked":"Armaments","floor":11},{"not_picked":["Iron Wave","True Grit"],"picked":"Armaments","floor":14}],"player_experience":1377133,"relics_obtained":[{"floor":3.0,"key":"Potion Belt"},{"floor":7,"key":"Ice Cream"},{"floor":9,"key":"Oddly Smooth Stone"}],"event_choices":[{"damage_healed":0.0,"max_hp_gain":0.0,"max_hp_loss":0.0,"gold_gain":75.0,"event_name":"World of Goop","player_choice":"Gather Gold","floor":2.0,"gold_loss":0.0,"damage_taken":11.0},{"damage_healed":0,"gold_gain":0,"player_choice":"Grow","damage_taken":0,"max_hp_gain":0,"max_hp_loss":0,"event_name":"Living Wall","floor":13,"gold_loss":0,"cards_upgraded":["Corruption"]}],"is_beta":false,"boss_relics":[],"items_purged_floors":[],"is_endless":false,"potions_floor_spawned":[4,10,11],"killed_by":"Slime Boss","ascension_level":16}