{"gold_per_floor":[114,128,140,140,140,140,215,290,339,339,339,372,130,149,149,149],"floor_reached":16,"playtime":786,"items_purged":[],"score":167,"play_id":"c0317657-e569-4d64-ba6d-0e3163a3b8bd","local_time":"20190509194719","is_ascension_mode":true,"campfire_choices":[{"floor":6,"key":"REST"},{"floor":11,"key":"REST"},{"floor":15,"key":"REST"}],"neow_cost":"PERCENT_DAMAGE","seed_source_timestamp":2427057077235853,"circlet_count":0,"master_deck":["AscendersBane","Strike_R","Strike_R","Strike_R","Strike_R","Strike_R","Defend_R","Defend_R","Defend_R","Defend_R","Bash","Feel No Pain","Flex","Disarm","Havoc","Dual Wield","Warcry","Chrysalis","Corruption","Clothesline","Feel No Pain"],"relics":["Burning Blood","Prayer Wheel","Happy Flower","Juzu Bracelet","Red Skull","Dream Catcher"],"potions_floor_usage":[14],"damage_taken":[{"damage":9,"enemies":"2 Louse","floor":1,"turns":4},{"damage":0,"enemies":"Small Slimes","floor":2,"turns":5},{"damage":0,"enemies":"Cultist","floor":3,"turns":4},{"damage":62,"enemies":"Lagavulin","floor":12,"turns":10},{"damage":12,"enemies":"Exordium Wildlife","floor":14,"turns":5},{"damage":45,"enemies":"Slime Boss","floor":16,"turns":14}],"seed_played":"-8013679346357373217","potions_obtained":[{"floor":1,"key":"LiquidBronze"},{"floor":12,"key":"BloodPotion"}],"is_trial":false,"path_per_floor":["M","M","M","?","?","R","?","?","T","?","R","E","$","M","R","B"],"character_chosen":"IRONCLAD","items_purchased":["Warcry","Chrysalis"],"campfire_rested":3,"item_purchase_floors":[13,13],"current_hp_per_floor":[47,53,59,59,52,74,63,56,56,49,71,15,15,16,38,0],"gold":149,"neow_bonus":"ONE_RARE_RELIC","is_prod":false,"is_daily":false,"chose_seed":false,"campfire_upgraded":0,"win_rate":0,"timestamp":1557420439,"path_taken":["M","M","M","?","?","R","?","?","T","?","R","E","$","M","R","BOSS"],"build_version":"2019-01-23","purchased_purges":0,"victory":false,"max_hp_per_floor":[75,75,75,75,75,75,75,75,75,75,75,75,75,75,75,75],"card_choices":[{"not_picked":["Inflame","Warcry"],"picked":"Feel No Pain","floor":1},{"not_picked":["Twin Strike","Perfected Strike"],"picked":"Flex","floor":1},{"not_picked":["Thunderclap","Wild Strike"],"picked":"Disarm","floor":2},{"not_picked":["True Grit","Armaments","Inflame"],"picked":"SKIP","floor":2},{"not_picked":["Reaper","Second Wind"],"picked":"Havoc","floor":3},{"not_picked":["Cleave","Thunderclap","Reckless Charge"],"picked":"SKIP","floor":3},{"not_picked":["Armaments","True Grit"],"picked":"Dual Wield","floor":12},{"not_picked":["Iron Wave","Sentinel"],"picked":"Corruption","floor":14},{"not_picked":["Flex","Rupture"],"picked":"Clothesline","floor":14},{"not_picked":["Fiend Fire","Thunderclap"],"picked":"Feel No Pain","floor":15}],"player_experience":1325560,"relics_obtained":[{"floor":9,"key":"Juzu Bracelet"},{"floor":12,"key":"Dream Catcher"}],"event_choices":[{"damage_healed":0,"gold_gain":0,"player_choice":"Box","damage_taken":0,"relics_obtained":["Happy Flower"],"max_hp_gain":0,"max_hp_loss":0,"event_name":"Big Fish","floor":4,"gold_loss":0,"cards_obtained":["Regret"]},{"cards_removed":["Regret"],"damage_healed":0,"gold_gain":0,"player_choice":"Card Removal","damage_taken":7,"max_hp_gain":0,"max_hp_loss":0,"event_name":"Golden Wing","floor":5,"gold_loss":0},{"damage_healed":0,"gold_gain":75,"player_choice":"Gather Gold","damage_taken":11,"max_hp_gain":0,"max_hp_loss":0,"event_name":"World of Goop","floor":7,"gold_loss":0},{"damage_healed":0,"gold_gain":75,"player_choice":"Touch","damage_taken":7,"max_hp_gain":0,"max_hp_loss":0,"event_name":"FaceTrader","floor":8,"gold_loss":0},{"damage_healed":0,"gold_gain":0,"player_choice":"Success","damage_taken":7,"relics_obtained":["Red Skull"],"max_hp_gain":0,"max_hp_loss":0,"event_name":"Scrap Ooze","floor":10,"gold_loss":0}],"is_beta":false,"boss_relics":[],"items_purged_floors":[],"is_endless":false,"potions_floor_spawned":[1,12],"killed_by":"Slime Boss","ascension_level":14}