{"gold_per_floor":[115,115,190,190,214,253,278,315,354,98,98,131,131,131],"floor_reached":14,"playtime":653,"items_purged":[],"score":210,"play_id":"f1cb6be4-8ce4-4f06-a032-1f5e55809b28","local_time":"20190506123726","is_ascension_mode":true,"campfire_choices":[{"floor":11,"key":"REST"},{"floor":13,"key":"REST"}],"neow_cost":"NONE","seed_source_timestamp":2142208559714342,"circlet_count":0,"master_deck":["AscendersBane","Strike_R","Strike_R","Strike_R","Strike_R","Strike_R","Defend_R","Defend_R","Defend_R","Defend_R","Bash","Infernal Blade","Pommel Strike","Fire Breathing","Panache","Feel No Pain"],"relics":["Burning Blood","NeowsBlessing","MawBank","Ancient Tea Set","Bird Faced Urn","Happy Flower","Gremlin Horn"],"potions_floor_usage":[7,8],"damage_taken":[{"damage":0,"enemies":"Small Slimes","floor":1,"turns":1},{"damage":0,"enemies":"Jaw Worm","floor":5,"turns":1},{"damage":0,"enemies":"Gremlin Nob","floor":6,"turns":1},{"damage":0,"enemies":"2 Louse","floor":7,"turns":1},{"damage":57,"enemies":"Lagavulin","floor":8,"turns":8},{"damage":40,"enemies":"3 Sentries","floor":12,"turns":9},{"damage":50,"enemies":"Lagavulin","floor":14,"turns":6}],"seed_played":"-7235072817050229960","potions_obtained":[{"floor":1,"key":"SkillPotion"},{"floor":6,"key":"Explosive Potion"}],"is_trial":false,"path_per_floor":["M","$","?","?","M","E","M","E","T","$","R","E","R","E"],"character_chosen":"IRONCLAD","items_purchased":["Fire Breathing","Panache"],"campfire_rested":2,"item_purchase_floors":[10,10],"current_hp_per_floor":[78,78,67,49,55,61,67,16,16,16,40,10,34,0],"gold":131,"neow_bonus":"THREE_ENEMY_KILL","is_prod":false,"is_daily":false,"chose_seed":false,"campfire_upgraded":0,"win_rate":0,"timestamp":1557135446,"path_taken":["M","$","?","?","?","E","M","E","T","$","R","E","R","E"],"build_version":"2019-01-23","purchased_purges":0,"victory":false,"max_hp_per_floor":[80,80,80,80,80,80,80,80,80,80,80,80,80,80],"card_choices":[{"not_picked":["Cleave","True Grit","Evolve"],"picked":"SKIP","floor":1},{"not_picked":["Clash","Evolve","Fire Breathing"],"picked":"SKIP","floor":5},{"not_picked":["True Grit","Bloodletting","Anger"],"picked":"SKIP","floor":6},{"not_picked":["Havoc","Searing Blow"],"picked":"Infernal Blade","floor":7},{"not_picked":["Limit Break","Bludgeon"],"picked":"Pommel Strike","floor":8},{"not_picked":["Wild Strike","Second Wind"],"picked":"Feel No Pain","floor":12}],"player_experience":1296299,"relics_obtained":[{"floor":6,"key":"Ancient Tea Set"},{"floor":8,"key":"Bird Faced Urn"},{"floor":9,"key":"Happy Flower"},{"floor":12,"key":"Gremlin Horn"}],"event_choices":[{"damage_healed":0,"gold_gain":75,"player_choice":"Gather Gold","damage_taken":11,"max_hp_gain":0,"max_hp_loss":0,"event_name":"World of Goop","floor":3,"gold_loss":0},{"damage_healed":0,"gold_gain":0,"player_choice":"Success","damage_taken":18,"relics_obtained":["MawBank"],"max_hp_gain":0,"max_hp_loss":0,"event_name":"Scrap Ooze","floor":4,"gold_loss":0}],"is_beta":false,"boss_relics":[],"items_purged_floors":[],"is_endless":false,"potions_floor_spawned":[1,6],"killed_by":"Lagavulin","ascension_level":12}