{"gold_per_floor":[110,110,127,127,37,37,90,90,90,136,136,150,200,53,53,147,147,107,121,133,133,44,44,55,55,55,55,55,68,68,82,82,155,155,174,117,127,127,137,137,168,183,183,183,183,583,597,643,643,643],"floor_reached":50,"playtime":4787,"items_purged":[],"score":939,"play_id":"ec56a0ed-befb-48e1-bea9-4093a9bae1bd","local_time":"20190526195449","is_ascension_mode":true,"campfire_choices":[{"data":"Jack Of All Trades","floor":6.0,"key":"SMITH"},{"floor":8.0,"key":"REST"},{"floor":11.0,"key":"REST"},{"data":"Jack Of All Trades","floor":15.0,"key":"SMITH"},{"floor":23.0,"key":"REST"},{"floor":25.0,"key":"REST"},{"data":"Juggernaut","floor":32.0,"key":"SMITH"},{"data":"Jack Of All Trades","floor":40.0,"key":"SMITH"},{"floor":44.0,"key":"REST"},{"data":"Exhume","floor":49.0,"key":"SMITH"}],"neow_cost":"NONE","seed_source_timestamp":13750771990600,"circlet_count":0,"master_deck":["AscendersBane","Bash","Armaments","Pummel","Jack Of All Trades+1","Rage","Shockwave","Jack Of All Trades+1","Feel No Pain","Juggernaut+1","Exhume","Fiend Fire","Offering","Limit Break","Clash","Warcry","Anger","Feel No Pain","Feel No Pain","Sentinel","Bandage Up","Battle Trance","Inflame","Sword Boomerang","Armaments","Sentinel","Exhume+1","Seeing Red","Jack Of All Trades+1","Bludgeon","Anger","Parasite","Havoc+1","Impervious","Ghostly Armor","Body Slam+1","Seeing Red+1"],"special_seed":0,"relics":["Burning Blood","Boot","Mercury Hourglass","Dodecahedron","Bag of Marbles","Pandora\u0027s Box","Question Card","Dream Catcher","Gambling Chip","Old Coin","Mango"],"potions_floor_usage":[50,50],"damage_taken":[{"damage":8.0,"enemies":"Small Slimes","floor":1.0,"turns":4.0},{"damage":3.0,"enemies":"2 Louse","floor":3.0,"turns":4.0},{"damage":56.0,"enemies":"Lagavulin","floor":7.0,"turns":10.0},{"damage":1.0,"enemies":"Jaw Worm","floor":12.0,"turns":2.0},{"damage":52.0,"enemies":"Slime Boss","floor":16.0,"turns":12.0},{"damage":11.0,"enemies":"2 Thieves","floor":18.0,"turns":5.0},{"damage":6.0,"enemies":"Spheric Guardian","floor":19.0,"turns":3.0},{"damage":22.0,"enemies":"Centurion and Healer","floor":20.0,"turns":6.0},{"damage":29.0,"enemies":"Snecko","floor":24.0,"turns":5.0},{"damage":0.0,"enemies":"Chosen and Byrds","floor":29.0,"turns":5.0},{"damage":3.0,"enemies":"Centurion and Healer","floor":31.0,"turns":5.0},{"damage":48.0,"enemies":"Automaton","floor":33.0,"turns":8.0},{"damage":38.0,"enemies":"3 Darklings","floor":35.0,"turns":4.0},{"damage":0.0,"enemies":"3 Shapes","floor":37.0,"turns":6.0},{"damage":0.0,"enemies":"Maw","floor":39.0,"turns":7.0},{"damage":15.0,"enemies":"Reptomancer","floor":41.0,"turns":6.0},{"damage":38.0,"enemies":"Writhing Mass","floor":42.0,"turns":8.0},{"damage":25.0,"enemies":"Mind Bloom Boss Battle","floor":46.0,"turns":8.0},{"damage":0.0,"enemies":"Spire Growth","floor":47.0,"turns":4.0},{"damage":13.0,"enemies":"2 Orb Walkers","floor":48.0,"turns":3.0},{"damage":94,"enemies":"Awakened One","floor":50,"turns":12}],"seed_played":"2828891900434060018","potions_obtained":[{"floor":12.0,"key":"AttackPotion"},{"floor":16.0,"key":"Block Potion"},{"floor":18.0,"key":"SteroidPotion"},{"floor":19.0,"key":"Energy Potion"},{"floor":29.0,"key":"Block Potion"},{"floor":37.0,"key":"SmokeBomb"},{"floor":41.0,"key":"Fire Potion"},{"floor":42.0,"key":"Energy Potion"},{"floor":48.0,"key":"Weak Potion"}],"is_trial":false,"path_per_floor":["M","?","M","?","$","R","E","R","T","T","R","M","?","$","R","B",null,"M","M","M","?","$","R","M","R","T","$","?","M","$","M","R","B",null,"M","$","M","?","M","R","E","M","T","R","?","?","M","?","R","B"],"character_chosen":"IRONCLAD","items_purchased":["Jack Of All Trades","Jack Of All Trades","Feel No Pain","Bandage Up","PowerPotion"],"campfire_rested":5,"item_purchase_floors":[5,14,14,22,36],"current_hp_per_floor":[66,66,69,69,69,69,19,41,41,41,63,68,61,61,61,15,60,55,55,39,32,32,54,35,57,57,57,57,67,67,74,74,36,65,41,41,59,59,75,75,70,42,42,64,64,57,71,78,78,0],"gold":643,"neow_bonus":"RANDOM_COMMON_RELIC","is_prod":false,"is_daily":false,"chose_seed":false,"campfire_upgraded":5,"win_rate":0,"timestamp":1558889689,"path_taken":["M","?","M","?","?","R","E","R","T","?","R","M","?","$","R","BOSS","M","?","M","?","$","R","?","R","T","?","?","M","$","M","R","BOSS","M","$","M","?","M","R","E","M","T","R","?","?","M","?","R","BOSS"],"build_version":"2019-01-23","purchased_purges":0,"victory":false,"max_hp_per_floor":[75,75,75,75,75,75,75,75,75,75,75,75,75,75,75,75,75,75,75,75,75,75,75,75,75,75,75,75,75,75,75,75,75,75,75,75,75,75,75,75,75,75,75,75,75,75,75,89,89,89],"card_choices":[{"not_picked":["Wild Strike","Anger"],"picked":"Armaments","floor":1.0},{"not_picked":["Armaments","Cleave"],"picked":"Pummel","floor":3.0},{"not_picked":["Rupture","Heavy Blade"],"picked":"Rage","floor":7.0},{"not_picked":["Dropkick","Power Through"],"picked":"Shockwave","floor":12.0},{"not_picked":["Offering","Reaper"],"picked":"Juggernaut","floor":16.0},{"not_picked":["Iron Wave","Warcry"],"picked":"Feel No Pain","floor":18.0},{"not_picked":["Clash","Headbutt"],"picked":"Feel No Pain","floor":19.0},{"not_picked":["Cleave+1","Clash"],"picked":"Sentinel","floor":20.0},{"not_picked":["Clothesline+1","Ghostly Armor"],"picked":"Battle Trance","floor":24.0},{"not_picked":["Clothesline","Thunderclap","Headbutt"],"picked":"Armaments","floor":29.0},{"not_picked":["Heavy Blade","Disarm","Carnage"],"picked":"Sentinel","floor":31.0},{"not_picked":["Demon Form","Double Tap","Impervious"],"picked":"Exhume","floor":33.0},{"not_picked":["Entrench","Bloodletting","Twin Strike"],"picked":"Seeing Red","floor":35.0},{"not_picked":["Blood for Blood+1","True Grit","Cleave+1","Thunderclap"],"picked":"SKIP","floor":37.0},{"not_picked":["Trip","Forethought","Deep Breath"],"picked":"Jack Of All Trades","floor":38.0},{"not_picked":["Wild Strike+1","Thunderclap","Flex"],"picked":"Bludgeon","floor":39.0},{"not_picked":["Rupture","Uppercut+1","Flex"],"picked":"Anger","floor":41.0},{"not_picked":["True Grit","Warcry","Cleave"],"picked":"Havoc+1","floor":42.0},{"not_picked":["Cleave","Wild Strike","Uppercut"],"picked":"Impervious","floor":44.0},{"not_picked":["Twin Strike","Anger","Flex+1"],"picked":"Ghostly Armor","floor":46.0},{"not_picked":["Carnage","Hemokinesis","Perfected Strike"],"picked":"Body Slam+1","floor":47.0},{"not_picked":["Hemokinesis","Shockwave","Sword Boomerang"],"picked":"Seeing Red+1","floor":48.0}],"player_experience":1408248,"relics_obtained":[{"floor":7.0,"key":"Mercury Hourglass"},{"floor":9.0,"key":"Dodecahedron"},{"floor":10.0,"key":"Bag of Marbles"},{"floor":26.0,"key":"Question Card"},{"floor":41.0,"key":"Dream Catcher"},{"floor":43.0,"key":"Gambling Chip"},{"floor":46.0,"key":"Old Coin"},{"floor":48.0,"key":"Mango"}],"event_choices":[{"damage_healed":0.0,"max_hp_gain":0.0,"max_hp_loss":0.0,"gold_gain":0.0,"event_name":"Shining Light","player_choice":"Ignored","floor":2.0,"gold_loss":0.0,"damage_taken":0.0},{"damage_healed":0.0,"max_hp_gain":0.0,"max_hp_loss":0.0,"gold_gain":0.0,"event_name":"The Cleric","player_choice":"Leave","floor":4.0,"gold_loss":0.0,"damage_taken":0.0},{"damage_healed":0.0,"max_hp_gain":0.0,"max_hp_loss":0.0,"gold_gain":50.0,"event_name":"FaceTrader","player_choice":"Touch","floor":13.0,"gold_loss":0.0,"damage_taken":7.0},{"damage_healed":0.0,"max_hp_gain":0.0,"max_hp_loss":0.0,"gold_gain":0.0,"event_name":"Knowing Skull","player_choice":"","floor":21.0,"potions_obtained":[],"gold_loss":0.0,"damage_taken":7.0,"cards_obtained":[]},{"damage_healed":0.0,"max_hp_gain":0.0,"max_hp_loss":0.0,"gold_gain":0.0,"cards_transformed":["Evolve","Whirlwind"],"event_name":"Drug Dealer","player_choice":"Became Test Subject","floor":28.0,"gold_loss":0.0,"damage_taken":0.0,"cards_obtained":["Inflame","Sword Boomerang"]},{"damage_healed":0.0,"max_hp_gain":0.0,"max_hp_loss":0.0,"gold_gain":0.0,"event_name":"SensoryStone","player_choice":"Memory 1","floor":38.0,"gold_loss":0.0,"damage_taken":0.0},{"damage_healed":0.0,"max_hp_gain":0.0,"max_hp_loss":0.0,"gold_gain":0.0,"event_name":"Tomb of Lord Red Mask","player_choice":"Ignored","floor":45.0,"gold_loss":0.0,"damage_taken":0.0},{"damage_healed":0.0,"max_hp_gain":0.0,"max_hp_loss":0.0,"gold_gain":0.0,"event_name":"MindBloom","player_choice":"Fight","floor":46.0,"gold_loss":0.0,"damage_taken":0.0},{"damage_healed":0.0,"max_hp_gain":0.0,"max_hp_loss":0.0,"gold_gain":0.0,"event_name":"Mysterious Sphere","player_choice":"Fight","floor":48.0,"gold_loss":0.0,"damage_taken":0.0}],"is_beta":false,"boss_relics":[{"not_picked":["Snecko Eye","Runic Cube"],"picked":"Pandora\u0027s Box"},{"not_picked":["Calling Bell","Coffee Dripper","Runic Dome"]}],"items_purged_floors":[],"is_endless":false,"potions_floor_spawned":[12,16,18,19,29,37,41,42,48],"killed_by":"Awakened One","ascension_level":18}