{"gold_per_floor":[109,33,47,65,65,65,65,35,107,32,32,56,56,6,6,134,134,158,179,179,4,20,20,45,78,101,101,101,101,115,65,65,65],"floor_reached":33,"playtime":1718,"items_purged":["Strike_B","Writhe","Defend_B"],"score":367,"play_id":"dbf088ee-7bbd-415f-8352-1a708fcc7327","local_time":"20190120231551","is_ascension_mode":true,"campfire_choices":[{"data":"Zap","floor":6.0,"key":"SMITH"},{"data":"Go for the Eyes","floor":11.0,"key":"SMITH"},{"floor":13.0,"key":"REST"},{"data":"Redo","floor":15.0,"key":"SMITH"},{"floor":23.0,"key":"REST"},{"data":"Double Energy","floor":27.0,"key":"SMITH"},{"data":"Defragment","floor":29.0,"key":"SMITH"},{"floor":32.0,"key":"REST"}],"neow_cost":"NONE","seed_source_timestamp":893111567744678,"circlet_count":0,"master_deck":["Defend_B","Defend_B","Zap+1","Dualcast+1","Capacitor","Leap","Defragment","Defragment+1","Go for the Eyes+1","Redo+1","Coolheaded","Turbo","Electrodynamics","Hello World+1","Hyperbeam+1","Tempest+1","Consume","Conserve Battery+1","Self Repair","Double Energy+1","Lockon"],"special_seed":0,"relics":["Cracked Core","Golden Idol","Matryoshka","Astrolabe","Girya","Smiling Mask","Shuriken","Strawberry"],"potions_floor_usage":[],"damage_taken":[{"damage":7.0,"enemies":"Small Slimes","floor":1.0,"turns":3.0},{"damage":1.0,"enemies":"Cultist","floor":3.0,"turns":4.0},{"damage":12.0,"enemies":"Jaw Worm","floor":4.0,"turns":3.0},{"damage":1.0,"enemies":"Looter","floor":8.0,"turns":4.0},{"damage":17.0,"enemies":"Exordium Wildlife","floor":12.0,"turns":5.0},{"damage":12.0,"enemies":"The Guardian","floor":16.0,"turns":12.0},{"damage":1.0,"enemies":"3 Byrds","floor":18.0,"turns":3.0},{"damage":3.0,"enemies":"Spheric Guardian","floor":19.0,"turns":5.0},{"damage":23.0,"enemies":"Shelled Parasite and Fungi","floor":22.0,"turns":7.0},{"damage":21.0,"enemies":"Snecko","floor":24.0,"turns":5.0},{"damage":21.0,"enemies":"Book of Stabbing","floor":25.0,"turns":5.0},{"damage":12.0,"enemies":"Cultist and Chosen","floor":30.0,"turns":4.0},{"damage":69,"enemies":"Collector","floor":33,"turns":6}],"seed_played":"4605097476075846676","potions_obtained":[{"floor":4.0,"key":"SteroidPotion"},{"floor":12.0,"key":"AttackPotion"},{"floor":16.0,"key":"Weak Potion"},{"floor":22.0,"key":"FocusPotion"},{"floor":24.0,"key":"FocusPotion"}],"is_trial":false,"path_per_floor":["M","$","M","M","?","R","?","M","T","$","R","M","R","$","R","B",null,"M","M","?","$","M","R","M","E","T","R","?","R","M","$","R","B"],"character_chosen":"DEFECT","items_purchased":["Defragment","Turbo","Self Repair"],"campfire_rested":3,"item_purchase_floors":[2,14,21],"current_hp_per_floor":[61,61,60,48,30,30,30,29,29,29,29,12,34,34,34,22,62,61,58,58,58,42,64,50,36,43,43,43,43,31,31,55,0],"gold":65,"neow_bonus":"TRANSFORM_CARD","is_prod":false,"is_daily":false,"chose_seed":false,"campfire_upgraded":5,"win_rate":0,"timestamp":1547993751,"path_taken":["M","$","M","M","?","R","?","M","T","$","R","?","R","$","R","BOSS","M","M","?","$","M","R","M","E","T","R","?","R","M","?","R","BOSS"],"build_version":"2019-01-17v2","purchased_purges":3,"victory":false,"max_hp_per_floor":[75,75,75,75,75,75,75,75,75,75,75,75,75,75,75,75,75,75,75,75,75,75,75,75,75,82,82,82,82,82,82,82,82],"card_choices":[{"not_picked":["Compile Driver","Gash"],"picked":"Leap","floor":1.0},{"not_picked":["Leap","Blizzard"],"picked":"Defragment","floor":3.0},{"not_picked":["Gash","Aggregate"],"picked":"Go for the Eyes","floor":4.0},{"not_picked":["Leap","Barrage"],"picked":"Redo","floor":8.0},{"not_picked":["Rainbow","Force Field"],"picked":"Coolheaded","floor":12.0},{"not_picked":["Reboot","All For One"],"picked":"Electrodynamics","floor":16.0},{"not_picked":["Doom and Gloom+1","Cold Snap"],"picked":"Consume","floor":18.0},{"not_picked":["Gash","Static Discharge"],"picked":"Conserve Battery+1","floor":19.0},{"not_picked":["Stack","Gash","BootSequence"],"picked":"SKIP","floor":22.0},{"not_picked":["Steam+1","Conserve Battery"],"picked":"Double Energy","floor":24.0},{"not_picked":["Biased Cognition","Blizzard","Conserve Battery"],"picked":"SKIP","floor":25.0},{"not_picked":["Go for the Eyes","Capacitor"],"picked":"Lockon","floor":30.0}],"player_experience":426750,"relics_obtained":[{"floor":9.0,"key":"Matryoshka"},{"floor":25.0,"key":"Smiling Mask"},{"floor":26.0,"key":"Shuriken"},{"floor":26.0,"key":"Strawberry"}],"event_choices":[{"damage_healed":0.0,"max_hp_gain":0.0,"max_hp_loss":0.0,"gold_gain":0.0,"event_name":"Golden Idol","player_choice":"Take Damage","floor":5.0,"gold_loss":0.0,"damage_taken":18.0,"relics_obtained":["Golden Idol"]},{"damage_healed":0.0,"max_hp_gain":0.0,"max_hp_loss":0.0,"gold_gain":0.0,"event_name":"Upgrade Shrine","player_choice":"Upgraded","floor":7.0,"gold_loss":0.0,"damage_taken":0.0,"cards_upgraded":["Dualcast"]},{"damage_healed":0.0,"max_hp_gain":0.0,"max_hp_loss":0.0,"gold_gain":0.0,"event_name":"The Mausoleum","player_choice":"Opened","floor":20.0,"gold_loss":0.0,"damage_taken":0.0,"relics_obtained":["Girya"],"cards_obtained":["Writhe"]},{"damage_healed":0.0,"max_hp_gain":0.0,"max_hp_loss":0.0,"gold_gain":0.0,"event_name":"Cursed Tome","player_choice":"Ignored","floor":28.0,"gold_loss":0.0,"damage_taken":0.0}],"is_beta":false,"boss_relics":[{"not_picked":["Snecko Eye","Eternal Feather"],"picked":"Astrolabe"}],"items_purged_floors":[10,21,31],"is_endless":false,"potions_floor_spawned":[4,12,16,22,24],"killed_by":"Collector","ascension_level":9}