{"gold_per_floor":[116,116,116,131,143,143,178,178,205,223,223,238,264,282,282,358,358,374,374,75,88,88,88,119,119,119,119,119,34,34,64,64,136,136,154,29,49,49,149,163,190,190,238,238,238,238,255,269,269,269,269,269,10,45,45],"floor_reached":56,"playtime":4633,"items_purged":["Strike_G","Decay"],"score":1908,"play_id":"b025b1e3-5fb1-444c-bf98-886aaac7a1f5","local_time":"20190522162539","is_ascension_mode":true,"campfire_choices":[{"data":"Skewer","floor":6.0,"key":"SMITH"},{"floor":8.0,"key":"REST"},{"data":"Neutralize","floor":11.0,"key":"SMITH"},{"data":"Footwork","floor":15.0,"key":"SMITH"},{"data":"Cloak And Dagger","floor":23.0,"key":"SMITH"},{"data":"Cloak And Dagger","floor":28.0,"key":"SMITH"},{"data":"Malaise","floor":30.0,"key":"SMITH"},{"data":"Wraith Form v2","floor":32.0,"key":"SMITH"},{"data":"Burst","floor":42.0,"key":"SMITH"},{"data":"Acrobatics","floor":44.0,"key":"SMITH"},{"floor":46.0,"key":"RECALL"},{"data":"Acrobatics","floor":49.0,"key":"SMITH"},{"data":"Blur","floor":52.0,"key":"SMITH"}],"neow_cost":"PERCENT_DAMAGE","seed_source_timestamp":0,"circlet_count":0,"master_deck":["AscendersBane","Defend_G","Defend_G","Defend_G","Defend_G","Defend_G","Strike_G","Strike_G","Strike_G+1","Survivor","Neutralize+1","Venomology","Flying Knee","Distraction","Skewer+1","Terror","Cloak And Dagger+1","Cloak And Dagger+1","Deflect","Footwork+1","Malaise+1","RitualDagger+1","Blur+1","Parasite","Blur","Wraith Form v2+1","Burst+1","Acrobatics+1","Acrobatics+1","PiercingWail","Regret","Noxious Fumes"],"special_seed":0,"relics":["Ring of the Snake","Oddly Smooth Stone","Anchor","Mercury Hourglass","Cursed Key","ClockworkSouvenir","MutagenicStrength","Centennial Puzzle","Pantograph","Matryoshka","Whetstone","Busted Crown","Torii","Sundial","Blue Candle","Strawberry","Happy Flower","Vajra"],"potions_floor_usage":[55,55,55,55],"damage_taken":[{"damage":0.0,"enemies":"2 Louse","floor":1.0,"turns":6.0},{"damage":1.0,"enemies":"Small Slimes","floor":4.0,"turns":4.0},{"damage":1.0,"enemies":"Jaw Worm","floor":5.0,"turns":5.0},{"damage":23.0,"enemies":"Lagavulin","floor":7.0,"turns":7.0},{"damage":0.0,"enemies":"2 Fungi Beasts","floor":10.0,"turns":3.0},{"damage":0.0,"enemies":"Blue Slaver","floor":12.0,"turns":6.0},{"damage":8.0,"enemies":"3 Sentries","floor":13.0,"turns":8.0},{"damage":0.0,"enemies":"Exordium Wildlife","floor":14.0,"turns":3.0},{"damage":17.0,"enemies":"Slime Boss","floor":16.0,"turns":10.0},{"damage":0.0,"enemies":"Shell Parasite","floor":18.0,"turns":3.0},{"damage":4.0,"enemies":"2 Thieves","floor":21.0,"turns":4.0},{"damage":11.0,"enemies":"Slavers","floor":24.0,"turns":7.0},{"damage":11.0,"enemies":"Gremlin Leader","floor":31.0,"turns":7.0},{"damage":13.0,"enemies":"Collector","floor":33.0,"turns":10.0},{"damage":4.0,"enemies":"3 Darklings","floor":35.0,"turns":8.0},{"damage":0.0,"enemies":"Orb Walker","floor":37.0,"turns":3.0},{"damage":0.0,"enemies":"Mind Bloom Boss Battle","floor":39.0,"turns":7.0},{"damage":0.0,"enemies":"Transient","floor":40.0,"turns":6.0},{"damage":1.0,"enemies":"Nemesis","floor":41.0,"turns":9.0},{"damage":1.0,"enemies":"4 Shapes","floor":47.0,"turns":9.0},{"damage":2.0,"enemies":"Spire Growth","floor":48.0,"turns":7.0},{"damage":3.0,"enemies":"Awakened One","floor":50.0,"turns":34.0},{"damage":8,"enemies":"Shield and Spear","floor":54,"turns":12},{"damage":23,"enemies":"The Heart","floor":55,"turns":15}],"seed_played":"-4215108151939719221","potions_obtained":[{"floor":1.0,"key":"Fire Potion"},{"floor":13.0,"key":"LiquidBronze"},{"floor":16.0,"key":"Swift Potion"},{"floor":18.0,"key":"Swift Potion"},{"floor":35.0,"key":"GhostInAJar"}],"is_trial":false,"path_per_floor":["M","?","?","M","M","R","E","R","T","M","R","M","E","M","R","B",null,"M","?","$","M","?","R","E","T","T","?","R","?","R","E","R","B",null,"M","$","M","$","?","M","E","R","T","R","?","R","M","M","R","B",null,"R","$","E","B",null],"character_chosen":"THE_SILENT","items_purchased":["ClockworkSouvenir","Acrobatics","Happy Flower","Noxious Fumes"],"campfire_rested":1,"item_purchase_floors":[20,36,53,53],"current_hp_per_floor":[44,37,37,36,35,35,12,31,31,31,31,46,38,38,38,21,55,55,49,49,45,45,45,46,46,46,46,46,46,46,35,35,47,61,57,57,57,57,66,66,65,65,72,72,73,73,72,70,70,70,72,72,72,64,50],"gold":45,"neow_bonus":"THREE_RARE_CARDS","is_prod":false,"is_daily":false,"chose_seed":false,"campfire_upgraded":11,"win_rate":0,"timestamp":1558509939,"path_taken":["M","?","?","M","M","R","E","R","T","M","R","M","E","M","R","BOSS","M","?","$","M","?","R","E","?","T","?","R","?","R","E","R","BOSS","M","$","M","$","?","M","E","R","T","R","?","R","?","M","R","BOSS","R","$","E","BOSS"],"build_version":"2019-05-07","purchased_purges":2,"victory":true,"max_hp_per_floor":[66,66,66,66,66,66,66,66,66,66,66,66,66,66,66,66,66,66,66,66,66,66,66,66,66,66,66,66,66,66,66,66,66,66,66,66,66,66,66,66,66,66,73,73,73,73,73,73,73,73,73,73,73,73,73],"card_choices":[{"not_picked":["Burst","Tools of the Trade"],"picked":"Venomology","floor":0.0},{"not_picked":["Slice","Underhanded Strike"],"picked":"Flying Knee","floor":1.0},{"not_picked":["Distraction","Prepared","Slice"],"picked":"SKIP","floor":4.0},{"not_picked":["Prepared","Slice"],"picked":"Distraction","floor":4.0},{"not_picked":["Infinite Blades","Prepared"],"picked":"Skewer","floor":5.0},{"not_picked":["Eviscerate","Prepared"],"picked":"Terror","floor":7.0},{"not_picked":["Acrobatics","Deflect"],"picked":"Cloak And Dagger","floor":10.0},{"not_picked":["Deadly Poison","Slice"],"picked":"Cloak And Dagger","floor":12.0},{"not_picked":["Blade Dance","Phantasmal Killer"],"picked":"Deflect","floor":13.0},{"not_picked":["Flying Knee","Catalyst"],"picked":"Footwork","floor":14.0},{"not_picked":["Storm of Steel","Grand Finale"],"picked":"Malaise","floor":16.0},{"not_picked":["Quick Slash","Skewer","Dagger Throw"],"picked":"SKIP","floor":18.0},{"not_picked":["Predator","Quick Slash+1","Deadly Poison"],"picked":"SKIP","floor":21.0},{"not_picked":["PiercingWail","Choke+1"],"picked":"Blur","floor":24.0},{"not_picked":["Sucker Punch","Dodge and Roll"],"picked":"Wraith Form v2","floor":31.0},{"not_picked":["A Thousand Cuts","Wraith Form v2"],"picked":"Burst","floor":33.0},{"not_picked":[],"picked":"Acrobatics","floor":35.0},{"not_picked":["Blade Dance"],"picked":"SKIP","floor":37.0},{"not_picked":[],"picked":"PiercingWail","floor":40.0},{"not_picked":["Bane+1"],"picked":"SKIP","floor":41.0},{"not_picked":["Accuracy"],"picked":"SKIP","floor":47.0},{"not_picked":["Flying Knee"],"picked":"SKIP","floor":48.0},{"not_picked":["Dagger Spray+1"],"picked":"SKIP","floor":54}],"player_experience":3309228,"relics_obtained":[{"floor":7.0,"key":"Oddly Smooth Stone"},{"floor":9.0,"key":"Anchor"},{"floor":13.0,"key":"Mercury Hourglass"},{"floor":24.0,"key":"Centennial Puzzle"},{"floor":25.0,"key":"Pantograph"},{"floor":31.0,"key":"Whetstone"},{"floor":39.0,"key":"Torii"},{"floor":41.0,"key":"Sundial"},{"floor":43.0,"key":"Blue Candle"},{"floor":43.0,"key":"Strawberry"},{"floor":54,"key":"Vajra"}],"event_choices":[{"cards_removed":["Strike_G"],"damage_healed":0.0,"max_hp_gain":0.0,"max_hp_loss":0.0,"gold_gain":0.0,"event_name":"Golden Wing","player_choice":"Card Removal","floor":2.0,"gold_loss":0.0,"damage_taken":7.0},{"damage_healed":0.0,"max_hp_gain":0.0,"max_hp_loss":0.0,"gold_gain":0.0,"event_name":"Liars Game","player_choice":"Ignored","floor":3.0,"gold_loss":0.0,"damage_taken":0.0},{"damage_healed":0.0,"max_hp_gain":0.0,"max_hp_loss":0.0,"gold_gain":0.0,"event_name":"Nest","player_choice":"Joined the Cult","floor":19.0,"gold_loss":0.0,"damage_taken":6.0,"cards_obtained":["RitualDagger"]},{"damage_healed":0.0,"max_hp_gain":0.0,"max_hp_loss":0.0,"gold_gain":0.0,"event_name":"Drug Dealer","player_choice":"Inject Mutagens","floor":22.0,"gold_loss":0.0,"damage_taken":0.0,"relics_obtained":["MutagenicStrength"]},{"damage_healed":0.0,"max_hp_gain":0.0,"max_hp_loss":0.0,"gold_gain":0.0,"event_name":"The Library","player_choice":"Read","floor":27.0,"gold_loss":0.0,"damage_taken":0.0,"cards_obtained":["Blur"]},{"damage_healed":0.0,"max_hp_gain":0.0,"max_hp_loss":0.0,"gold_gain":0.0,"event_name":"Addict","player_choice":"Obtained Relic","floor":29.0,"gold_loss":85.0,"damage_taken":0.0,"relics_obtained":["Matryoshka"]},{"damage_healed":0.0,"max_hp_gain":0.0,"max_hp_loss":0.0,"gold_gain":0.0,"event_name":"MindBloom","player_choice":"Fight","floor":39.0,"gold_loss":0.0,"damage_taken":0.0},{"damage_healed":1.0,"max_hp_gain":0.0,"max_hp_loss":0.0,"gold_gain":0.0,"event_name":"Wheel of Change","player_choice":"Full Heal","floor":45.0,"gold_loss":0.0,"damage_taken":0.0}],"is_beta":true,"boss_relics":[{"not_picked":["Snecko Eye","Runic Pyramid"],"picked":"Cursed Key"},{"not_picked":["Black Star","HoveringKite"],"picked":"Busted Crown"}],"items_purged_floors":[20,36],"is_endless":false,"potions_floor_spawned":[1,5,13,16,18,21,35,37,54],"ascension_level":17}