{"gold_per_floor":[109,126,140,140,157,14,33,33,85,117,131,131,145,165,165,269,319,334,347,446,459,63,63,63],"floor_reached":24,"playtime":2068,"items_purged":["Strike_G","Strike_G"],"score":323,"play_id":"62d2eb7c-42ed-427f-844c-9deb983abeb9","local_time":"20190119113242","is_ascension_mode":true,"campfire_choices":[{"data":"Neutralize","floor":8.0,"key":"SMITH"},{"floor":12.0,"key":"REST"},{"data":"Footwork","floor":15.0,"key":"SMITH"},{"floor":23.0,"key":"REST"}],"neow_cost":"NONE","seed_source_timestamp":764170166926892,"circlet_count":0,"master_deck":["AscendersBane","Defend_G","Defend_G","Defend_G","Defend_G","Defend_G","Strike_G","Survivor","Neutralize+1","Dodge and Roll","Footwork+1","Sucker Punch","Backflip","Prepared","Masterful Stab+1","Deflect","After Image","Escape Plan","Cloak And Dagger","Blade Dance","After Image","Escape Plan","Choke","Noxious Fumes+1","Cloak And Dagger"],"special_seed":0,"relics":["Ring of the Snake","Anchor","Question Card","Tiny House","Pen Nib"],"potions_floor_usage":[24,24],"damage_taken":[{"damage":2.0,"enemies":"Cultist","floor":1.0,"turns":5.0},{"damage":1.0,"enemies":"Jaw Worm","floor":2.0,"turns":6.0},{"damage":3.0,"enemies":"Small Slimes","floor":3.0,"turns":6.0},{"damage":7.0,"enemies":"Exordium Thugs","floor":5.0,"turns":8.0},{"damage":6.0,"enemies":"3 Louse","floor":7.0,"turns":4.0},{"damage":10.0,"enemies":"3 Sentries","floor":10.0,"turns":13.0},{"damage":0.0,"enemies":"2 Fungi Beasts","floor":11.0,"turns":5.0},{"damage":0.0,"enemies":"Large Slime","floor":13.0,"turns":8.0},{"damage":0.0,"enemies":"Red Slaver","floor":14.0,"turns":5.0},{"damage":18.0,"enemies":"The Guardian","floor":16.0,"turns":23.0},{"damage":2.0,"enemies":"Spheric Guardian","floor":18.0,"turns":8.0},{"damage":42.0,"enemies":"Chosen","floor":19.0,"turns":12.0},{"damage":11.0,"enemies":"Sentry and Sphere","floor":21.0,"turns":8.0},{"damage":55,"enemies":"Gremlin Leader","floor":24,"turns":9}],"seed_played":"4848844810067756919","potions_obtained":[{"floor":1.0,"key":"GhostInAJar"},{"floor":7.0,"key":"Weak Potion"},{"floor":10.0,"key":"GamblersBrew"},{"floor":16.0,"key":"Regen Potion"},{"floor":17.0,"key":"Fruit Juice"}],"is_trial":false,"path_per_floor":["M","M","M","?","M","$","M","R","T","E","M","R","M","M","R","B",null,"M","M","?","M","$","R","E"],"character_chosen":"THE_SILENT","items_purchased":["Masterful Stab","Pen Nib","Cloak And Dagger","Block Potion","Strength Potion"],"campfire_rested":2,"item_purchase_floors":[6,22,22,22,22],"current_hp_per_floor":[61,60,57,50,43,43,37,37,37,27,27,48,48,48,48,30,70,80,38,38,27,27,51,0],"gold":63,"neow_bonus":"TRANSFORM_CARD","is_prod":false,"is_daily":false,"chose_seed":false,"campfire_upgraded":2,"win_rate":0,"timestamp":1547865162,"path_taken":["M","M","?","?","M","$","M","R","T","E","M","R","M","M","R","BOSS","M","M","?","M","$","R","E"],"build_version":"2019-01-17v2","purchased_purges":2,"victory":false,"max_hp_per_floor":[70,70,70,70,70,70,70,70,70,70,70,70,70,70,70,70,80,80,80,80,80,80,80,80],"card_choices":[{"not_picked":["Quick Slash","Dagger Throw"],"picked":"Footwork","floor":1.0},{"not_picked":["Choke","Quick Slash"],"picked":"Sucker Punch","floor":2.0},{"not_picked":["Setup","Choke"],"picked":"Backflip","floor":3.0},{"not_picked":["Cloak And Dagger","Dagger Throw"],"picked":"Prepared","floor":5.0},{"not_picked":["Prepared","Quick Slash"],"picked":"Deflect","floor":7.0},{"not_picked":["Flying Knee","Catalyst"],"picked":"After Image","floor":10.0},{"not_picked":["Dagger Spray","Eviscerate","Bane"],"picked":"Escape Plan","floor":11.0},{"not_picked":["Dagger Throw","Calculated Gamble","Prepared"],"picked":"Cloak And Dagger","floor":13.0},{"not_picked":["PiercingWail","Setup","Unload"],"picked":"Blade Dance","floor":14.0},{"not_picked":["Storm of Steel","Wraith Form v2","Bullet Time"],"picked":"After Image","floor":16.0},{"not_picked":["Masterful Stab","Backflip","Underhanded Strike"],"picked":"Escape Plan","floor":17.0},{"not_picked":["Poisoned Stab","Crippling Poison","Backstab"],"picked":"Choke","floor":18.0},{"not_picked":["Dash","Bane","Outmaneuver+1"],"picked":"Noxious Fumes+1","floor":19.0},{"not_picked":["Backflip","Acrobatics","Dash","Glass Knife"],"picked":"SKIP","floor":21.0}],"player_experience":402430,"relics_obtained":[{"floor":9.0,"key":"Anchor"},{"floor":10.0,"key":"Question Card"}],"event_choices":[{"cards_removed":["Strike_G"],"damage_healed":0.0,"max_hp_gain":0.0,"max_hp_loss":0.0,"gold_gain":0.0,"event_name":"Golden Wing","player_choice":"Card Removal","floor":4.0,"gold_loss":0.0,"damage_taken":7.0},{"damage_healed":0.0,"max_hp_gain":0.0,"max_hp_loss":0.0,"gold_gain":99.0,"event_name":"Nest","player_choice":"Stole From Cult","floor":20.0,"gold_loss":0.0,"damage_taken":0.0}],"is_beta":false,"boss_relics":[{"not_picked":["Velvet Choker","Philosopher\u0027s Stone"],"picked":"Tiny House"}],"items_purged_floors":[6,22],"is_endless":false,"potions_floor_spawned":[1,7,10,16],"killed_by":"Gremlin Leader","ascension_level":12}