{"gold_per_floor":[110,110,127,21,39,73,73,73,73,148,73,73,96,173,173,274,274,289,289,289],"floor_reached":20,"playtime":989,"items_purged":["Strike_R"],"score":244,"play_id":"8ff7e814-7048-4b77-b4d9-9713c8f4e9d8","local_time":"20190122220837","is_ascension_mode":true,"campfire_choices":[{"floor":8.0,"key":"REST"},{"data":"Entrench","floor":12.0,"key":"SMITH"},{"floor":15.0,"key":"REST"}],"neow_cost":"NONE","seed_source_timestamp":1062598669233818,"circlet_count":0,"master_deck":["Strike_R","Defend_R","Defend_R","Defend_R","Defend_R","Bash","Panacea","Cleave","Intimidate","Body Slam","Entrench+1","Clothesline","True Grit","Entrench","Feed","Armaments","Uppercut","Demon Form"],"special_seed":0,"relics":["Burning Blood","WingedGreaves","FossilizedHelix","Torii","Odd Mushroom","Shuriken","Sozu"],"potions_floor_usage":[],"damage_taken":[{"damage":9.0,"enemies":"Small Slimes","floor":1.0,"turns":5.0},{"damage":14.0,"enemies":"Jaw Worm","floor":3.0,"turns":3.0},{"damage":9.0,"enemies":"2 Louse","floor":5.0,"turns":3.0},{"damage":40.0,"enemies":"3 Sentries","floor":6.0,"turns":8.0},{"damage":27.0,"enemies":"The Mushroom Lair","floor":13.0,"turns":5.0},{"damage":29.0,"enemies":"The Guardian","floor":16.0,"turns":22.0},{"damage":59.0,"enemies":"3 Byrds","floor":18.0,"turns":11.0},{"damage":0,"enemies":"2 Thieves","floor":20,"turns":1}],"seed_played":"-8191032529014737268","potions_obtained":[{"floor":5.0,"key":"Strength Potion"},{"floor":13.0,"key":"SpeedPotion"}],"is_trial":false,"path_per_floor":["M","?","M","$","M","E","?","R","T","?","$","R","?","T","R","B",null,"M","?","M"],"character_chosen":"IRONCLAD","items_purchased":["Body Slam","Entrench"],"campfire_rested":2,"item_purchase_floors":[4,4],"current_hp_per_floor":[69,62,54,54,51,17,17,41,41,30,30,30,9,9,33,10,63,13,13,13],"gold":289,"neow_bonus":"RANDOM_COLORLESS","is_prod":false,"is_daily":false,"chose_seed":false,"campfire_upgraded":1,"win_rate":0,"timestamp":1548162517,"path_taken":["M","?","M","$","M","E","?","R","T","?","$","R","?","?","R","BOSS","M","?","M"],"build_version":"2019-01-17v2","purchased_purges":1,"victory":false,"max_hp_per_floor":[80,80,80,80,80,80,80,80,80,80,80,80,80,80,80,80,80,83,83,83],"card_choices":[{"not_picked":["Pommel Strike","Heavy Blade"],"picked":"Cleave","floor":1.0},{"not_picked":["Clash","Whirlwind"],"picked":"Intimidate","floor":3.0},{"not_picked":["Flex","Shrug It Off"],"picked":"Clothesline","floor":5.0},{"not_picked":["Cleave","Havoc"],"picked":"True Grit","floor":6.0},{"not_picked":["True Grit","Reckless Charge"],"picked":"Entrench","floor":13.0},{"not_picked":["Brutality","Double Tap"],"picked":"Feed","floor":16.0},{"not_picked":["Warcry","Heavy Blade"],"picked":"Armaments","floor":18.0}],"player_experience":433887,"relics_obtained":[{"floor":6.0,"key":"WingedGreaves"},{"floor":9.0,"key":"Torii"},{"floor":13.0,"key":"Odd Mushroom"},{"floor":14.0,"key":"Shuriken"}],"event_choices":[{"cards_removed":["Strike_R"],"damage_healed":0.0,"max_hp_gain":0.0,"max_hp_loss":0.0,"gold_gain":0.0,"event_name":"Golden Wing","player_choice":"Card Removal","floor":2.0,"gold_loss":0.0,"damage_taken":7.0},{"damage_healed":0.0,"max_hp_gain":0.0,"max_hp_loss":0.0,"gold_gain":0.0,"event_name":"Dead Adventurer","player_choice":"Searched \u00272\u0027 times","floor":7.0,"gold_loss":0.0,"damage_taken":0.0,"relics_obtained":["FossilizedHelix"]},{"damage_healed":0.0,"max_hp_gain":0.0,"max_hp_loss":0.0,"gold_gain":75.0,"event_name":"World of Goop","player_choice":"Gather Gold","floor":10.0,"gold_loss":0.0,"damage_taken":11.0},{"damage_healed":0.0,"max_hp_gain":0.0,"max_hp_loss":0.0,"gold_gain":0.0,"event_name":"Mushrooms","player_choice":"Fought Mushrooms","floor":13.0,"gold_loss":0.0,"damage_taken":0.0},{"damage_healed":0.0,"max_hp_gain":0.0,"max_hp_loss":0.0,"gold_gain":0.0,"cards_transformed":["Strike_R","Strike_R"],"event_name":"Drug Dealer","player_choice":"Became Test Subject","floor":19.0,"gold_loss":0.0,"damage_taken":0.0,"cards_obtained":["Uppercut","Demon Form"]}],"is_beta":false,"boss_relics":[{"not_picked":["Black Blood","Cursed Key"],"picked":"Sozu"}],"items_purged_floors":[11],"is_endless":false,"potions_floor_spawned":[5,13,18],"killed_by":"2 Thieves","ascension_level":9}