{"gold_per_floor":[110,130,143,153,170,170,170,170,193,193,243,7,43,64,64,163,163,184,26,26,26,45,45,45],"floor_reached":24,"playtime":1915,"items_purged":["Strike_G"],"score":363,"play_id":"c2f50e90-7c8f-4f93-8fe5-a9561245ea8c","local_time":"20190412194731","is_ascension_mode":true,"campfire_choices":[{"data":"Bullet Time","floor":6.0,"key":"SMITH"},{"data":"Acrobatics","floor":8.0,"key":"SMITH"},{"data":"Finisher","floor":10.0,"key":"SMITH"},{"floor":15.0,"key":"REST"},{"floor":23,"key":"REST"}],"neow_cost":"TEN_PERCENT_HP_LOSS","seed_source_timestamp":12471966294398,"circlet_count":0,"master_deck":["AscendersBane","Defend_G","Defend_G","Defend_G","Defend_G","Defend_G","Strike_G","Strike_G","Strike_G","Strike_G","Survivor","Neutralize","Bullet Time+1","Masterful Stab","Finisher+1","Terror","PiercingWail","Acrobatics+1","Well Laid Plans","Footwork","Die Die Die","Flying Knee","Dodge and Roll"],"special_seed":0,"relics":["Ring of the Snake","Golden Idol","Oddly Smooth Stone","Blood Vial","Art of War","Sozu","PreservedInsect"],"potions_floor_usage":[],"damage_taken":[{"damage":3.0,"enemies":"Small Slimes","floor":1.0,"turns":5.0},{"damage":0.0,"enemies":"2 Louse","floor":2.0,"turns":3.0},{"damage":0.0,"enemies":"Cultist","floor":3.0,"turns":2.0},{"damage":21.0,"enemies":"3 Louse","floor":4.0,"turns":3.0},{"damage":12.0,"enemies":"Large Slime","floor":5.0,"turns":6.0},{"damage":19.0,"enemies":"Gremlin Nob","floor":13.0,"turns":4.0},{"damage":0.0,"enemies":"2 Fungi Beasts","floor":14.0,"turns":3.0},{"damage":3.0,"enemies":"Slime Boss","floor":16.0,"turns":8.0},{"damage":7.0,"enemies":"Shell Parasite","floor":18.0,"turns":4.0},{"damage":32,"enemies":"3 Byrds","floor":22,"turns":9},{"damage":5,"enemies":"Slavers","floor":24,"turns":2}],"seed_played":"1624981025719652803","potions_obtained":[{"floor":1.0,"key":"FearPotion"},{"floor":3.0,"key":"SteroidPotion"},{"floor":14.0,"key":"AttackPotion"}],"is_trial":false,"path_per_floor":["M","M","M","M","M","R","?","R","T","R","?","$","E","M","R","B",null,"M","$","?","?","M","R","E"],"character_chosen":"THE_SILENT","items_purchased":["Blood Vial","PreservedInsect"],"campfire_rested":2,"item_purchase_floors":[12,19],"current_hp_per_floor":[56,56,56,35,23,23,23,23,23,23,18,18,1,3,19,18,45,40,40,40,40,10,26,23],"gold":45,"neow_bonus":"THREE_RARE_CARDS","is_prod":false,"is_daily":false,"chose_seed":false,"campfire_upgraded":3,"win_rate":0,"timestamp":1555066051,"path_taken":["M","M","M","M","M","R","?","R","T","R","?","$","E","M","R","BOSS","M","$","?","?","M","R","E"],"build_version":"2019-04-04","purchased_purges":1,"victory":false,"max_hp_per_floor":[60,60,60,60,60,60,54,54,54,54,54,54,54,54,54,54,54,54,54,54,54,54,54,54],"card_choices":[{"not_picked":["Adrenaline","Storm of Steel"],"picked":"Bullet Time","floor":0.0},{"not_picked":["Eviscerate","Prepared"],"picked":"Masterful Stab","floor":1.0},{"not_picked":["Dagger Spray","Sucker Punch"],"picked":"Finisher","floor":2.0},{"not_picked":["Flechettes","Flying Knee"],"picked":"Terror","floor":3.0},{"not_picked":["Dodge and Roll","Tactician"],"picked":"PiercingWail","floor":4.0},{"not_picked":["Expertise","Dash"],"picked":"Acrobatics","floor":5.0},{"not_picked":["Unload","Bane"],"picked":"Well Laid Plans","floor":13.0},{"not_picked":["Prepared","Slice"],"picked":"Footwork","floor":14.0},{"not_picked":["Doppelganger","Grand Finale"],"picked":"Die Die Die","floor":16.0},{"not_picked":["Setup","Eviscerate"],"picked":"Flying Knee","floor":18.0},{"not_picked":["Dagger Spray","Sucker Punch"],"picked":"Dodge and Roll","floor":22}],"player_experience":2916108,"relics_obtained":[{"floor":9.0,"key":"Oddly Smooth Stone"},{"floor":13.0,"key":"Art of War"}],"event_choices":[{"damage_healed":0.0,"max_hp_gain":0.0,"max_hp_loss":6.0,"gold_gain":0.0,"event_name":"Golden Idol","player_choice":"Lose Max HP","floor":7.0,"gold_loss":0.0,"damage_taken":0.0,"relics_obtained":["Golden Idol"]},{"damage_healed":0.0,"max_hp_gain":0.0,"max_hp_loss":0.0,"gold_gain":50.0,"event_name":"FaceTrader","player_choice":"Touch","floor":11.0,"gold_loss":0.0,"damage_taken":5.0},{"damage_healed":0.0,"max_hp_gain":0.0,"max_hp_loss":0.0,"gold_gain":0.0,"event_name":"Cursed Tome","player_choice":"Ignored","floor":21.0,"gold_loss":0.0,"damage_taken":0.0}],"is_beta":true,"boss_relics":[{"not_picked":["Coffee Dripper","Philosopher\u0027s Stone"],"picked":"Sozu"}],"items_purged_floors":[12],"is_endless":false,"potions_floor_spawned":[1,3,14],"killed_by":"Slavers","ascension_level":17}