{"gold_per_floor":[365,365,365,388,403,436,5,18,65,65],"floor_reached":10,"playtime":1383,"items_purged":[],"score":122,"play_id":"a1e055eb-c8e4-442c-a65e-4e946d42cf00","local_time":"20190522191922","is_ascension_mode":true,"campfire_choices":[],"neow_cost":"CURSE","seed_source_timestamp":98125979118412,"circlet_count":0,"master_deck":["AscendersBane","Strike_R","Strike_R","Strike_R","Strike_R","Strike_R","Defend_R","Defend_R","Defend_R","Defend_R","Bash","Clumsy","Havoc+1","Havoc","Inflame","Corruption","Shrug It Off","Warcry","Inflame"],"relics":["Burning Blood","Pen Nib","Pocketwatch","Toxic Egg 2","Oddly Smooth Stone"],"potions_floor_usage":[8],"damage_taken":[{"damage":12,"enemies":"Small Slimes","floor":1,"turns":5},{"damage":6,"enemies":"2 Louse","floor":5,"turns":3},{"damage":40,"enemies":"Gremlin Nob","floor":6,"turns":5},{"damage":3,"enemies":"Jaw Worm","floor":8,"turns":4},{"damage":43,"enemies":"Gremlin Gang","floor":10,"turns":3}],"seed_played":"-8658254543645318197","potions_obtained":[{"floor":1,"key":"Weak Potion"},{"floor":8,"key":"LiquidBronze"}],"is_trial":false,"path_per_floor":["M","?","?","T","M","E","$","M","T","M"],"character_chosen":"IRONCLAD","items_purchased":["Corruption","Shrug It Off","Warcry","Toxic Egg 2"],"campfire_rested":0,"item_purchase_floors":[7,7,7,7],"current_hp_per_floor":[62,62,62,62,62,28,28,31,31,0],"gold":65,"neow_bonus":"TWO_FIFTY_GOLD","is_prod":false,"is_daily":false,"chose_seed":false,"campfire_upgraded":0,"win_rate":0,"timestamp":1558541962,"path_taken":["M","?","?","?","M","E","$","?","T","M"],"build_version":"2019-01-23","purchased_purges":0,"victory":false,"max_hp_per_floor":[75,75,75,75,75,75,75,75,75,75],"card_choices":[{"not_picked":["Hemokinesis","Clash"],"picked":"Havoc","floor":1},{"not_picked":["Cleave","Sword Boomerang"],"picked":"Havoc","floor":5},{"not_picked":["Combust","Heavy Blade"],"picked":"Inflame","floor":6},{"not_picked":["Twin Strike","Sword Boomerang"],"picked":"Inflame","floor":8}],"player_experience":1386291,"relics_obtained":[{"floor":4,"key":"Pen Nib"},{"floor":6,"key":"Pocketwatch"},{"floor":9,"key":"Oddly Smooth Stone"}],"event_choices":[{"damage_healed":0,"gold_gain":0,"player_choice":"Grow","damage_taken":0,"max_hp_gain":0,"max_hp_loss":0,"event_name":"Living Wall","floor":2,"gold_loss":0,"cards_upgraded":["Havoc"]},{"damage_healed":0,"gold_gain":0,"player_choice":"Ignored","damage_taken":0,"max_hp_gain":0,"max_hp_loss":0,"event_name":"Golden Wing","floor":3,"gold_loss":0}],"is_beta":false,"boss_relics":[],"items_purged_floors":[],"is_endless":false,"potions_floor_spawned":[1,8],"killed_by":"Gremlin Gang","ascension_level":17}