{"gold_per_floor":[118,118,118,118,68,94,94,119,144,144,160,177,177,201,201,305,305,292,292],"floor_reached":19,"playtime":725,"items_purged":[],"score":357,"play_id":"7b0e1156-85ee-4b11-9372-e56d401d98a6","local_time":"20190501074751","is_ascension_mode":true,"campfire_choices":[{"data":"Bash","floor":7,"key":"SMITH"},{"data":"Strike_R","floor":10,"key":"SMITH"},{"data":"Anger","floor":15,"key":"SMITH"}],"neow_cost":"NONE","seed_source_timestamp":1692762728592700,"circlet_count":0,"master_deck":["AscendersBane","Strike_R","Strike_R","Strike_R","Strike_R+1","Defend_R","Defend_R","Defend_R","Bash+1","Shockwave","Anger+1","Fire Breathing"],"relics":["Burning Blood","NeowsBlessing","Dream Catcher","Gambling Chip","Pen Nib","Odd Mushroom","Orrery"],"potions_floor_usage":[14,18,18],"damage_taken":[{"damage":0,"enemies":"2 Louse","floor":1,"turns":1},{"damage":0,"enemies":"Gremlin Nob","floor":6,"turns":1},{"damage":0,"enemies":"Lagavulin","floor":8,"turns":1},{"damage":12,"enemies":"Small Slimes","floor":11,"turns":4},{"damage":0,"enemies":"Jaw Worm","floor":12,"turns":3},{"damage":5,"enemies":"The Mushroom Lair","floor":14,"turns":4},{"damage":51,"enemies":"Hexaghost","floor":16,"turns":8},{"damage":16,"enemies":"2 Thieves","floor":18,"turns":4},{"damage":19,"enemies":"Shell Parasite","floor":19,"turns":3}],"seed_played":"388440081312608940","potions_obtained":[{"floor":6,"key":"SkillPotion"},{"floor":11,"key":"GamblersBrew"},{"floor":16,"key":"EssenceOfSteel"}],"is_trial":false,"path_per_floor":["M","$","?","?","?","E","R","E","T","R","M","M","?","?","R","B",null,"M","M"],"character_chosen":"IRONCLAD","items_purchased":[],"campfire_rested":0,"item_purchase_floors":[],"current_hp_per_floor":[78,78,78,78,78,80,80,80,80,80,74,80,85,85,85,40,74,64,45],"gold":292,"neow_bonus":"THREE_ENEMY_KILL","is_prod":false,"is_daily":false,"chose_seed":false,"campfire_upgraded":3,"win_rate":0,"timestamp":1556686071,"path_taken":["M","$","?","?","?","E","R","E","T","R","?","M","?","?","R","BOSS","M","M"],"build_version":"2019-01-23","purchased_purges":0,"victory":false,"max_hp_per_floor":[80,80,80,80,80,80,80,80,80,80,80,80,85,85,85,85,85,85,85],"card_choices":[{"not_picked":["Flex","Havoc"],"picked":"Shockwave","floor":1},{"not_picked":["True Grit","Metallicize","Heavy Blade"],"picked":"SKIP","floor":6},{"not_picked":["Combust","Bludgeon","Havoc"],"picked":"SKIP","floor":8},{"not_picked":["Body Slam","Iron Wave"],"picked":"Anger","floor":11},{"not_picked":["Evolve","Clothesline","Combust"],"picked":"SKIP","floor":12},{"not_picked":["Seeing Red+1","Warcry"],"picked":"Fire Breathing","floor":18}],"player_experience":1281744,"relics_obtained":[{"floor":6,"key":"Dream Catcher"},{"floor":8,"key":"Gambling Chip"},{"floor":9,"key":"Pen Nib"},{"floor":14,"key":"Odd Mushroom"}],"event_choices":[{"damage_healed":0,"gold_gain":0,"player_choice":"Ignored","damage_taken":0,"max_hp_gain":0,"max_hp_loss":0,"event_name":"Shining Light","floor":3,"gold_loss":0},{"cards_removed":["Strike_R"],"damage_healed":0,"gold_gain":0,"player_choice":"Forget","damage_taken":0,"max_hp_gain":0,"max_hp_loss":0,"event_name":"Living Wall","floor":4,"gold_loss":0},{"cards_removed":["Defend_R"],"damage_healed":0,"gold_gain":0,"player_choice":"Card Removal","damage_taken":0,"max_hp_gain":0,"max_hp_loss":0,"event_name":"The Cleric","floor":5,"gold_loss":50},{"damage_healed":0,"gold_gain":0,"player_choice":"Donut","damage_taken":0,"max_hp_gain":5,"max_hp_loss":0,"event_name":"Big Fish","floor":13,"gold_loss":0},{"damage_healed":0,"gold_gain":0,"player_choice":"Fought Mushrooms","damage_taken":0,"max_hp_gain":0,"max_hp_loss":0,"event_name":"Mushrooms","floor":14,"gold_loss":0}],"is_beta":false,"boss_relics":[{"not_picked":["Velvet Choker","White Beast Statue"],"picked":"Orrery"}],"items_purged_floors":[],"is_endless":false,"potions_floor_spawned":[6,11,16],"killed_by":"Shell Parasite","ascension_level":12}