{"gold_per_floor":[114,114,130,76,56,56,74,100,156,170,183,202,219,219,219,294,294,307,321,339,339],"floor_reached":21,"playtime":2462,"items_purged":[],"score":367,"play_id":"a19655b0-2f5b-4769-9f69-63084f4f46bc","local_time":"20190521202113","is_ascension_mode":true,"campfire_choices":[{"floor":6,"key":"REST"},{"data":"Uppercut","floor":15,"key":"SMITH"}],"neow_cost":"PERCENT_DAMAGE","seed_source_timestamp":14258975289929,"circlet_count":0,"master_deck":["AscendersBane","Strike_R","Strike_R","Strike_R","Strike_R","Strike_R","Defend_R","Defend_R","Defend_R","Defend_R","Bash","Burning Pact","Seeing Red+1","Warcry","Pommel Strike","Warcry","Shrug It Off","Shockwave","Warcry","Warcry","Uppercut+1","Dropkick","Sentinel","Battle Trance","Shrug It Off","Double Tap","Headbutt","Anger+1","Feel No Pain","Headbutt","Headbutt"],"special_seed":0,"relics":["Burning Blood","Prayer Wheel","Pen Nib","Tiny Chest","Runic Cube"],"potions_floor_usage":[8,18,18,21],"damage_taken":[{"damage":1.0,"enemies":"Small Slimes","floor":1.0,"turns":5.0},{"damage":8,"enemies":"Cultist","floor":3,"turns":5},{"damage":4,"enemies":"2 Louse","floor":7,"turns":5},{"damage":32,"enemies":"Gremlin Nob","floor":8,"turns":4},{"damage":11,"enemies":"Looter","floor":10,"turns":3},{"damage":23,"enemies":"3 Louse","floor":11,"turns":5},{"damage":7,"enemies":"2 Fungi Beasts","floor":12,"turns":3},{"damage":3,"enemies":"Looter","floor":13,"turns":4},{"damage":56,"enemies":"The Guardian","floor":16,"turns":15},{"damage":2,"enemies":"3 Byrds","floor":18,"turns":7},{"damage":37,"enemies":"Shell Parasite","floor":19,"turns":6},{"damage":34,"enemies":"Snake Plant","floor":20,"turns":4},{"damage":17,"enemies":"Snecko","floor":21,"turns":4}],"seed_played":"4304872177123639524","potions_obtained":[{"floor":5,"key":"PowerPotion"},{"floor":8,"key":"AttackPotion"},{"floor":20,"key":"Block Potion"}],"is_trial":false,"path_per_floor":["M","?","M","$","?","R","M","E","T","M","M","M","M","?","R","B",null,"M","M","M","M"],"character_chosen":"IRONCLAD","items_purchased":["PowerPotion"],"campfire_rested":1,"item_purchase_floors":[4],"current_hp_per_floor":[55,55,53,53,53,75,75,49,49,44,27,26,29,75,75,25,63,67,36,8,0],"gold":339,"neow_bonus":"ONE_RARE_RELIC","is_prod":false,"is_daily":false,"chose_seed":false,"campfire_upgraded":1,"win_rate":0,"timestamp":1558459273,"path_taken":["M","?","M","$","?","R","M","E","T","M","M","?","?","?","R","BOSS","M","M","M","M"],"build_version":"2019-01-23","purchased_purges":0,"victory":false,"max_hp_per_floor":[75,75,75,75,75,75,75,75,75,75,75,75,75,75,75,75,75,75,75,75,75],"card_choices":[{"not_picked":["Perfected Strike","Entrench"],"picked":"Burning Pact","floor":1.0},{"not_picked":["Armaments","Perfected Strike"],"picked":"Seeing Red","floor":1.0},{"not_picked":["Armaments","Burning Pact"],"picked":"Shockwave","floor":3},{"not_picked":["Cleave","Dual Wield"],"picked":"Warcry","floor":3},{"not_picked":["Sword Boomerang","Dual Wield"],"picked":"Pommel Strike","floor":7},{"not_picked":["Inflame","Pommel Strike"],"picked":"Warcry","floor":7},{"not_picked":["Sword Boomerang","Headbutt"],"picked":"Shrug It Off","floor":8},{"not_picked":["Brutality","Clash"],"picked":"Shockwave","floor":10},{"not_picked":["Perfected Strike","Twin Strike"],"picked":"Warcry","floor":10},{"not_picked":["Armaments","Clash"],"picked":"Warcry","floor":11},{"not_picked":["Clash","Bloodletting"],"picked":"Uppercut","floor":11},{"not_picked":["Perfected Strike","Iron Wave"],"picked":"Dropkick","floor":12},{"not_picked":["Shrug It Off","Pommel Strike"],"picked":"Sentinel","floor":12},{"not_picked":["Wild Strike","Thunderclap"],"picked":"Battle Trance","floor":13},{"not_picked":["Berserk","Burning Pact"],"picked":"Shrug It Off","floor":13},{"not_picked":["Demon Form","Brutality"],"picked":"Double Tap","floor":16},{"not_picked":["Anger","Cleave"],"picked":"Headbutt","floor":18},{"not_picked":["Perfected Strike","Cleave"],"picked":"Anger+1","floor":18},{"not_picked":["Shrug It Off","Dropkick+1"],"picked":"Feel No Pain","floor":19},{"not_picked":["Reckless Charge+1","Shockwave"],"picked":"Headbutt","floor":19},{"not_picked":["Cleave","Armaments"],"picked":"Headbutt","floor":20},{"not_picked":["Thunderclap","Reaper","Rampage"],"picked":"SKIP","floor":20}],"player_experience":1382442,"relics_obtained":[{"floor":8,"key":"Pen Nib"},{"floor":9,"key":"Tiny Chest"}],"event_choices":[{"damage_healed":0.0,"max_hp_gain":0.0,"max_hp_loss":0.0,"gold_gain":0.0,"event_name":"Living Wall","player_choice":"Grow","floor":2.0,"gold_loss":0.0,"damage_taken":0.0,"cards_upgraded":["Seeing Red"]},{"damage_healed":0,"gold_gain":0,"player_choice":"Bought 1 Potion","damage_taken":0,"max_hp_gain":0,"max_hp_loss":0,"event_name":"The Woman in Blue","floor":5,"gold_loss":0},{"cards_removed":["Shockwave"],"damage_healed":46,"gold_gain":0,"player_choice":"Offered Uncommon","damage_taken":0,"max_hp_gain":0,"max_hp_loss":0,"event_name":"Bonfire Elementals","floor":14,"gold_loss":0}],"is_beta":false,"boss_relics":[{"not_picked":["Runic Dome","Runic Pyramid"],"picked":"Runic Cube"}],"items_purged_floors":[],"is_endless":false,"potions_floor_spawned":[8,10,13,16,20],"killed_by":"Snecko","ascension_level":17}