{"gold_per_floor":[119,119,44,56,56,56,70,70,70,101,111,135,163,176,176,253,253,265,281,4,18,18,18,18,18,18,18,31,31,31,51,51,51],"floor_reached":33,"playtime":2092,"items_purged":["Strike_R"],"score":472,"play_id":"f79fb467-cb81-488b-b295-2d89a05fe9c0","local_time":"20190411224309","is_ascension_mode":true,"campfire_choices":[{"data":"Bash","floor":6.0,"key":"SMITH"},{"data":"Armaments","floor":8.0,"key":"SMITH"},{"data":"Uppercut","floor":15.0,"key":"SMITH"},{"floor":24,"key":"REST"},{"data":"Trip","floor":27,"key":"SMITH"},{"data":"True Grit","floor":30,"key":"SMITH"},{"data":"Shrug It Off","floor":32,"key":"SMITH"}],"neow_cost":"NONE","seed_source_timestamp":3706406626000893,"circlet_count":0,"master_deck":["AscendersBane","Strike_R","Strike_R","Strike_R","Defend_R","Defend_R","Defend_R","Defend_R","Bash+1","Dropkick","True Grit+1","Armaments+1","Uppercut+1","Flex","Disarm","Immolate","Shrug It Off+1","Shockwave","Trip+1","Impervious","Shrug It Off+1"],"special_seed":0,"relics":["Burning Blood","NeowsBlessing","The Courier","Centennial Puzzle","Happy Flower","Red Skull","Mark of Pain","OrangePellets","Nilry\u0027s Codex","Toxic Egg 2"],"potions_floor_usage":[33],"damage_taken":[{"damage":0.0,"enemies":"Small Slimes","floor":1.0,"turns":2.0},{"damage":0.0,"enemies":"Jaw Worm","floor":4.0,"turns":1.0},{"damage":0.0,"enemies":"Cultist","floor":7.0,"turns":1.0},{"damage":38.0,"enemies":"Gremlin Nob","floor":10.0,"turns":5.0},{"damage":1.0,"enemies":"Exordium Thugs","floor":11.0,"turns":5.0},{"damage":3.0,"enemies":"Lagavulin","floor":13.0,"turns":6.0},{"damage":7.0,"enemies":"Looter","floor":14.0,"turns":3.0},{"damage":27.0,"enemies":"Slime Boss","floor":16.0,"turns":11.0},{"damage":10.0,"enemies":"3 Byrds","floor":18.0,"turns":6.0},{"damage":21.0,"enemies":"Spheric Guardian","floor":19.0,"turns":6.0},{"damage":21,"enemies":"Snake Plant","floor":21,"turns":5},{"damage":12,"enemies":"Chosen and Byrds","floor":28,"turns":5},{"damage":4,"enemies":"Centurion and Healer","floor":31,"turns":6},{"damage":50,"enemies":"Collector","floor":33,"turns":6}],"seed_played":"-2973736273904790521","potions_obtained":[{"floor":1.0,"key":"Weak Potion"},{"floor":4.0,"key":"Energy Potion"},{"floor":11.0,"key":"EntropicBrew"},{"floor":13.0,"key":"Fire Potion"},{"floor":18.0,"key":"Regen Potion"},{"floor":21,"key":"Strength Potion"},{"floor":31,"key":"BloodPotion"}],"is_trial":false,"path_per_floor":["M","?","$","M","$","R","M","R","T","E","M","T","E","M","R","B",null,"M","M","$","M","?","?","R","$","T","R","M","$","R","M","R","B"],"character_chosen":"IRONCLAD","items_purchased":["OrangePellets","Shockwave","Trip"],"campfire_rested":1,"item_purchase_floors":[20,20,20],"current_hp_per_floor":[74,67,67,73,73,73,75,75,75,43,48,48,51,50,50,29,64,60,60,60,45,45,24,46,46,46,46,40,40,40,42,42,0],"gold":51,"neow_bonus":"THREE_ENEMY_KILL","is_prod":false,"is_daily":false,"chose_seed":false,"campfire_upgraded":6,"win_rate":0,"timestamp":1554990189,"path_taken":["M","?","?","?","$","R","M","R","T","E","?","?","E","M","R","BOSS","M","M","$","M","?","?","R","?","T","R","M","?","R","M","R","BOSS"],"build_version":"2019-04-04","purchased_purges":1,"victory":false,"max_hp_per_floor":[75,75,75,75,75,75,75,75,75,75,75,75,75,75,75,75,75,75,75,75,75,75,75,75,75,75,75,75,75,75,75,75,75],"card_choices":[{"not_picked":["Headbutt","Havoc"],"picked":"Dropkick","floor":1.0},{"not_picked":["Power Through","Havoc"],"picked":"True Grit","floor":4.0},{"not_picked":["Twin Strike","Warcry"],"picked":"Armaments","floor":7.0},{"not_picked":["Clash","Cleave"],"picked":"Uppercut","floor":10.0},{"not_picked":["Hemokinesis","Clash"],"picked":"Flex","floor":11.0},{"not_picked":["Clothesline","Sentinel"],"picked":"Disarm","floor":13.0},{"not_picked":["Iron Wave","Reckless Charge","Clash"],"picked":"SKIP","floor":14.0},{"not_picked":["Brutality","Juggernaut"],"picked":"Immolate","floor":16.0},{"not_picked":["Clash","Thunderclap","Perfected Strike"],"picked":"SKIP","floor":18.0},{"not_picked":["Clash","Cleave"],"picked":"Shrug It Off","floor":19.0},{"not_picked":["True Grit+1","Perfected Strike"],"picked":"Impervious","floor":21},{"not_picked":["Heavy Blade","Sever Soul"],"picked":"Shrug It Off+1","floor":28},{"not_picked":["Cleave","Wild Strike","Heavy Blade"],"picked":"SKIP","floor":31}],"player_experience":2898627,"relics_obtained":[{"floor":9.0,"key":"The Courier"},{"floor":10.0,"key":"Centennial Puzzle"},{"floor":12.0,"key":"Happy Flower"},{"floor":13.0,"key":"Red Skull"},{"floor":23,"key":"Nilry\u0027s Codex"},{"floor":26,"key":"Toxic Egg 2"}],"event_choices":[{"cards_removed":["Strike_R"],"damage_healed":0.0,"max_hp_gain":0.0,"max_hp_loss":0.0,"gold_gain":0.0,"event_name":"Golden Wing","player_choice":"Card Removal","floor":2.0,"gold_loss":0.0,"damage_taken":7.0},{"damage_healed":0,"gold_gain":0,"player_choice":"Ignored","damage_taken":0,"max_hp_gain":0,"max_hp_loss":0,"event_name":"Ghosts","floor":22,"gold_loss":0},{"damage_healed":0,"gold_gain":0,"player_choice":"Obtained Book","damage_taken":21,"max_hp_gain":0,"max_hp_loss":0,"event_name":"Cursed Tome","floor":23,"gold_loss":0}],"is_beta":true,"boss_relics":[{"not_picked":["Ectoplasm","Astrolabe"],"picked":"Mark of Pain"}],"items_purged_floors":[3],"is_endless":false,"potions_floor_spawned":[1,4,11,13,18,21,31],"killed_by":"Collector","ascension_level":17}