{"gold_per_floor":[114,74,86,8,27,27,62,72,72,82,82,113,132,164,164,242,242,256,276,288,305,605,605,605,638,664,714,714,729,748,768,768,768],"floor_reached":33,"playtime":1415,"items_purged":[],"score":657,"play_id":"ef32620d-093b-4482-af41-4d484762620c","local_time":"20190411013108","is_ascension_mode":true,"campfire_choices":[{"data":"Buffer","floor":6,"key":"SMITH"},{"floor":11,"key":"REST"},{"data":"Sunder","floor":15,"key":"SMITH"},{"floor":23,"key":"REST"},{"floor":28,"key":"REST"},{"floor":32,"key":"REST"}],"neow_cost":"NONE","seed_source_timestamp":715772851290200,"circlet_count":0,"master_deck":["AscendersBane","Defend_B","Defend_B","Defend_B","Defend_B","Zap","Dualcast","Buffer+1","Barrage","Meteor Strike","Sunder+1","Turbo","Genetic Algorithm","Turbo","Reinforced Body","Conserve Battery","Undo","Seek","Compile Driver","Capacitor","Hologram","Gash","Writhe","Bite","Bite","Bite","Bite","Bite","Turbo+1","Coolheaded","Reboot"],"relics":["Cracked Core","Symbiotic Virus","The Courier","Sozu","Old Coin","Gremlin Horn","Happy Flower"],"potions_floor_usage":[7,14,14,20,20],"damage_taken":[{"damage":7,"enemies":"Jaw Worm","floor":1,"turns":3},{"damage":1,"enemies":"Cultist","floor":3,"turns":3},{"damage":0,"enemies":"Small Slimes","floor":5,"turns":2},{"damage":41,"enemies":"Gremlin Nob","floor":7,"turns":5},{"damage":0,"enemies":"Blue Slaver","floor":8,"turns":4},{"damage":0,"enemies":"2 Fungi Beasts","floor":10,"turns":3},{"damage":0,"enemies":"Lagavulin","floor":12,"turns":6},{"damage":1,"enemies":"Exordium Wildlife","floor":13,"turns":2},{"damage":5,"enemies":"3 Sentries","floor":14,"turns":4},{"damage":15,"enemies":"The Guardian","floor":16,"turns":13},{"damage":0,"enemies":"Spheric Guardian","floor":18,"turns":4},{"damage":2,"enemies":"2 Thieves","floor":19,"turns":4},{"damage":12,"enemies":"Cultist and Chosen","floor":20,"turns":8},{"damage":29,"enemies":"3 Cultists","floor":21,"turns":7},{"damage":46,"enemies":"Book of Stabbing","floor":25,"turns":7},{"damage":35,"enemies":"Shelled Parasite and Fungi","floor":29,"turns":9},{"damage":15,"enemies":"Centurion and Healer","floor":30,"turns":23},{"damage":8,"enemies":"Snake Plant","floor":31,"turns":5},{"damage":129,"enemies":"Automaton","floor":33,"turns":12}],"seed_played":"-7263536338250801561","potions_obtained":[{"floor":2,"key":"Explosive Potion"},{"floor":2,"key":"Poison Potion"},{"floor":8,"key":"Swift Potion"},{"floor":14,"key":"GamblersBrew"},{"floor":16,"key":"PowerPotion"}],"is_trial":false,"path_per_floor":["M","?","M","$","M","R","E","M","T","M","R","E","M","E","R","B",null,"M","M","M","M","?","R","?","E","T","?","R","M","M","M","R","B"],"character_chosen":"DEFECT","items_purchased":["Sunder"],"campfire_rested":4,"item_purchase_floors":[4],"current_hp_per_floor":[57,57,56,56,56,56,15,15,15,15,36,36,35,30,30,17,58,60,60,50,23,23,44,44,6,6,6,27,12,47,51,71,0],"gold":768,"neow_bonus":"ONE_RANDOM_RARE_CARD","is_prod":false,"is_daily":false,"chose_seed":false,"campfire_upgraded":2,"win_rate":0,"timestamp":1554913868,"path_taken":["M","?","M","?","M","R","E","M","T","M","R","E","?","E","R","BOSS","M","M","?","?","?","R","?","E","T","?","R","M","?","M","R","BOSS"],"build_version":"2019-01-23","purchased_purges":0,"victory":false,"max_hp_per_floor":[71,71,71,71,71,71,71,71,71,71,71,71,71,71,71,71,71,71,71,71,71,71,71,71,71,71,71,71,71,71,71,71,71],"card_choices":[{"not_picked":["Conserve Battery","Chaos"],"picked":"Barrage","floor":1},{"not_picked":["Sweeping Beam","Coolheaded"],"picked":"Meteor Strike","floor":3},{"not_picked":["Compile Driver","Cold Snap"],"picked":"Turbo","floor":5},{"not_picked":["Reinforced Body","Go for the Eyes"],"picked":"Genetic Algorithm","floor":7},{"not_picked":["Defragment","Rebound"],"picked":"Turbo","floor":8},{"not_picked":["Beam Cell","Redo","Stack"],"picked":"SKIP","floor":10},{"not_picked":["Scrape","Tempest"],"picked":"Reinforced Body","floor":12},{"not_picked":["Sweeping Beam","Go for the Eyes"],"picked":"Conserve Battery","floor":13},{"not_picked":["Hologram","Conserve Battery"],"picked":"Undo","floor":14},{"not_picked":["Hyperbeam","Amplify"],"picked":"Seek","floor":16},{"not_picked":["Streamline","BootSequence"],"picked":"Compile Driver","floor":18},{"not_picked":["Sweeping Beam+1","Compile Driver+1"],"picked":"Capacitor","floor":19},{"not_picked":["Barrage","Rip and Tear"],"picked":"Hologram","floor":20},{"not_picked":["Amplify","Compile Driver"],"picked":"Gash","floor":21},{"not_picked":["Conserve Battery","Recycle"],"picked":"Turbo+1","floor":25},{"not_picked":["Reprogram","Leap","Doom and Gloom"],"picked":"SKIP","floor":29},{"not_picked":["Gash+1","Rip and Tear+1"],"picked":"Coolheaded","floor":30},{"not_picked":["Rebound+1","Steam Power"],"picked":"Reboot","floor":31}],"player_experience":4750754,"relics_obtained":[{"floor":7,"key":"Symbiotic Virus"},{"floor":9,"key":"The Courier"},{"floor":14,"key":"Blood Vial"},{"floor":25,"key":"Gremlin Horn"},{"floor":26,"key":"Happy Flower"}],"event_choices":[{"damage_healed":0,"gold_gain":0,"player_choice":"Bought 3 Potions","damage_taken":0,"max_hp_gain":0,"max_hp_loss":0,"event_name":"The Woman in Blue","floor":2,"gold_loss":0},{"damage_healed":0,"gold_gain":0,"player_choice":"Opened","damage_taken":0,"relics_obtained":["Old Coin"],"max_hp_gain":0,"max_hp_loss":0,"event_name":"The Mausoleum","floor":22,"gold_loss":0,"cards_obtained":["Writhe"]},{"damage_healed":0,"gold_gain":0,"player_choice":"Became a vampire (Vial)","damage_taken":0,"max_hp_gain":0,"max_hp_loss":0,"event_name":"Vampires","floor":24,"relics_lost":["Blood Vial"],"gold_loss":0,"cards_obtained":["Bite","Bite","Bite","Bite","Bite"]},{"damage_healed":0,"gold_gain":50,"player_choice":"Stole From Cult","damage_taken":0,"max_hp_gain":0,"max_hp_loss":0,"event_name":"Nest","floor":27,"gold_loss":0}],"is_beta":false,"boss_relics":[{"not_picked":["Busted Crown","Philosopher\u0027s Stone"],"picked":"Sozu"}],"items_purged_floors":[],"is_endless":false,"potions_floor_spawned":[5,8,10,14,16,18,20,25,29,31],"killed_by":"Automaton","ascension_level":20}