{"gold_per_floor":[111,130,149,149,162,162,177,177,254,254,264,321,381,393,393,469,469,457,382,411,411,326,326,339,349,429,439,2,34,34,67,67,144,144,164,164,175,397,410,410,410,423,493,508,526,0,0,26,26,26],"floor_reached":51,"playtime":5142,"items_purged":["Strike_G","Strike_G"],"score":1350,"play_id":"c2fa700a-3248-4854-b30c-f45d9c63c17c","local_time":"20181205180418","is_ascension_mode":true,"campfire_choices":[{"data":"Footwork","floor":6,"key":"SMITH"},{"data":"Neutralize","floor":8,"key":"SMITH"},{"data":"Secret Technique","floor":15,"key":"SMITH"},{"floor":23,"key":"REST"},{"floor":30,"key":"REST"},{"data":"Catalyst","floor":32,"key":"SMITH"},{"data":"Cloak And Dagger","floor":40,"key":"SMITH"},{"data":"Cloak And Dagger","floor":47,"key":"SMITH"},{"data":"Footwork","floor":49,"key":"SMITH"}],"neow_cost":"TEN_PERCENT_HP_LOSS","seed_source_timestamp":146610462626840,"circlet_count":0,"master_deck":["AscendersBane","Defend_G","Defend_G","Defend_G","Defend_G","Defend_G","Survivor","Neutralize+1","Violence","Secret Technique+1","Footwork+1","Deadly Poison","Predator","Footwork+1","Deflect","Dodge and Roll","Backflip","Footwork","Malaise","Sucker Punch+1","Deflect+1","Catalyst+1","Dodge and Roll+1","Dagger Spray+1","Infinite Blades+1","Venomology","Infinite Blades","Malaise","Terror","Envenom+1","Acrobatics+1","Cloak And Dagger+1","Footwork","Cloak And Dagger+1","Accuracy","Master of Strategy","Malaise","Finesse"],"relics":["Ring of the Snake","Bottled Tornado","Dead Branch","Tiny Chest","WristBlade","Red Mask","Prayer Wheel","Bottled Flame","Membership Card","Oddly Smooth Stone","Snake Skull","Blood Vial","Turnip","Busted Crown","Orichalcum","Darkstone Periapt","Happy Flower","Ice Cream","PreservedInsect"],"potions_floor_usage":[12,16,16,16,18,20,29,29,33,33,37,39,50,50],"damage_taken":[{"damage":0,"enemies":"Cultist","floor":1,"turns":5},{"damage":0,"enemies":"Small Slimes","floor":2,"turns":4},{"damage":0,"enemies":"2 Louse","floor":3,"turns":4},{"damage":0,"enemies":"Blue Slaver","floor":5,"turns":7},{"damage":6,"enemies":"3 Louse","floor":7,"turns":5},{"damage":0,"enemies":"Large Slime","floor":11,"turns":7},{"damage":13,"enemies":"3 Sentries","floor":12,"turns":14},{"damage":2,"enemies":"Lagavulin","floor":13,"turns":8},{"damage":2,"enemies":"Exordium Wildlife","floor":14,"turns":7},{"damage":0,"enemies":"Slime Boss","floor":16,"turns":16},{"damage":0,"enemies":"2 Thieves","floor":18,"turns":4},{"damage":24,"enemies":"Masked Bandits","floor":20,"turns":7},{"damage":1,"enemies":"Chosen","floor":24,"turns":8},{"damage":5,"enemies":"Snake Plant","floor":25,"turns":7},{"damage":0,"enemies":"Snecko","floor":27,"turns":10},{"damage":3,"enemies":"Slavers","floor":29,"turns":7},{"damage":1,"enemies":"Book of Stabbing","floor":31,"turns":10},{"damage":1,"enemies":"Champ","floor":33,"turns":11},{"damage":0,"enemies":"3 Shapes","floor":35,"turns":4},{"damage":2,"enemies":"Orb Walker","floor":37,"turns":6},{"damage":4,"enemies":"Jaw Worm Horde","floor":39,"turns":5},{"damage":0,"enemies":"Maw","floor":42,"turns":8},{"damage":6,"enemies":"Transient","floor":44,"turns":5},{"damage":0,"enemies":"3 Darklings","floor":45,"turns":6},{"damage":8,"enemies":"Time Eater","floor":50,"turns":8}],"seed_played":"3311797267665545888","potions_obtained":[{"floor":2,"key":"GhostInAJar"},{"floor":5,"key":"EntropicBrew"},{"floor":14,"key":"SpeedPotion"},{"floor":16,"key":"PowerPotion"},{"floor":20,"key":"Energy Potion"},{"floor":24,"key":"GhostInAJar"},{"floor":31,"key":"Regen Potion"},{"floor":35,"key":"Swift Potion"}],"is_trial":false,"path_per_floor":["M","M","M","?","M","R","M","R","T","?","M","?","E","M","R","B",null,"M","?","?","?","?","R","M","M","T","M","$","E","R","E","R","B",null,"M","?","M","?","M","R","?","M","T","M","M","$","R","T","R","B",null],"character_chosen":"THE_SILENT","items_purchased":["Membership Card","Oddly Smooth Stone","Snake Skull","Infinite Blades","Happy Flower","Ice Cream","PowerPotion","Accuracy","Master of Strategy","Malaise","Finesse"],"campfire_rested":2,"item_purchase_floors":[28,28,28,28,46,46,46,46,46,46,46],"current_hp_per_floor":[59,59,59,59,59,59,53,53,53,53,53,40,38,36,36,36,54,54,54,30,14,14,33,32,27,27,27,27,24,43,44,44,60,64,65,65,63,63,61,61,61,63,63,59,61,61,61,61,61,55],"gold":26,"neow_bonus":"RANDOM_COLORLESS_2","is_prod":false,"is_daily":false,"chose_seed":false,"campfire_upgraded":7,"win_rate":0,"timestamp":1544000658,"path_taken":["M","M","?","?","M","R","?","R","T","?","M","?","E","M","R","BOSS","M","?","?","?","?","R","M","M","T","M","$","E","R","E","R","BOSS","M","?","?","?","M","R","?","M","T","M","?","$","R","?","R","BOSS"],"build_version":"2018-12-05","purchased_purges":2,"victory":true,"max_hp_per_floor":[60,60,60,60,60,60,60,60,60,60,60,60,60,60,60,60,60,60,60,60,65,65,65,65,65,65,65,65,65,65,65,65,65,65,65,65,65,65,65,65,65,65,65,65,65,65,65,65,65,65],"card_choices":[{"not_picked":["Reflex","Terror"],"picked":"Footwork","floor":1},{"not_picked":["Bane","Slice"],"picked":"Deadly Poison","floor":2},{"not_picked":["Slice","Bane","Poisoned Stab"],"picked":"SKIP","floor":3},{"not_picked":["Unload","Poisoned Stab"],"picked":"Predator","floor":5},{"not_picked":["Riddle With Holes","Quick Slash"],"picked":"Footwork","floor":7},{"not_picked":["Quick Slash","PiercingWail"],"picked":"Deflect","floor":11},{"not_picked":["Slice","Blade Dance"],"picked":"Dodge and Roll","floor":12},{"not_picked":["Terror","Masterful Stab"],"picked":"Backflip","floor":13},{"not_picked":["Well Laid Plans","Bane"],"picked":"Footwork","floor":14},{"not_picked":["Die Die Die","Glass Knife"],"picked":"Malaise","floor":16},{"not_picked":["Underhanded Strike+1","Leg Sweep"],"picked":"Sucker Punch+1","floor":18},{"not_picked":["Blade Dance","Leg Sweep"],"picked":"Deflect+1","floor":24},{"not_picked":["Acrobatics","Poisoned Stab"],"picked":"Catalyst","floor":24},{"not_picked":["Sucker Punch","Dagger Throw+1"],"picked":"Dodge and Roll+1","floor":25},{"not_picked":["Dagger Spray+1","Acrobatics","Masterful Stab"],"picked":"SKIP","floor":25},{"not_picked":["Dagger Spray+1","Acrobatics","Masterful Stab"],"picked":"SKIP","floor":25},{"not_picked":["Acrobatics","Masterful Stab"],"picked":"Dagger Spray+1","floor":25},{"not_picked":["Outmaneuver","Masterful Stab+1"],"picked":"Infinite Blades+1","floor":27},{"not_picked":["Flechettes","Deflect"],"picked":"Venomology","floor":27},{"not_picked":["Outmaneuver+1","Underhanded Strike+1"],"picked":"Malaise","floor":29},{"not_picked":["Deflect","Heel Hook"],"picked":"Terror","floor":31},{"not_picked":["Corpse Explosion","Storm of Steel"],"picked":"Envenom","floor":33},{"not_picked":[],"picked":"Acrobatics+1","floor":35},{"not_picked":["Deadly Poison"],"picked":"SKIP","floor":35},{"not_picked":[],"picked":"Cloak And Dagger","floor":37},{"not_picked":["Riddle With Holes"],"picked":"SKIP","floor":37},{"not_picked":[],"picked":"Footwork","floor":39},{"not_picked":["PiercingWail"],"picked":"SKIP","floor":39},{"not_picked":["Deadly Poison"],"picked":"SKIP","floor":42},{"not_picked":["Expertise"],"picked":"SKIP","floor":42},{"not_picked":[],"picked":"Cloak And Dagger","floor":44},{"not_picked":["Dodge and Roll"],"picked":"SKIP","floor":44},{"not_picked":["Dagger Spray"],"picked":"SKIP","floor":45},{"not_picked":["Leg Sweep"],"picked":"SKIP","floor":45}],"player_experience":2507396,"relics_obtained":[{"floor":9,"key":"Bottled Tornado"},{"floor":12,"key":"Dead Branch"},{"floor":13,"key":"Tiny Chest"},{"floor":20,"key":"Red Mask"},{"floor":26,"key":"Bottled Flame"},{"floor":29,"key":"Blood Vial"},{"floor":31,"key":"Turnip"},{"floor":43,"key":"Darkstone Periapt"},{"floor":48,"key":"PreservedInsect"}],"event_choices":[{"cards_removed":["Strike_G"],"damage_healed":0,"gold_gain":0,"player_choice":"Purged","damage_taken":0,"max_hp_gain":0,"max_hp_loss":0,"event_name":"Purifier","floor":4,"gold_loss":0},{"cards_removed":["Strike_G"],"damage_healed":0,"gold_gain":0,"player_choice":"Forget","damage_taken":0,"max_hp_gain":0,"max_hp_loss":0,"event_name":"Living Wall","floor":10,"gold_loss":0},{"damage_healed":0,"gold_gain":30,"player_choice":"Searched \u00273\u0027 times","damage_taken":0,"max_hp_gain":0,"max_hp_loss":0,"event_name":"Dead Adventurer","floor":12,"gold_loss":0},{"cards_removed":["Strike_G"],"damage_healed":0,"gold_gain":0,"player_choice":"Gave Gold","damage_taken":0,"max_hp_gain":0,"max_hp_loss":0,"event_name":"Beggar","floor":19,"gold_loss":75},{"damage_healed":0,"gold_gain":0,"player_choice":"Fought Bandits","damage_taken":0,"max_hp_gain":0,"max_hp_loss":0,"event_name":"Masked Bandits","floor":20,"gold_loss":0},{"damage_healed":0,"gold_gain":0,"player_choice":"Shed Blood","damage_taken":21,"max_hp_gain":5,"max_hp_loss":0,"event_name":"Forgotten Altar","floor":21,"gold_loss":0},{"damage_healed":0,"gold_gain":0,"player_choice":"Obtained Relic","damage_taken":0,"relics_obtained":["Prayer Wheel"],"max_hp_gain":0,"max_hp_loss":0,"event_name":"Addict","floor":22,"gold_loss":85},{"damage_healed":0,"gold_gain":0,"player_choice":"Upgraded","damage_taken":0,"max_hp_gain":0,"max_hp_loss":0,"event_name":"Upgrade Shrine","floor":36,"gold_loss":0,"cards_upgraded":["Envenom"]},{"damage_healed":0,"gold_gain":222,"player_choice":"Wore Mask","damage_taken":0,"max_hp_gain":0,"max_hp_loss":0,"event_name":"Tomb of Lord Red Mask","floor":38,"gold_loss":0},{"damage_healed":0,"gold_gain":0,"player_choice":"Gave Potion","damage_taken":0,"relics_obtained":["Orichalcum"],"max_hp_gain":0,"max_hp_loss":0,"event_name":"WeMeetAgain","floor":41,"gold_loss":0}],"is_beta":true,"boss_relics":[{"not_picked":["White Beast Statue","Snecko Eye"],"picked":"WristBlade"},{"not_picked":["Coffee Dripper","Pandora\u0027s Box"],"picked":"Busted Crown"}],"items_purged_floors":[28,46],"is_endless":false,"potions_floor_spawned":[2,5,11,14,16,20,24,31,35,42,44],"ascension_level":15}