{"gold_per_floor":[115,115,115,133,202,202,222,252,252,269,285,33,51,69,69,145,145,158,50,61,74,87,87,114,114,163,212,100,100,115,115,115,115],"floor_reached":33,"playtime":1998,"items_purged":[],"score":498,"play_id":"b120acd9-5c02-489b-a01a-43f931336ef7","local_time":"20190524105818","is_ascension_mode":true,"campfire_choices":[{"data":"Metallicize","floor":6.0,"key":"SMITH"},{"data":"Corruption","floor":15.0,"key":"SMITH"},{"floor":23,"key":"REST"},{"floor":25,"key":"REST"},{"floor":29,"key":"REST"},{"data":"Dark Embrace","floor":32,"key":"SMITH"}],"neow_cost":"TEN_PERCENT_HP_LOSS","seed_source_timestamp":240200323593425,"circlet_count":0,"master_deck":["AscendersBane","Strike_R","Strike_R","Strike_R","Strike_R","Strike_R","Defend_R","Defend_R","Defend_R","Defend_R","Bash","Flex","Metallicize+1","Iron Wave","Corruption+1","Carnage","Pommel Strike","Dark Embrace+1","Armaments+1","Burning Pact+1","Shrug It Off+1","Offering+1","Intimidate+1","Shrug It Off+1","Body Slam","Ghostly Armor+1","Sever Soul","Flex+1","Feel No Pain","Shrug It Off+1","Shrug It Off+1","Disarm+1"],"special_seed":0,"relics":["Burning Blood","Thread and Needle","Lantern","Matryoshka","Orichalcum","Bronze Scales","Toxic Egg 2","White Beast Statue","Dodecahedron","PreservedInsect","Dream Catcher","Omamori"],"potions_floor_usage":[22,33,33],"damage_taken":[{"damage":1.0,"enemies":"Small Slimes","floor":1.0,"turns":4.0},{"damage":0.0,"enemies":"Jaw Worm","floor":4.0,"turns":4.0},{"damage":0.0,"enemies":"Cultist","floor":7.0,"turns":4.0},{"damage":20.0,"enemies":"Gremlin Nob","floor":8.0,"turns":4.0},{"damage":4.0,"enemies":"Red Slaver","floor":10.0,"turns":2.0},{"damage":0.0,"enemies":"Exordium Thugs","floor":11.0,"turns":4.0},{"damage":0.0,"enemies":"2 Fungi Beasts","floor":13.0,"turns":3.0},{"damage":3.0,"enemies":"3 Louse","floor":14.0,"turns":3.0},{"damage":20.0,"enemies":"The Guardian","floor":16.0,"turns":11.0},{"damage":28.0,"enemies":"Spheric Guardian","floor":18.0,"turns":5.0},{"damage":12.0,"enemies":"Shell Parasite","floor":20.0,"turns":6.0},{"damage":10.0,"enemies":"Chosen and Byrds","floor":21.0,"turns":6.0},{"damage":23,"enemies":"Shelled Parasite and Fungi","floor":22,"turns":4},{"damage":0,"enemies":"Snecko","floor":30,"turns":4},{"damage":75,"enemies":"Collector","floor":33,"turns":9}],"seed_played":"1927094838394431219","potions_obtained":[{"floor":1.0,"key":"Energy Potion"},{"floor":4.0,"key":"SteroidPotion"},{"floor":10.0,"key":"Weak Potion"},{"floor":13.0,"key":"Strength Potion"},{"floor":18.0,"key":"Poison Potion"},{"floor":20.0,"key":"PowerPotion"},{"floor":21.0,"key":"Energy Potion"},{"floor":22,"key":"GamblersBrew"},{"floor":31,"key":"PowerPotion"}],"is_trial":false,"path_per_floor":["M","?","?","M","T","R","M","E","T","M","M","$","M","M","R","B",null,"M","$","M","M","M","R","T","R","T","T","$","R","M","?","R","B"],"character_chosen":"IRONCLAD","items_purchased":["Dark Embrace","Armaments+1","Burning Pact+1","Shrug It Off+1","Body Slam","Feel No Pain","Shrug It Off+1"],"campfire_rested":3,"item_purchase_floors":[12,12,12,19,19,28,28],"current_hp_per_floor":[68,57,57,63,63,63,68,54,54,56,62,62,68,68,68,54,65,43,43,37,33,16,36,36,56,56,56,56,68,68,68,68,0],"gold":115,"neow_bonus":"ONE_RARE_RELIC","is_prod":false,"is_daily":false,"chose_seed":false,"campfire_upgraded":3,"win_rate":0,"timestamp":1558684698,"path_taken":["M","?","?","M","?","R","M","E","T","?","M","$","M","M","R","BOSS","M","$","M","M","M","R","?","R","T","?","$","R","M","?","R","BOSS"],"build_version":"2019-01-23","purchased_purges":0,"victory":false,"max_hp_per_floor":[68,68,68,68,68,68,68,68,68,68,68,68,68,68,68,68,68,68,68,68,68,68,68,68,68,68,68,68,68,68,68,68,68],"card_choices":[{"not_picked":["Dropkick","Twin Strike"],"picked":"Flex","floor":1.0},{"not_picked":["Wild Strike","Combust"],"picked":"Metallicize","floor":4.0},{"not_picked":["Dropkick","Anger"],"picked":"Iron Wave","floor":7.0},{"not_picked":["Whirlwind","Wild Strike"],"picked":"Corruption","floor":8.0},{"not_picked":["Clothesline","Headbutt"],"picked":"Carnage","floor":10.0},{"not_picked":["Perfected Strike","Body Slam"],"picked":"Pommel Strike","floor":11.0},{"not_picked":["Twin Strike","Cleave"],"picked":"Shrug It Off+1","floor":13.0},{"not_picked":["Heavy Blade","Fire Breathing","Clothesline"],"picked":"SKIP","floor":14.0},{"not_picked":["Impervious+1","Dark Embrace"],"picked":"Offering+1","floor":16.0},{"not_picked":["Twin Strike","Wild Strike"],"picked":"Intimidate+1","floor":18.0},{"not_picked":["Heavy Blade","Clothesline+1"],"picked":"Ghostly Armor+1","floor":20.0},{"not_picked":["Sword Boomerang","Iron Wave"],"picked":"Sever Soul","floor":21.0},{"not_picked":["Sword Boomerang","Anger"],"picked":"Flex+1","floor":22},{"not_picked":["Twin Strike","Sword Boomerang"],"picked":"Shrug It Off+1","floor":29},{"not_picked":["Perfected Strike","Iron Wave"],"picked":"Disarm+1","floor":30}],"player_experience":1393985,"relics_obtained":[{"floor":5.0,"key":"Matryoshka"},{"floor":8.0,"key":"Orichalcum"},{"floor":9.0,"key":"Bronze Scales"},{"floor":9.0,"key":"Toxic Egg 2"},{"floor":24,"key":"Dodecahedron"},{"floor":24,"key":"PreservedInsect"},{"floor":26,"key":"Dream Catcher"},{"floor":27,"key":"Omamori"}],"event_choices":[{"damage_healed":0.0,"max_hp_gain":0.0,"max_hp_loss":0.0,"gold_gain":0.0,"event_name":"Scrap Ooze","player_choice":"Success","floor":2.0,"gold_loss":0.0,"damage_taken":11.0,"relics_obtained":["Lantern"]},{"damage_healed":0.0,"max_hp_gain":0.0,"max_hp_loss":0.0,"gold_gain":0.0,"event_name":"Golden Wing","player_choice":"Ignored","floor":3.0,"gold_loss":0.0,"damage_taken":0.0},{"damage_healed":0,"gold_gain":0,"player_choice":"Got Potions","damage_taken":0,"max_hp_gain":0,"max_hp_loss":0,"event_name":"Lab","floor":31,"gold_loss":0}],"is_beta":false,"boss_relics":[{"not_picked":["Empty Cage","Busted Crown"],"picked":"White Beast Statue"}],"items_purged_floors":[],"is_endless":false,"potions_floor_spawned":[1,4,10,13,16,18,20,21,22,30],"killed_by":"Collector","ascension_level":18}