{"gold_per_floor":[109,125,72,72,85,85,117,117,117,117,129,57,82,95,95,200,200,167,187,187,201,214,214,214],"floor_reached":24,"playtime":1158,"items_purged":[],"score":302,"play_id":"4e153b9e-1638-4abc-8dca-c145527a7077","local_time":"20190414132619","is_ascension_mode":true,"campfire_choices":[{"data":"Dualcast","floor":6,"key":"SMITH"},{"floor":8,"key":"DIG"},{"floor":10,"key":"REST"},{"floor":15,"key":"REST"},{"floor":23,"key":"DIG"}],"neow_cost":"NONE","seed_source_timestamp":232600147788200,"circlet_count":0,"master_deck":["Strike_B","Strike_B","Strike_B","Defend_B","Defend_B+1","Defend_B","Defend_B","Zap","Dualcast+1","Darkness","Conserve Battery+1","Coolheaded","Capacitor","Ball Lightning","Loop","Leap","Steam","Barrage+1","Sweeping Beam","Cold Snap","Leap+1"],"relics":["Cracked Core","Shovel","Question Card","Pear","Omamori","Cursed Key","War Paint"],"potions_floor_usage":[16,16],"damage_taken":[{"damage":1,"enemies":"2 Louse","floor":1,"turns":3},{"damage":14,"enemies":"Small Slimes","floor":2,"turns":3},{"damage":1,"enemies":"Cultist","floor":5,"turns":3},{"damage":25,"enemies":"Lagavulin","floor":7,"turns":6},{"damage":4,"enemies":"3 Louse","floor":11,"turns":3},{"damage":26,"enemies":"3 Sentries","floor":13,"turns":7},{"damage":11,"enemies":"Red Slaver","floor":14,"turns":4},{"damage":18,"enemies":"The Guardian","floor":16,"turns":13},{"damage":38,"enemies":"2 Thieves","floor":18,"turns":5},{"damage":20,"enemies":"3 Byrds","floor":19,"turns":6},{"damage":8,"enemies":"Centurion and Healer","floor":21,"turns":8},{"damage":30,"enemies":"Snake Plant","floor":22,"turns":5},{"damage":24,"enemies":"Slavers","floor":24,"turns":1}],"seed_played":"7864428174714230558","potions_obtained":[{"floor":0,"key":"AttackPotion"},{"floor":0,"key":"FairyPotion"},{"floor":0,"key":"FocusPotion"},{"floor":21,"key":"SteroidPotion"}],"is_trial":false,"path_per_floor":["M","M","$","?","M","R","E","R","T","R","M","$","E","M","R","B",null,"M","M","?","M","M","R","E"],"character_chosen":"DEFECT","items_purchased":["Coolheaded","Loop"],"campfire_rested":2,"item_purchase_floors":[3,12],"current_hp_per_floor":[67,53,53,46,45,45,20,20,30,55,51,51,25,14,39,21,69,31,11,39,31,1,1,0],"gold":214,"neow_bonus":"THREE_SMALL_POTIONS","is_prod":false,"is_daily":false,"chose_seed":false,"campfire_upgraded":1,"win_rate":0,"timestamp":1555241179,"path_taken":["M","M","$","?","M","R","E","R","T","R","M","$","E","M","R","BOSS","M","M","?","M","M","R","E"],"build_version":"2019-01-23","purchased_purges":0,"victory":false,"max_hp_per_floor":[75,75,75,75,75,75,75,75,85,85,85,85,85,85,85,85,85,85,85,85,85,85,85,85],"card_choices":[{"not_picked":["Static Discharge","Cold Snap"],"picked":"Darkness","floor":1},{"not_picked":["Leap","Reinforced Body"],"picked":"Conserve Battery","floor":2},{"not_picked":["Heatsinks","Coolheaded","Recycle"],"picked":"SKIP","floor":5},{"not_picked":["Cold Snap","Leap"],"picked":"Capacitor","floor":7},{"not_picked":["Undo","Recycle","Compile Driver"],"picked":"Ball Lightning","floor":11},{"not_picked":["Steam","Hologram","Barrage"],"picked":"Leap","floor":13},{"not_picked":["Coolheaded","Compile Driver","Hologram"],"picked":"Steam","floor":14},{"not_picked":["Gash","Ball Lightning","Hello World"],"picked":"Barrage+1","floor":18},{"not_picked":["Melter","Force Field","Hello World"],"picked":"Sweeping Beam","floor":19},{"not_picked":["Go for the Eyes","Ball Lightning","Skim"],"picked":"Cold Snap","floor":21},{"not_picked":["Rainbow","Compile Driver","Coolheaded"],"picked":"Leap+1","floor":22}],"player_experience":445943,"relics_obtained":[{"floor":7,"key":"Shovel"},{"floor":8,"key":"Question Card"},{"floor":9,"key":"Pear"},{"floor":13,"key":"Omamori"},{"floor":23,"key":"War Paint"}],"event_choices":[{"cards_removed":["Strike_B"],"damage_healed":0,"gold_gain":0,"player_choice":"Card Removal","damage_taken":7,"max_hp_gain":0,"max_hp_loss":0,"event_name":"Golden Wing","floor":4,"gold_loss":0},{"damage_healed":28,"gold_gain":0,"player_choice":"Heal","damage_taken":0,"max_hp_gain":0,"max_hp_loss":0,"event_name":"The Library","floor":20,"gold_loss":0}],"is_beta":false,"boss_relics":[{"not_picked":["White Beast Statue","Nuclear Battery"],"picked":"Cursed Key"}],"items_purged_floors":[],"is_endless":false,"potions_floor_spawned":[1,2,11,14,21],"killed_by":"Slavers","ascension_level":9}