{"gold_per_floor":[110,124,124,137,67,99,159,159,159,171,196,196,146,165,165,265,265,276,0,17,17,35,35,9,42,42,74,88,102,102,102,102,201,201,219,229,229,229,239,264,264,264,264,33,52,52,52,66,66,66,66,66,18,47,47],"floor_reached":55,"playtime":2703,"items_purged":["Defend_B"],"score":1219,"play_id":"3cb67374-3f45-425c-9cb6-81d6e1d4d053","local_time":"20190513224418","is_ascension_mode":true,"campfire_choices":[{"data":"Defragment","floor":8,"key":"SMITH"},{"data":"Coolheaded","floor":12,"key":"SMITH"},{"data":"Leap","floor":15,"key":"SMITH"},{"data":"Storm","floor":23,"key":"SMITH"},{"data":"Biased Cognition","floor":30,"key":"SMITH"},{"data":"Leap","floor":32,"key":"SMITH"},{"floor":42,"key":"RECALL"},{"floor":46,"key":"REST"},{"data":"Defend_B","floor":49,"key":"SMITH"},{"data":"Defend_B","floor":52,"key":"SMITH"}],"neow_cost":"NONE","seed_source_timestamp":1477208236107812,"circlet_count":0,"master_deck":["AscendersBane","Defend_B","Defend_B+1","Defend_B+1","Zap+1","Dualcast","Ball Lightning","Glacier+1","Ball Lightning","Defragment+1","BootSequence+1","Coolheaded+1","Leap+1","Biased Cognition+1","Auto Shields+1","Loop+1","Storm+1","Barrage+1","Capacitor+1","Leap+1","Reinforced Body+1","Electrodynamics","Go for the Eyes+1","Machine Learning","Parasite","Stack+1","Steam+1"],"relics":["Cracked Core","Calipers","Orichalcum","Mango","Bird Faced Urn","Astrolabe","Runic Capacitor","DataDisk","Torii","Centennial Puzzle","Velvet Choker","War Paint","Bag of Preparation","Happy Flower"],"potions_floor_usage":[7,27,50,55,55],"damage_taken":[{"damage":1,"enemies":"Cultist","floor":1,"turns":4},{"damage":4,"enemies":"Jaw Worm","floor":2,"turns":3},{"damage":3,"enemies":"2 Louse","floor":4,"turns":2},{"damage":11,"enemies":"Lagavulin","floor":6,"turns":6},{"damage":1,"enemies":"3 Sentries","floor":7,"turns":6},{"damage":0,"enemies":"Blue Slaver","floor":10,"turns":2},{"damage":27,"enemies":"Gremlin Nob","floor":11,"turns":4},{"damage":2,"enemies":"Exordium Thugs","floor":14,"turns":4},{"damage":19,"enemies":"Hexaghost","floor":16,"turns":12},{"damage":0,"enemies":"Chosen","floor":18,"turns":4},{"damage":0,"enemies":"3 Byrds","floor":20,"turns":4},{"damage":0,"enemies":"Snake Plant","floor":22,"turns":3},{"damage":25,"enemies":"Slavers","floor":25,"turns":5},{"damage":0,"enemies":"Book of Stabbing","floor":27,"turns":4},{"damage":6,"enemies":"3 Cultists","floor":28,"turns":4},{"damage":18,"enemies":"Snecko","floor":29,"turns":4},{"damage":0,"enemies":"Champ","floor":33,"turns":11},{"damage":0,"enemies":"Orb Walker","floor":35,"turns":3},{"damage":18,"enemies":"3 Darklings","floor":36,"turns":3},{"damage":1,"enemies":"Sphere and 2 Shapes","floor":39,"turns":3},{"damage":1,"enemies":"Giant Head","floor":40,"turns":8},{"damage":55,"enemies":"Writhing Mass","floor":45,"turns":5},{"damage":0,"enemies":"Transient","floor":48,"turns":5},{"damage":1,"enemies":"Donu and Deca","floor":50,"turns":6},{"damage":35,"enemies":"Shield and Spear","floor":54,"turns":7},{"damage":89,"enemies":"The Heart","floor":55,"turns":5}],"seed_played":"2326228138772529241","potions_obtained":[{"floor":2,"key":"Block Potion"},{"floor":11,"key":"Swift Potion"},{"floor":14,"key":"SteroidPotion"},{"floor":27,"key":"Energy Potion"},{"floor":35,"key":"Ancient Potion"}],"is_trial":false,"path_per_floor":["M","M","?","M","$","E","?","R","T","M","E","R","?","M","R","B",null,"M","$","M","?","M","R","$","E","T","E","M","M","R","?","R","B",null,"M","M","?","?","M","E","?","R","T","$","M","R","$","M","R","B",null,"R","$","E","B"],"character_chosen":"DEFECT","items_purchased":["Defragment","Runic Capacitor","Storm","Leap","Bag of Preparation","Dexterity Potion"],"campfire_rested":1,"item_purchase_floors":[5,19,19,24,44,53],"current_hp_per_floor":[74,70,70,67,67,56,55,55,69,69,42,42,42,42,42,25,78,84,84,88,88,94,94,94,75,75,81,85,79,79,79,79,91,95,96,86,86,86,91,91,91,91,91,91,40,67,67,81,81,91,91,91,91,64,0],"gold":47,"neow_bonus":"TEN_PERCENT_HP_BONUS","is_prod":false,"is_daily":false,"chose_seed":false,"campfire_upgraded":8,"win_rate":0,"timestamp":1557780258,"path_taken":["M","M","?","M","$","E","?","R","T","M","E","R","?","M","R","BOSS","M","$","M","?","M","R","?","E","T","E","M","?","R","?","R","BOSS","M","M","?","?","M","E","?","R","T","$","?","R","$","M","R","BOSS","R","$","E","BOSS"],"build_version":"2019-01-23","purchased_purges":1,"victory":false,"max_hp_per_floor":[82,82,82,82,82,82,82,82,96,96,96,96,96,96,96,96,96,96,96,96,96,96,96,96,96,96,96,96,96,96,96,96,96,96,96,96,96,91,91,91,91,91,91,91,91,91,91,91,91,91,91,91,91,91,91],"card_choices":[{"not_picked":["Go for the Eyes","Redo"],"picked":"Ball Lightning","floor":1},{"not_picked":["Cold Snap","Sweeping Beam"],"picked":"Glacier","floor":2},{"not_picked":["Streamline","Stack"],"picked":"Ball Lightning","floor":4},{"not_picked":["Leap","Go for the Eyes"],"picked":"BootSequence","floor":6},{"not_picked":["Gash","Melter"],"picked":"Coolheaded","floor":10},{"not_picked":["Chaos","Rebound","Redo"],"picked":"SKIP","floor":11},{"not_picked":["Rip and Tear","Aggregate"],"picked":"Leap","floor":14},{"not_picked":["Rainbow","Multi-Cast"],"picked":"Biased Cognition","floor":16},{"not_picked":["Conserve Battery","Hello World","Rebound+1"],"picked":"SKIP","floor":18},{"not_picked":["Redo","BootSequence"],"picked":"Barrage+1","floor":20},{"not_picked":["Beam Cell+1","Coolheaded"],"picked":"Capacitor+1","floor":22},{"not_picked":["Barrage+1","Cold Snap"],"picked":"Reinforced Body+1","floor":25},{"not_picked":["Chaos","Sweeping Beam"],"picked":"Electrodynamics","floor":27},{"not_picked":["Go for the Eyes+1","Barrage","Blizzard"],"picked":"SKIP","floor":28},{"not_picked":["Darkness","Doom and Gloom+1"],"picked":"Go for the Eyes+1","floor":29},{"not_picked":["Stack","Redo+1","Blizzard"],"picked":"SKIP","floor":35},{"not_picked":["Gash","Aggregate+1","Redo+1"],"picked":"SKIP","floor":36},{"not_picked":["Auto Shields+1","Consume+1","Go for the Eyes"],"picked":"SKIP","floor":39},{"not_picked":["Streamline","Coolheaded"],"picked":"Machine Learning","floor":40},{"not_picked":["Ball Lightning","Melter+1"],"picked":"Stack+1","floor":45},{"not_picked":["Leap+1","Conserve Battery+1","Steam"],"picked":"SKIP","floor":48},{"not_picked":["Darkness","Sweeping Beam"],"picked":"Steam+1","floor":54}],"player_experience":584709,"relics_obtained":[{"floor":6,"key":"Calipers"},{"floor":9,"key":"Mango"},{"floor":11,"key":"Bird Faced Urn"},{"floor":25,"key":"DataDisk"},{"floor":26,"key":"Torii"},{"floor":27,"key":"Centennial Puzzle"},{"floor":40,"key":"War Paint"},{"floor":54,"key":"Happy Flower"}],"event_choices":[{"damage_healed":0,"gold_gain":0,"player_choice":"Grow","damage_taken":0,"max_hp_gain":0,"max_hp_loss":0,"event_name":"Living Wall","floor":3,"gold_loss":0,"cards_upgraded":["Zap"]},{"damage_healed":0,"gold_gain":30,"player_choice":"Searched \u00273\u0027 times","damage_taken":0,"relics_obtained":["Orichalcum"],"max_hp_gain":0,"max_hp_loss":0,"event_name":"Dead Adventurer","floor":7,"gold_loss":0},{"cards_removed":["Strike_B"],"damage_healed":0,"gold_gain":0,"player_choice":"Card Removal","damage_taken":0,"max_hp_gain":0,"max_hp_loss":0,"event_name":"The Cleric","floor":13,"gold_loss":50},{"damage_healed":0,"gold_gain":0,"player_choice":"0 cards matched","damage_taken":0,"max_hp_gain":0,"max_hp_loss":0,"event_name":"Match and Keep!","floor":21,"gold_loss":0,"cards_obtained":[]},{"damage_healed":0,"gold_gain":0,"player_choice":"Ignored","damage_taken":0,"max_hp_gain":0,"max_hp_loss":0,"event_name":"Vampires","floor":31,"gold_loss":0},{"cards_removed":["Blizzard"],"damage_healed":0,"gold_gain":0,"player_choice":"Removed Attack","damage_taken":0,"max_hp_gain":0,"max_hp_loss":0,"event_name":"Falling","floor":37,"gold_loss":0},{"damage_healed":0,"gold_gain":0,"player_choice":"Max HP","damage_taken":0,"max_hp_gain":0,"max_hp_loss":5,"event_name":"Winding Halls","floor":38,"gold_loss":0},{"damage_healed":0,"gold_gain":0,"player_choice":"Got Potions","damage_taken":0,"max_hp_gain":0,"max_hp_loss":0,"event_name":"Lab","floor":41,"gold_loss":0}],"is_beta":false,"boss_relics":[{"not_picked":["Runic Dome","Lizard Tail"],"picked":"Astrolabe"},{"not_picked":["Philosopher\u0027s Stone","Eternal Feather"],"picked":"Velvet Choker"}],"items_purged_floors":[44],"is_endless":false,"potions_floor_spawned":[2,11,14,27,28,29,35,39,45],"killed_by":"The Heart","ascension_level":11}