{"gold_per_floor":[114,126,126,146,161,196,215,242,242,259,334,352,352,377,377,452,452,469,469,71,121,141,141,168,168,221,146,146,180,360,372,372,448,448,466,466,466,477,497,497,47,74,74,87,102,102,137,156,156,156,156,156,156,50,81,81],"floor_reached":57,"playtime":3161,"items_purged":["Defend_B","Strike_B","Decay"],"score":2919,"play_id":"0e3a006b-9a74-49d2-b904-ff0afadb1aaf","local_time":"20190508013024","is_ascension_mode":true,"campfire_choices":[{"data":"Beam Cell","floor":13.0,"key":"SMITH"},{"data":"Echo Form","floor":15.0,"key":"SMITH"},{"data":"Apotheosis","floor":23.0,"key":"SMITH"},{"data":"Reboot","floor":25.0,"key":"SMITH"},{"floor":32.0,"key":"REST"},{"floor":40.0,"key":"RECALL"},{"data":"Heatsinks","floor":46.0,"key":"SMITH"},{"data":"Loop","floor":49.0,"key":"SMITH"},{"data":"Master of Strategy","floor":53.0,"key":"SMITH"}],"neow_cost":"NONE","seed_source_timestamp":196791647476200,"circlet_count":0,"master_deck":["AscendersBane","Defend_B","Defend_B","Zap+1","Dualcast","Streamline","Chill","Rip and Tear","Beam Cell+1","FTL","Cold Snap","Conserve Battery","Self Repair","Echo Form+1","All For One","Steam+1","Leap","Steam","Gash","Apotheosis+1","Reboot+1","Turbo+1","Hologram","Redo","Defragment","Reboot","Master of Strategy+1","Flash of Steel","Loop+1","Recycle","Heatsinks+1","Dark Shackles","Gash","Defragment+1","Heatsinks+1","BootSequence"],"special_seed":0,"relics":["Cracked Core","Smiling Mask","Meat on the Bone","Kunai","Incense Burner","Cursed Key","Gremlin Horn","DataDisk","Shuriken","Runic Pyramid","TheAbacus","Bag of Preparation","Ancient Tea Set","Art of War"],"potions_floor_usage":[56],"damage_taken":[{"damage":7.0,"enemies":"Small Slimes","floor":1.0,"turns":3.0},{"damage":3.0,"enemies":"2 Louse","floor":2.0,"turns":2.0},{"damage":0.0,"enemies":"Jaw Worm","floor":4.0,"turns":3.0},{"damage":6.0,"enemies":"Looter","floor":5.0,"turns":2.0},{"damage":4.0,"enemies":"3 Sentries","floor":6.0,"turns":9.0},{"damage":0.0,"enemies":"2 Fungi Beasts","floor":7.0,"turns":2.0},{"damage":23.0,"enemies":"Lagavulin","floor":8.0,"turns":4.0},{"damage":5.0,"enemies":"Exordium Thugs","floor":10.0,"turns":3.0},{"damage":8.0,"enemies":"Exordium Wildlife","floor":12.0,"turns":4.0},{"damage":4.0,"enemies":"Gremlin Nob","floor":14.0,"turns":3.0},{"damage":6.0,"enemies":"The Guardian","floor":16.0,"turns":11.0},{"damage":6.0,"enemies":"3 Byrds","floor":18.0,"turns":5.0},{"damage":12.0,"enemies":"Chosen","floor":22.0,"turns":4.0},{"damage":46.0,"enemies":"Book of Stabbing","floor":24.0,"turns":6.0},{"damage":0.0,"enemies":"Slavers","floor":29.0,"turns":8.0},{"damage":28.0,"enemies":"Snake Plant","floor":31.0,"turns":4.0},{"damage":20.0,"enemies":"Collector","floor":33.0,"turns":8.0},{"damage":5.0,"enemies":"3 Shapes","floor":35.0,"turns":4.0},{"damage":0.0,"enemies":"3 Darklings","floor":38.0,"turns":7.0},{"damage":0.0,"enemies":"Spire Growth","floor":39.0,"turns":6.0},{"damage":22.0,"enemies":"Reptomancer","floor":42.0,"turns":6.0},{"damage":6.0,"enemies":"Jaw Worm Horde","floor":44.0,"turns":7.0},{"damage":8.0,"enemies":"3 Darklings","floor":45.0,"turns":6.0},{"damage":15.0,"enemies":"Giant Head","floor":47.0,"turns":6.0},{"damage":0.0,"enemies":"Writhing Mass","floor":48.0,"turns":6.0},{"damage":0.0,"enemies":"Donu and Deca","floor":50.0,"turns":12.0},{"damage":16.0,"enemies":"Awakened One","floor":51.0,"turns":7.0},{"damage":8.0,"enemies":"Shield and Spear","floor":55.0,"turns":11.0},{"damage":42,"enemies":"The Heart","floor":56,"turns":10}],"seed_played":"-788493480490607093","potions_obtained":[{"floor":5.0,"key":"AttackPotion"},{"floor":8.0,"key":"Ancient Potion"},{"floor":10.0,"key":"Block Potion"},{"floor":16.0,"key":"SteroidPotion"},{"floor":24.0,"key":"FocusPotion"},{"floor":33.0,"key":"Energy Potion"},{"floor":42.0,"key":"SteroidPotion"},{"floor":55.0,"key":"SteroidPotion"}],"is_trial":false,"path_per_floor":["M","M","?","M","M","E","M","E","T","M","?","M","R","E","R","B",null,"M","?","$","?","M","R","E","R","T","?","?","E","?","M","R","B",null,"M","?","?","M","M","R","$","E","T","M","M","R","E","M","R","B","B",null,"R","$","E","B",null],"character_chosen":"DEFECT","items_purchased":["Gash","Apotheosis","Reboot","TheAbacus","Heatsinks","Dark Shackles","Dexterity Potion"],"campfire_rested":1,"item_purchase_floors":[20,20,20,41,41,41,54],"current_hp_per_floor":[57,54,54,54,48,44,44,21,21,28,17,21,21,29,29,42,64,71,71,71,71,69,69,45,45,45,45,45,55,34,28,49,51,66,71,71,61,71,71,71,71,69,69,71,71,71,71,71,71,71,71,71,71,71,71,51],"gold":81,"neow_bonus":"UPGRADE_CARD","is_prod":false,"is_daily":false,"chose_seed":false,"campfire_upgraded":7,"win_rate":0,"timestamp":1557246624,"path_taken":["M","M","?","M","M","E","M","E","T","M","?","M","R","E","R","BOSS","M","?","$","?","M","R","E","R","T","?","?","E","?","M","R","BOSS","M","?","?","M","?","R","$","E","T","M","M","R","E","M","R","BOSS","BOSS","R","$","E","BOSS"],"build_version":"2019-01-23","purchased_purges":3,"victory":true,"max_hp_per_floor":[71,71,71,71,71,71,71,71,71,71,71,71,71,71,71,71,71,71,71,71,71,71,71,71,71,71,71,71,71,71,71,71,71,71,71,71,71,71,71,71,71,71,71,71,71,71,71,71,71,71,71,71,71,71,71,71],"card_choices":[{"not_picked":["Cold Snap","Redo"],"picked":"Streamline","floor":1.0},{"not_picked":["Leap","Stack"],"picked":"Chill","floor":2.0},{"not_picked":["Lockon","Static Discharge"],"picked":"Beam Cell","floor":4.0},{"not_picked":["Conserve Battery","Redo"],"picked":"FTL","floor":5.0},{"not_picked":["Blizzard","Streamline","Turbo"],"picked":"SKIP","floor":6.0},{"not_picked":["Compile Driver","Double Energy"],"picked":"Cold Snap","floor":7.0},{"not_picked":["Heatsinks","Steam","Streamline"],"picked":"SKIP","floor":8.0},{"not_picked":["Glacier","Double Energy"],"picked":"Conserve Battery","floor":10.0},{"not_picked":["Stack","Conserve Battery"],"picked":"Self Repair","floor":12.0},{"not_picked":["Thunder Strike","Reinforced Body"],"picked":"Echo Form","floor":14.0},{"not_picked":["Seek","Biased Cognition"],"picked":"All For One","floor":16.0},{"not_picked":["Gash","Blizzard"],"picked":"Steam+1","floor":18.0},{"not_picked":["Tempest","Stack","Streamline"],"picked":"SKIP","floor":22.0},{"not_picked":["Tempest","Stack","Streamline"],"picked":"SKIP","floor":22.0},{"not_picked":["Biased Cognition","Aggregate"],"picked":"Turbo+1","floor":24.0},{"not_picked":["Coolheaded","Force Field"],"picked":"Redo","floor":29.0},{"not_picked":["Steam","Aggregate"],"picked":"Defragment","floor":31.0},{"not_picked":["Thunder Strike","Biased Cognition"],"picked":"Reboot","floor":33.0},{"not_picked":["Tempest","Blizzard","Sweeping Beam"],"picked":"SKIP","floor":35.0},{"not_picked":["Dark Shackles","Mind Blast"],"picked":"Master of Strategy","floor":37.0},{"not_picked":["Deep Breath","Violence"],"picked":"Flash of Steel","floor":37.0},{"not_picked":["Barrage","Streamline"],"picked":"Loop","floor":38.0},{"not_picked":["Reinforced Body","Coolheaded"],"picked":"Recycle","floor":39.0},{"not_picked":["Melter+1","Turbo"],"picked":"Gash","floor":42.0},{"not_picked":["Gash","Streamline+1"],"picked":"Defragment+1","floor":44.0},{"not_picked":["Stack","Undo","Ball Lightning"],"picked":"SKIP","floor":45.0},{"not_picked":["Sweeping Beam","Hello World+1","White Noise"],"picked":"SKIP","floor":47.0},{"not_picked":["Rebound","Gash"],"picked":"Heatsinks+1","floor":48.0},{"not_picked":["Gash","Tempest+1"],"picked":"BootSequence","floor":55.0}],"player_experience":4940094,"relics_obtained":[{"floor":6.0,"key":"Smiling Mask"},{"floor":8.0,"key":"Meat on the Bone"},{"floor":9.0,"key":"Kunai"},{"floor":14.0,"key":"Incense Burner"},{"floor":24.0,"key":"Gremlin Horn"},{"floor":26.0,"key":"DataDisk"},{"floor":29.0,"key":"Shuriken"},{"floor":42.0,"key":"Bag of Preparation"},{"floor":47.0,"key":"Ancient Tea Set"},{"floor":55.0,"key":"Art of War"}],"event_choices":[{"damage_healed":0.0,"max_hp_gain":0.0,"max_hp_loss":0.0,"gold_gain":0.0,"cards_transformed":["Strike_B"],"event_name":"Living Wall","player_choice":"Change","floor":3.0,"gold_loss":0.0,"damage_taken":0.0,"cards_obtained":["Rip and Tear"]},{"damage_healed":0.0,"max_hp_gain":0.0,"max_hp_loss":0.0,"gold_gain":75.0,"event_name":"World of Goop","player_choice":"Gather Gold","floor":11.0,"gold_loss":0.0,"damage_taken":11.0},{"damage_healed":0.0,"max_hp_gain":0.0,"max_hp_loss":0.0,"gold_gain":0.0,"cards_transformed":["Strike_B","Defend_B"],"event_name":"Drug Dealer","player_choice":"Became Test Subject","floor":19.0,"gold_loss":0.0,"damage_taken":0.0,"cards_obtained":["Leap","Steam"]},{"damage_healed":0.0,"max_hp_gain":0.0,"max_hp_loss":0.0,"gold_gain":50.0,"event_name":"Nest","player_choice":"Stole From Cult","floor":21.0,"gold_loss":0.0,"damage_taken":0.0},{"cards_removed":["Writhe"],"damage_healed":0.0,"max_hp_gain":0.0,"max_hp_loss":0.0,"gold_gain":0.0,"event_name":"Beggar","player_choice":"Gave Gold","floor":27.0,"gold_loss":75.0,"damage_taken":0.0},{"damage_healed":0.0,"max_hp_gain":0.0,"max_hp_loss":0.0,"gold_gain":0.0,"event_name":"The Library","player_choice":"Read","floor":28.0,"gold_loss":0.0,"damage_taken":0.0,"cards_obtained":["Hologram"]},{"damage_healed":0.0,"max_hp_gain":0.0,"max_hp_loss":0.0,"gold_gain":180.0,"event_name":"Knowing Skull","player_choice":"GOLD GOLD ","floor":30.0,"potions_obtained":[],"gold_loss":0.0,"damage_taken":21.0,"cards_obtained":[]},{"cards_removed":["Strike_B"],"damage_healed":0.0,"max_hp_gain":0.0,"max_hp_loss":0.0,"gold_gain":0.0,"event_name":"Falling","player_choice":"Removed Attack","floor":36.0,"gold_loss":0.0,"damage_taken":0.0},{"damage_healed":0.0,"max_hp_gain":0.0,"max_hp_loss":0.0,"gold_gain":0.0,"event_name":"SensoryStone","player_choice":"Memory 3","floor":37.0,"gold_loss":0.0,"damage_taken":10.0}],"is_beta":false,"boss_relics":[{"not_picked":["Busted Crown","Eternal Feather"],"picked":"Cursed Key"},{"not_picked":["Black Star","Calling Bell"],"picked":"Runic Pyramid"}],"items_purged_floors":[20,41,54],"is_endless":false,"potions_floor_spawned":[5,8,10,14,16,24,33,42,44,45,47,55],"ascension_level":20}