{"gold_per_floor":[112,62,77,2,77,103,103,127,153,153,153,153,165,198,198,295,295,315,22,0,0,14,14,41,41,65,98,98,98,115,56,56,56],"floor_reached":33,"playtime":1656,"items_purged":["Strike_R"],"score":406,"play_id":"6a79085d-2fdc-44f3-8900-44dcffd43397","local_time":"20190115214626","is_ascension_mode":true,"campfire_choices":[{"data":"Bash","floor":7.0,"key":"SMITH"},{"data":"True Grit","floor":10.0,"key":"SMITH"},{"data":"Flex","floor":12.0,"key":"SMITH"},{"data":"Sword Boomerang","floor":15,"key":"SMITH"},{"floor":23,"key":"REST"},{"floor":25,"key":"REST"},{"floor":29,"key":"REST"},{"floor":32,"key":"REST"}],"neow_cost":"NONE","seed_source_timestamp":455995843937992,"circlet_count":0,"master_deck":["Strike_R","Strike_R","Defend_R","Defend_R","Defend_R","Bash+1","Flex+1","True Grit+1","Seeing Red","Seeing Red","Twin Strike","Sword Boomerang+1","Immolate","Flame Barrier+1","Rage","Anger+1","Burning Pact","Power Through","Disarm"],"special_seed":0,"relics":["Burning Blood","NeowsBlessing","Bird Faced Urn","Odd Mushroom","Bronze Scales","Du-Vu Doll","White Beast Statue","Matryoshka","Potion Belt","Boot","Juzu Bracelet","The Courier"],"potions_floor_usage":[14,22,24,24,27,33,33],"damage_taken":[{"damage":0.0,"enemies":"Small Slimes","floor":1.0,"turns":1.0},{"damage":0.0,"enemies":"2 Louse","floor":3.0,"turns":1.0},{"damage":0.0,"enemies":"Lagavulin","floor":6.0,"turns":1.0},{"damage":25.0,"enemies":"The Mushroom Lair","floor":8.0,"turns":5.0},{"damage":0.0,"enemies":"Cultist","floor":13.0,"turns":3.0},{"damage":25,"enemies":"3 Sentries","floor":14,"turns":8},{"damage":29,"enemies":"Hexaghost","floor":16,"turns":7},{"damage":25,"enemies":"Shell Parasite","floor":18,"turns":4},{"damage":7,"enemies":"Spheric Guardian","floor":22,"turns":4},{"damage":45,"enemies":"Slavers","floor":24,"turns":4},{"damage":39,"enemies":"Book of Stabbing","floor":27,"turns":4},{"damage":35,"enemies":"Cultist and Chosen","floor":30,"turns":6},{"damage":44,"enemies":"Collector","floor":33,"turns":6}],"seed_played":"-7232372399508041044","potions_obtained":[{"floor":3.0,"key":"Poison Potion"},{"floor":13.0,"key":"Swift Potion"},{"floor":18,"key":"Poison Potion"},{"floor":22,"key":"Poison Potion"},{"floor":24,"key":"Strength Potion"},{"floor":27,"key":"Strength Potion"},{"floor":30,"key":"Fire Potion"}],"is_trial":false,"path_per_floor":["M","?","M","$","?","E","R","?","T","R","?","R","M","E","R","B",null,"M","$","?","?","M","R","E","R","T","E","?","R","M","$","R","B"],"character_chosen":"IRONCLAD","items_purchased":["Matryoshka","Swift Potion","Disarm"],"campfire_rested":4,"item_purchase_floors":[19,19,31],"current_hp_per_floor":[78,78,80,80,69,75,75,56,56,56,56,56,62,43,43,20,65,46,46,46,46,45,69,30,54,54,21,21,45,16,16,40,0],"gold":56,"neow_bonus":"THREE_ENEMY_KILL","is_prod":false,"is_daily":false,"chose_seed":false,"campfire_upgraded":4,"win_rate":0,"timestamp":1547556386,"path_taken":["M","?","M","$","?","E","R","?","T","R","?","R","M","E","R","BOSS","M","?","?","?","M","R","E","R","T","E","?","R","M","?","R","BOSS"],"build_version":"2019-01-10","purchased_purges":1,"victory":false,"max_hp_per_floor":[80,80,80,80,80,80,80,80,80,80,80,80,80,80,80,80,80,80,80,80,80,80,80,80,80,80,80,80,80,80,80,80,80],"card_choices":[{"not_picked":["Disarm","Second Wind"],"picked":"Flex","floor":1.0},{"not_picked":["Warcry","Carnage"],"picked":"True Grit","floor":3.0},{"not_picked":["Ghostly Armor","Flame Barrier"],"picked":"Seeing Red","floor":6.0},{"not_picked":["Anger","Sentinel"],"picked":"Seeing Red","floor":8.0},{"not_picked":["Thunderclap","Fire Breathing"],"picked":"Twin Strike","floor":13.0},{"not_picked":["Clothesline","Thunderclap"],"picked":"Sword Boomerang","floor":14},{"not_picked":["Dark Embrace","Juggernaut"],"picked":"Immolate","floor":16},{"not_picked":["Combust","Twin Strike"],"picked":"Flame Barrier+1","floor":18},{"not_picked":["Twin Strike","Bloodletting","Perfected Strike"],"picked":"SKIP","floor":22},{"not_picked":["Hemokinesis+1","Twin Strike"],"picked":"Rage","floor":24},{"not_picked":["Pommel Strike","Warcry"],"picked":"Anger+1","floor":27},{"not_picked":["Heavy Blade","Spot Weakness"],"picked":"Power Through","floor":30}],"player_experience":373778,"relics_obtained":[{"floor":6.0,"key":"Bird Faced Urn"},{"floor":8.0,"key":"Odd Mushroom"},{"floor":9.0,"key":"Bronze Scales"},{"floor":14,"key":"Du-Vu Doll"},{"floor":24,"key":"Potion Belt"},{"floor":26,"key":"Boot"},{"floor":26,"key":"Juzu Bracelet"},{"floor":27,"key":"The Courier"}],"event_choices":[{"cards_removed":["Strike_R"],"damage_healed":0.0,"max_hp_gain":0.0,"max_hp_loss":0.0,"gold_gain":0.0,"event_name":"The Cleric","player_choice":"Card Removal","floor":2.0,"gold_loss":50.0,"damage_taken":0.0},{"damage_healed":0.0,"max_hp_gain":0.0,"max_hp_loss":0.0,"gold_gain":75.0,"event_name":"World of Goop","player_choice":"Gather Gold","floor":5.0,"gold_loss":0.0,"damage_taken":11.0},{"damage_healed":0.0,"max_hp_gain":0.0,"max_hp_loss":0.0,"gold_gain":0.0,"event_name":"Mushrooms","player_choice":"Fought Mushrooms","floor":8.0,"gold_loss":0.0,"damage_taken":0.0},{"cards_removed":["Defend_R"],"damage_healed":0.0,"max_hp_gain":0.0,"max_hp_loss":0.0,"gold_gain":0.0,"event_name":"Purifier","player_choice":"Purged","floor":11.0,"gold_loss":0.0,"damage_taken":0.0},{"damage_healed":0,"gold_gain":0,"player_choice":"Paid Fearfully","damage_taken":0,"max_hp_gain":0,"max_hp_loss":0,"event_name":"Masked Bandits","floor":20,"gold_loss":22},{"damage_healed":0,"gold_gain":0,"cards_transformed":["Strike_R"],"player_choice":"Transformed","damage_taken":0,"max_hp_gain":0,"max_hp_loss":0,"event_name":"Transmorgrifier","floor":28,"gold_loss":0,"cards_obtained":["Burning Pact"]}],"is_beta":false,"boss_relics":[{"not_picked":["Runic Cube","Lizard Tail"],"picked":"White Beast Statue"}],"items_purged_floors":[4],"is_endless":false,"potions_floor_spawned":[3,13,18,22,24,27,30],"killed_by":"Collector","ascension_level":6}