{"gold_per_floor":[15,25,40,40,59,59,59,59,130,130],"floor_reached":10,"playtime":460,"items_purged":[],"score":107,"play_id":"dc68a804-1de6-4ab2-9f87-da39a31ff793","local_time":"20190513144251","is_ascension_mode":true,"campfire_choices":[{"data":"Footwork","floor":6,"key":"SMITH"},{"floor":8,"key":"REST"}],"neow_cost":"NO_GOLD","seed_source_timestamp":1461305164351139,"circlet_count":0,"master_deck":["AscendersBane","Defend_G","Defend_G","Defend_G","Defend_G","Defend_G","Strike_G","Strike_G","Strike_G","Strike_G","Strike_G","Survivor+1","Neutralize","Dagger Spray","Blur+1","PiercingWail","Footwork+1"],"relics":["Ring of the Snake","Peace Pipe","Sundial"],"potions_floor_usage":[10],"damage_taken":[{"damage":1,"enemies":"2 Louse","floor":1,"turns":3},{"damage":8,"enemies":"Small Slimes","floor":2,"turns":4},{"damage":1,"enemies":"Cultist","floor":3,"turns":4},{"damage":7,"enemies":"Lots of Slimes","floor":5,"turns":5},{"damage":57,"enemies":"Lagavulin","floor":10,"turns":22}],"seed_played":"112800262035870437","potions_obtained":[{"floor":5,"key":"GhostInAJar"}],"is_trial":false,"path_per_floor":["M","M","M","?","M","R","?","R","T","E"],"character_chosen":"THE_SILENT","items_purchased":[],"campfire_rested":1,"item_purchase_floors":[],"current_hp_per_floor":[58,50,49,29,22,22,22,41,41,0],"gold":130,"neow_bonus":"ONE_RARE_RELIC","is_prod":false,"is_daily":false,"chose_seed":false,"campfire_upgraded":1,"win_rate":0,"timestamp":1557726171,"path_taken":["M","M","M","?","M","R","?","R","T","E"],"build_version":"2019-05-07","purchased_purges":0,"victory":false,"max_hp_per_floor":[66,66,66,66,66,66,66,66,66,66],"card_choices":[{"not_picked":["Poisoned Stab","Deflect"],"picked":"Dagger Spray","floor":1},{"not_picked":["Dagger Spray","Cloak And Dagger"],"picked":"Blur","floor":2},{"not_picked":["Dagger Spray","Accuracy"],"picked":"PiercingWail","floor":3},{"not_picked":["PiercingWail","Prepared"],"picked":"Footwork","floor":5}],"player_experience":3224225,"relics_obtained":[{"floor":9,"key":"Sundial"}],"event_choices":[{"damage_healed":0,"gold_gain":0,"player_choice":"Entered Light","damage_taken":20,"max_hp_gain":0,"max_hp_loss":0,"event_name":"Shining Light","floor":4,"gold_loss":0,"cards_upgraded":["Survivor","Blur"]},{"damage_healed":0,"gold_gain":0,"player_choice":"Fled","damage_taken":0,"max_hp_gain":0,"max_hp_loss":0,"event_name":"Scrap Ooze","floor":7,"gold_loss":0}],"is_beta":true,"boss_relics":[],"items_purged_floors":[],"is_endless":false,"potions_floor_spawned":[5],"killed_by":"Lagavulin","ascension_level":17}