{"gold_per_floor":[116,132,97,109,109,141,157,157,157,157,168,182,182,182,182,287,337,357,8,21,0,0,0],"floor_reached":23,"playtime":1135,"items_purged":[],"score":266,"play_id":"7430e128-d351-436f-9c63-8b32753836ba","local_time":"20181118185039","is_ascension_mode":false,"campfire_choices":[{"floor":8,"key":"REST"},{"data":"Blur","floor":10,"key":"SMITH"},{"data":"Backstab","floor":15,"key":"SMITH"}],"neow_cost":"NONE","seed_source_timestamp":333631704649616,"circlet_count":0,"master_deck":["Defend_G","Defend_G","Defend_G+1","Defend_G","Defend_G+1","Strike_G","Strike_G","Strike_G","Strike_G","Survivor","Neutralize","Bane","Cloak And Dagger","Deadly Poison+1","Blur+1","Bouncing Flask","Poisoned Stab","Backstab+1","Storm of Steel","Dash","Deflect","Noxious Fumes","PiercingWail","Prepared+1"],"relics":["Ring of the Snake","War Paint","Gambling Chip","Bottled Lightning","Pear","Tiny House","Molten Egg 2","Enchiridion"],"potions_floor_usage":[16,16,16,23],"damage_taken":[{"damage":5,"enemies":"2 Louse","floor":1,"turns":3},{"damage":3,"enemies":"Jaw Worm","floor":2,"turns":6},{"damage":0,"enemies":"Cultist","floor":4,"turns":4},{"damage":19,"enemies":"Lagavulin","floor":6,"turns":8},{"damage":6,"enemies":"Looter","floor":7,"turns":4},{"damage":1,"enemies":"3 Louse","floor":11,"turns":3},{"damage":5,"enemies":"Exordium Thugs","floor":12,"turns":5},{"damage":0,"enemies":"Hexaghost","floor":16,"turns":9},{"damage":19,"enemies":"Shell Parasite","floor":18,"turns":5},{"damage":4,"enemies":"3 Byrds","floor":20,"turns":5},{"damage":53,"enemies":"Gremlin Leader","floor":23,"turns":6}],"seed_played":"8781930725714274721","potions_obtained":[{"floor":6,"key":"Dexterity Potion"},{"floor":7,"key":"AttackPotion"},{"floor":11,"key":"GhostInAJar"},{"floor":12,"key":"LiquidBronze"},{"floor":17,"key":"Fire Potion"}],"is_trial":false,"path_per_floor":["M","M","?","M","?","E","M","R","T","R","M","M","?","?","R","B",null,"M","$","M","?","?","E"],"character_chosen":"THE_SILENT","items_purchased":["Molten Egg 2","Noxious Fumes","PiercingWail"],"campfire_rested":1,"item_purchase_floors":[19,19,19],"current_hp_per_floor":[65,62,70,70,70,51,45,66,66,66,65,60,70,70,70,70,85,66,66,62,62,46,0],"gold":0,"neow_bonus":"RANDOM_COMMON_RELIC","is_prod":false,"is_daily":false,"chose_seed":false,"campfire_upgraded":2,"win_rate":0,"timestamp":1542588639,"path_taken":["M","M","?","M","?","E","M","R","T","R","?","M","?","?","R","BOSS","M","$","M","?","?","E"],"build_version":"2018-11-15","purchased_purges":0,"victory":false,"max_hp_per_floor":[70,70,70,70,70,70,70,70,70,70,70,70,80,80,80,80,85,85,85,85,85,85,85],"card_choices":[{"not_picked":["Deflect","Underhanded Strike"],"picked":"Bane","floor":1},{"not_picked":["Concentrate","Acrobatics"],"picked":"Cloak And Dagger","floor":2},{"not_picked":["Eviscerate","Blade Dance"],"picked":"Deadly Poison","floor":4},{"not_picked":["Predator","Storm of Steel"],"picked":"Blur","floor":6},{"not_picked":["Acrobatics","Underhanded Strike"],"picked":"Bouncing Flask","floor":7},{"not_picked":["Dagger Throw","Acrobatics"],"picked":"Poisoned Stab","floor":11},{"not_picked":["Reflex","Cloak And Dagger"],"picked":"Backstab","floor":12},{"not_picked":["Burst","Doppelganger"],"picked":"Storm of Steel","floor":16},{"not_picked":["Backstab","Bane"],"picked":"Dash","floor":17},{"not_picked":["Quick Slash","Acrobatics"],"picked":"Deflect","floor":18},{"not_picked":["PiercingWail","Dagger Throw+1"],"picked":"Prepared+1","floor":20}],"player_experience":419687,"relics_obtained":[{"floor":6,"key":"Gambling Chip"},{"floor":9,"key":"Bottled Lightning"},{"floor":22,"key":"Enchiridion"}],"event_choices":[{"damage_healed":17,"gold_gain":0,"player_choice":"Healed","damage_taken":0,"max_hp_gain":0,"max_hp_loss":0,"event_name":"The Cleric","floor":3,"gold_loss":35},{"cards_removed":["Strike_G"],"damage_healed":0,"gold_gain":0,"player_choice":"Offered Basic","damage_taken":0,"max_hp_gain":0,"max_hp_loss":0,"event_name":"Bonfire Elementals","floor":5,"gold_loss":0},{"damage_healed":0,"gold_gain":0,"player_choice":"Box","damage_taken":0,"relics_obtained":["Pear"],"max_hp_gain":0,"max_hp_loss":0,"event_name":"Big Fish","floor":13,"gold_loss":0,"cards_obtained":["Regret"]},{"cards_removed":["Regret"],"damage_healed":0,"gold_gain":0,"player_choice":"Purged","damage_taken":0,"max_hp_gain":0,"max_hp_loss":0,"event_name":"Purifier","floor":14,"gold_loss":0},{"damage_healed":0,"gold_gain":0,"player_choice":"Paid Fearfully","damage_taken":0,"max_hp_gain":0,"max_hp_loss":0,"event_name":"Masked Bandits","floor":21,"gold_loss":21},{"damage_healed":0,"gold_gain":0,"player_choice":"Obtained Book","damage_taken":16,"max_hp_gain":0,"max_hp_loss":0,"event_name":"Cursed Tome","floor":22,"gold_loss":0}],"is_beta":false,"boss_relics":[{"not_picked":["Ectoplasm","Runic Dome"],"picked":"Tiny House"}],"items_purged_floors":[],"is_endless":false,"potions_floor_spawned":[6,7,11,12],"killed_by":"Gremlin Leader","ascension_level":0}