{"gold_per_floor":[115,131,131,81,6,38,38,65,91,91,91,91,111,127,127,231,231,242,157,174,25,40,67,67,95,95,95,122,133,133,133,133,238,238,253,253,263,263,277,277,26,26,26,0,15,41,41,41,41,41],"floor_reached":51,"playtime":3391,"items_purged":["Strike_B","Defend_B"],"score":918,"play_id":"9e74a8f7-3e6e-49d2-bbef-769d5b8336d1","local_time":"20181231233054","is_ascension_mode":true,"campfire_choices":[{"floor":7.0,"key":"REST"},{"data":"Redo","floor":10.0,"key":"SMITH"},{"data":"Zap","floor":12.0,"key":"SMITH"},{"data":"Double Energy","floor":15.0,"key":"SMITH"},{"floor":24.0,"key":"REST"},{"data":"Buffer","floor":27.0,"key":"SMITH"},{"data":"Thunder Strike","floor":30.0,"key":"SMITH"},{"floor":32.0,"key":"REST"},{"floor":40.0,"key":"REST"},{"data":"Madness","floor":42.0,"key":"SMITH"},{"data":"Madness","floor":47.0,"key":"SMITH"},{"data":"Echo Form","floor":49.0,"key":"SMITH"}],"neow_cost":"NONE","seed_source_timestamp":782252369792559,"circlet_count":0,"master_deck":["Strike_B+1","Defend_B+1","Defend_B","Zap+1","Dualcast+1","Buffer+1","Loop","Ball Lightning+1","Genetic Algorithm+1","Redo+1","FTL","Double Energy+1","Thunder Strike+1","Turbo+1","Beam Cell","Conserve Battery","Conserve Battery+1","Reinforced Body+1","Sweeping Beam+1","Echo Form+1","Hologram+1","Madness+1","Madness+1","Defragment+1","Lockon","Glacier+1"],"special_seed":0,"relics":["Cracked Core","PreservedInsect","Potion Belt","Strawberry","Empty Cage","War Paint","Ornamental Fan","Singing Bowl","WingedGreaves","Pantograph","Mercury Hourglass","White Beast Statue","Toy Ornithopter","Mummified Hand","Red Mask","Whetstone"],"potions_floor_usage":[50,50],"damage_taken":[{"damage":2.0,"enemies":"Jaw Worm","floor":1.0,"turns":3.0},{"damage":10.0,"enemies":"Small Slimes","floor":2.0,"turns":4.0},{"damage":35.0,"enemies":"3 Sentries","floor":6.0,"turns":7.0},{"damage":0.0,"enemies":"Gremlin Nob","floor":8.0,"turns":3.0},{"damage":1.0,"enemies":"2 Louse","floor":13.0,"turns":2.0},{"damage":0.0,"enemies":"Exordium Wildlife","floor":14.0,"turns":3.0},{"damage":27.0,"enemies":"Hexaghost","floor":16.0,"turns":9.0},{"damage":0.0,"enemies":"Spheric Guardian","floor":18.0,"turns":3.0},{"damage":12.0,"enemies":"Chosen","floor":20.0,"turns":4.0},{"damage":12.0,"enemies":"Snake Plant","floor":22.0,"turns":4.0},{"damage":7.0,"enemies":"Book of Stabbing","floor":23.0,"turns":4.0},{"damage":5.0,"enemies":"Slavers","floor":25.0,"turns":6.0},{"damage":11.0,"enemies":"Book of Stabbing","floor":28.0,"turns":5.0},{"damage":2.0,"enemies":"Centurion and Healer","floor":29.0,"turns":7.0},{"damage":28.0,"enemies":"Champ","floor":33.0,"turns":9.0},{"damage":10.0,"enemies":"3 Shapes","floor":35.0,"turns":5.0},{"damage":4.0,"enemies":"Orb Walker","floor":37.0,"turns":4.0},{"damage":29.0,"enemies":"Jaw Worm Horde","floor":39.0,"turns":4.0},{"damage":0.0,"enemies":"Transient","floor":45.0,"turns":5.0},{"damage":7.0,"enemies":"Nemesis","floor":46.0,"turns":7.0},{"damage":59,"enemies":"Awakened One","floor":50,"turns":18}],"seed_played":"8045522940832755275","potions_obtained":[{"floor":13.0,"key":"Block Potion"},{"floor":14.0,"key":"Ancient Potion"},{"floor":16.0,"key":"AttackPotion"},{"floor":20.0,"key":"EssenceOfSteel"},{"floor":25.0,"key":"Strength Potion"},{"floor":33.0,"key":"FearPotion"},{"floor":35.0,"key":"EssenceOfSteel"},{"floor":37.0,"key":"Explosive Potion"},{"floor":39.0,"key":"PowerPotion"},{"floor":45.0,"key":"AttackPotion"},{"floor":46.0,"key":"Energy Potion"}],"is_trial":false,"path_per_floor":["M","M","?","?","$","E","R","E","T","R","?","R","M","M","R","B",null,"M","?","M","$","M","E","R","E","T","R","E","M","R","?","R","B",null,"M","?","M","?","M","R","$","R","T","?","M","E","R","?","R","B",null],"character_chosen":"DEFECT","items_purchased":["Conserve Battery","Toy Ornithopter","SpeedPotion"],"campfire_rested":4,"item_purchase_floors":[21,41,41],"current_hp_per_floor":[73,63,48,48,48,13,35,35,42,42,42,42,41,41,41,14,65,65,65,53,53,41,34,58,53,53,53,44,44,44,44,69,58,79,69,58,54,54,27,53,53,53,53,53,53,51,51,51,51,27],"gold":41,"neow_bonus":"ONE_RANDOM_RARE_CARD","is_prod":false,"is_daily":false,"chose_seed":false,"campfire_upgraded":8,"win_rate":0,"timestamp":1546266654,"path_taken":["M","M","?","?","$","E","R","E","T","R","?","R","M","M","R","BOSS","M","?","M","$","M","E","R","E","T","R","E","M","R","?","R","BOSS","M","?","M","?","?","R","$","R","T","?","M","E","R","?","R","BOSS"],"build_version":"2018-12-20","purchased_purges":2,"victory":true,"max_hp_per_floor":[75,75,75,75,75,75,75,75,82,82,82,82,82,82,82,82,82,82,82,82,82,82,82,82,82,82,82,84,86,86,86,86,86,86,86,86,86,86,88,88,88,88,88,88,88,88,88,88,88,88],"card_choices":[{"not_picked":["Barrage","Leap"],"picked":"Loop","floor":1.0},{"not_picked":["Go for the Eyes","Barrage"],"picked":"Ball Lightning","floor":2.0},{"not_picked":["Stack","Auto Shields"],"picked":"Genetic Algorithm","floor":6.0},{"not_picked":["Amplify","Rip and Tear"],"picked":"Redo","floor":8.0},{"not_picked":["Self Repair","Lockon"],"picked":"FTL","floor":13.0},{"not_picked":["Conserve Battery","Chill"],"picked":"Double Energy","floor":14.0},{"not_picked":["Fission","Hyperbeam"],"picked":"Thunder Strike","floor":16.0},{"not_picked":["Reinforced Body","Go for the Eyes"],"picked":"Turbo+1","floor":18.0},{"not_picked":["Fusion","Skim"],"picked":"Beam Cell","floor":20.0},{"not_picked":["Hologram","Darkness"],"picked":"Conserve Battery+1","floor":22.0},{"not_picked":["Sweeping Beam","Turbo+1"],"picked":"Reinforced Body+1","floor":23.0},{"not_picked":["Consume","Fission"],"picked":"Sweeping Beam","floor":25.0},{"not_picked":["Sweeping Beam","Compile Driver+1","Ball Lightning"],"picked":"Singing Bowl","floor":28.0},{"not_picked":["Redo","Hologram","Barrage"],"picked":"Singing Bowl","floor":29.0},{"not_picked":["Buffer","All For One"],"picked":"Echo Form","floor":33.0},{"not_picked":["Turbo","Hello World+1"],"picked":"Hologram+1","floor":35.0},{"not_picked":["Turbo+1","Heatsinks+1"],"picked":"Defragment+1","floor":37.0},{"not_picked":["Gash","Cold Snap","Beam Cell"],"picked":"Singing Bowl","floor":39.0},{"not_picked":["Echo Form","Conserve Battery+1"],"picked":"Lockon","floor":45.0},{"not_picked":["Rainbow","Turbo+1"],"picked":"Glacier+1","floor":46.0}],"player_experience":301984,"relics_obtained":[{"floor":6.0,"key":"PreservedInsect"},{"floor":8.0,"key":"Potion Belt"},{"floor":9.0,"key":"Strawberry"},{"floor":23.0,"key":"Ornamental Fan"},{"floor":25.0,"key":"Singing Bowl"},{"floor":26.0,"key":"WingedGreaves"},{"floor":28.0,"key":"Pantograph"},{"floor":31.0,"key":"Mercury Hourglass"},{"floor":43.0,"key":"Mummified Hand"},{"floor":46.0,"key":"Whetstone"}],"event_choices":[{"damage_healed":0.0,"max_hp_gain":0.0,"max_hp_loss":0.0,"gold_gain":0.0,"event_name":"Shining Light","player_choice":"Entered Light","floor":3.0,"gold_loss":0.0,"damage_taken":15.0,"cards_upgraded":["Dualcast","Strike_B"]},{"cards_removed":["Strike_B"],"damage_healed":0.0,"max_hp_gain":0.0,"max_hp_loss":0.0,"gold_gain":0.0,"event_name":"The Cleric","player_choice":"Card Removal","floor":4.0,"gold_loss":50.0,"damage_taken":0.0},{"damage_healed":0.0,"max_hp_gain":0.0,"max_hp_loss":0.0,"gold_gain":0.0,"event_name":"Scrap Ooze","player_choice":"Fled","floor":11.0,"gold_loss":0.0,"damage_taken":0.0},{"damage_healed":0.0,"max_hp_gain":0.0,"max_hp_loss":0.0,"gold_gain":0.0,"event_name":"Addict","player_choice":"Obtained Relic","floor":19.0,"gold_loss":85.0,"damage_taken":0.0,"relics_obtained":["War Paint"]},{"damage_healed":0.0,"max_hp_gain":0.0,"max_hp_loss":0.0,"gold_gain":0.0,"event_name":"Wheel of Change","player_choice":"Relic","floor":31.0,"gold_loss":0.0,"damage_taken":0.0},{"damage_healed":0.0,"max_hp_gain":0.0,"max_hp_loss":0.0,"gold_gain":0.0,"event_name":"Winding Halls","player_choice":"Embrace Madness","floor":36.0,"gold_loss":0.0,"damage_taken":11.0,"cards_obtained":["Madness","Madness"]},{"damage_healed":0.0,"max_hp_gain":0.0,"max_hp_loss":0.0,"gold_gain":0.0,"event_name":"SecretPortal","player_choice":"Ignored","floor":38.0,"gold_loss":0.0,"damage_taken":0.0},{"damage_healed":0.0,"max_hp_gain":0.0,"max_hp_loss":0.0,"gold_gain":0.0,"event_name":"Tomb of Lord Red Mask","player_choice":"Paid","floor":44.0,"gold_loss":26.0,"damage_taken":0.0,"relics_obtained":["Red Mask"]},{"damage_healed":0.0,"max_hp_gain":0.0,"max_hp_loss":0.0,"gold_gain":0.0,"event_name":"Mysterious Sphere","player_choice":"Ignored","floor":48.0,"gold_loss":0.0,"damage_taken":0.0}],"is_beta":false,"boss_relics":[{"not_picked":["Philosopher\u0027s Stone","Ectoplasm"],"picked":"Empty Cage"},{"not_picked":["Cursed Key","Calling Bell"],"picked":"White Beast Statue"}],"items_purged_floors":[5,21],"is_endless":false,"potions_floor_spawned":[13,14,16,20,25,33,35,37,39,45,46],"ascension_level":5}