{"gold_per_floor":[112,132,149,3,19,19,19,19,44,44,63,63,95,114,114,210,210,226,245,145,159,178,178,201,201,248,248,248,258,275,291,291,291],"floor_reached":33,"playtime":3091,"items_purged":["Strike_R","Strike_R"],"score":389,"play_id":"382256ef-f1bc-4c71-a415-21ca3c4b947b","local_time":"20190205170729","is_ascension_mode":true,"campfire_choices":[{"data":"Spot Weakness","floor":6.0,"key":"SMITH"},{"data":"Twin Strike","floor":10.0,"key":"SMITH"},{"data":"True Grit","floor":12.0,"key":"SMITH"},{"data":"Battle Trance","floor":15.0,"key":"SMITH"},{"data":"Pummel","floor":23.0,"key":"SMITH"},{"data":"Rage","floor":25.0,"key":"SMITH"},{"data":"Impervious","floor":27.0,"key":"SMITH"},{"floor":32,"key":"REST"}],"neow_cost":"PERCENT_DAMAGE","seed_source_timestamp":2252125171448828,"circlet_count":0,"master_deck":["AscendersBane","Defend_R","Defend_R","Defend_R","Defend_R+1","Bash+1","Twin Strike+1","Wild Strike+1","Battle Trance+1","Spot Weakness+1","Pummel+1","True Grit+1","Rage+1","Impervious+1","Seeing Red","Body Slam+1","Heavy Blade+1"],"special_seed":0,"relics":["Burning Blood","Whetstone","PreservedInsect","Eternal Feather","Boot","Lantern"],"potions_floor_usage":[33,33],"damage_taken":[{"damage":12.0,"enemies":"Small Slimes","floor":1.0,"turns":5.0},{"damage":11.0,"enemies":"Cultist","floor":2.0,"turns":4.0},{"damage":0.0,"enemies":"Jaw Worm","floor":3.0,"turns":3.0},{"damage":9.0,"enemies":"Exordium Thugs","floor":5.0,"turns":5.0},{"damage":6.0,"enemies":"2 Fungi Beasts","floor":11.0,"turns":2.0},{"damage":8.0,"enemies":"Gremlin Nob","floor":13.0,"turns":3.0},{"damage":3.0,"enemies":"Looter","floor":14.0,"turns":3.0},{"damage":14.0,"enemies":"The Guardian","floor":16.0,"turns":10.0},{"damage":8.0,"enemies":"Shell Parasite","floor":18.0,"turns":3.0},{"damage":4.0,"enemies":"3 Byrds","floor":19.0,"turns":6.0},{"damage":4.0,"enemies":"Snake Plant","floor":21.0,"turns":3.0},{"damage":23.0,"enemies":"Snecko","floor":22.0,"turns":7.0},{"damage":27.0,"enemies":"Centurion and Healer","floor":29.0,"turns":8.0},{"damage":37.0,"enemies":"Cultist and Chosen","floor":30.0,"turns":7.0},{"damage":16,"enemies":"Snecko","floor":31,"turns":6},{"damage":71,"enemies":"Collector","floor":33,"turns":8}],"seed_played":"4799871634497217903","potions_obtained":[{"floor":1.0,"key":"FairyPotion"},{"floor":5.0,"key":"Fire Potion"},{"floor":11.0,"key":"Fire Potion"},{"floor":14.0,"key":"SpeedPotion"},{"floor":19.0,"key":"LiquidBronze"},{"floor":30.0,"key":"LiquidBronze"},{"floor":31,"key":"BloodPotion"}],"is_trial":false,"path_per_floor":["M","M","M","$","M","R","?","$","T","R","M","R","E","M","R","B",null,"M","M","$","M","M","R","T","R","T","R","?","M","M","M","R","B"],"character_chosen":"IRONCLAD","items_purchased":["Spot Weakness"],"campfire_rested":1,"item_purchase_floors":[4],"current_hp_per_floor":[45,40,46,46,43,43,43,43,43,43,43,43,41,44,44,36,69,67,69,69,71,54,60,60,66,66,72,72,51,20,10,43,0],"gold":291,"neow_bonus":"REMOVE_TWO","is_prod":false,"is_daily":false,"chose_seed":false,"campfire_upgraded":7,"win_rate":0,"timestamp":1549354049,"path_taken":["M","M","M","$","M","R","?","$","T","R","M","R","E","M","R","BOSS","M","M","$","M","M","R","?","R","T","R","?","M","?","M","R","BOSS"],"build_version":"2019-01-23","purchased_purges":2,"victory":false,"max_hp_per_floor":[80,80,80,80,80,80,80,80,80,80,80,80,80,80,80,80,80,80,80,80,80,80,80,80,80,80,80,80,80,80,80,80,80],"card_choices":[{"not_picked":["Burning Pact","Thunderclap"],"picked":"Twin Strike","floor":1.0},{"not_picked":["Sever Soul","Havoc"],"picked":"Wild Strike","floor":2.0},{"not_picked":["Body Slam","Rampage"],"picked":"Battle Trance","floor":3.0},{"not_picked":["Clothesline","Iron Wave"],"picked":"Pummel","floor":5.0},{"not_picked":["Power Through","Fire Breathing"],"picked":"True Grit","floor":11.0},{"not_picked":["Combust","Twin Strike","Metallicize"],"picked":"SKIP","floor":13.0},{"not_picked":["Twin Strike","Cleave"],"picked":"Rage","floor":14.0},{"not_picked":["Fiend Fire","Brutality"],"picked":"Impervious","floor":16.0},{"not_picked":["Twin Strike","Clash+1","Flex"],"picked":"SKIP","floor":18.0},{"not_picked":["Rampage","Burning Pact+1","Second Wind"],"picked":"SKIP","floor":19.0},{"not_picked":["True Grit","Infernal Blade","Fire Breathing"],"picked":"SKIP","floor":21.0},{"not_picked":["True Grit","Infernal Blade","Fire Breathing"],"picked":"SKIP","floor":21.0},{"not_picked":["Havoc","Sever Soul","Iron Wave"],"picked":"SKIP","floor":22.0},{"not_picked":["Uppercut","Thunderclap+1"],"picked":"Seeing Red","floor":29.0},{"not_picked":["Sword Boomerang","Pommel Strike"],"picked":"Body Slam+1","floor":30.0},{"not_picked":["Combust","Havoc"],"picked":"Heavy Blade+1","floor":31}],"player_experience":528295,"relics_obtained":[{"floor":9.0,"key":"Whetstone"},{"floor":13.0,"key":"PreservedInsect"},{"floor":24.0,"key":"Boot"},{"floor":26.0,"key":"Lantern"}],"event_choices":[{"cards_removed":["Strike_R"],"damage_healed":0.0,"max_hp_gain":0.0,"max_hp_loss":0.0,"gold_gain":0.0,"event_name":"Bonfire Elementals","player_choice":"Offered Basic","floor":7.0,"gold_loss":0.0,"damage_taken":0.0},{"damage_healed":0.0,"max_hp_gain":0.0,"max_hp_loss":0.0,"gold_gain":0.0,"event_name":"Accursed Blacksmith","player_choice":"Forge","floor":28.0,"gold_loss":0.0,"damage_taken":0.0,"cards_upgraded":["Defend_R"]}],"is_beta":false,"boss_relics":[{"not_picked":["Runic Cube","Fusion Hammer"],"picked":"Eternal Feather"}],"items_purged_floors":[4,20],"is_endless":false,"potions_floor_spawned":[1,5,11,14,19,30,31],"killed_by":"Collector","ascension_level":11}