{"gold_per_floor":[215,14,25,25,38,38,58,58,58,90,165,165,184,199,199,199],"floor_reached":16,"playtime":676,"items_purged":[],"score":133,"play_id":"d180045e-e507-4e43-8bf7-ec929904b88e","local_time":"20190113195454","is_ascension_mode":true,"campfire_choices":[{"data":"Bash","floor":6,"key":"SMITH"},{"data":"Corruption","floor":8,"key":"SMITH"},{"floor":12,"key":"REST"},{"data":"True Grit","floor":15,"key":"SMITH"}],"neow_cost":"NONE","seed_source_timestamp":277525113303907,"circlet_count":0,"master_deck":["Strike_R","Strike_R","Strike_R","Strike_R","Defend_R","Defend_R","Defend_R","Defend_R","Bash+1","Clash","Cleave","Iron Wave","Corruption+1","True Grit+1","Sentinel"],"relics":["Burning Blood","HandDrill","Sundial","Happy Flower"],"potions_floor_usage":[14,16,16,16],"damage_taken":[{"damage":11,"enemies":"Cultist","floor":1,"turns":4},{"damage":2,"enemies":"2 Louse","floor":3,"turns":3},{"damage":10,"enemies":"Small Slimes","floor":5,"turns":3},{"damage":8,"enemies":"Blue Slaver","floor":7,"turns":3},{"damage":45,"enemies":"3 Sentries","floor":10,"turns":9},{"damage":9,"enemies":"Exordium Wildlife","floor":13,"turns":3},{"damage":7,"enemies":"Large Slime","floor":14,"turns":6},{"damage":39,"enemies":"Hexaghost","floor":16,"turns":9}],"seed_played":"3833599655213292700","potions_obtained":[{"floor":3,"key":"SpeedPotion"},{"floor":7,"key":"Poison Potion"},{"floor":10,"key":"SkillPotion"},{"floor":14,"key":"FearPotion"}],"is_trial":false,"path_per_floor":["M","$","M","?","M","R","M","R","T","E","?","R","M","M","R","B"],"character_chosen":"IRONCLAD","items_purchased":["HandDrill"],"campfire_rested":1,"item_purchase_floors":[2],"current_hp_per_floor":[67,67,71,71,67,67,65,65,65,26,15,39,36,35,35,0],"gold":199,"neow_bonus":"HUNDRED_GOLD","is_prod":false,"is_daily":false,"chose_seed":false,"campfire_upgraded":3,"win_rate":0,"timestamp":1547376894,"path_taken":["M","$","M","?","?","R","M","R","T","E","?","R","M","M","R","BOSS"],"build_version":"2019-01-10","purchased_purges":0,"victory":false,"max_hp_per_floor":[80,80,80,80,80,80,80,80,80,80,80,80,80,80,80,80],"card_choices":[{"not_picked":["Havoc","Blood for Blood"],"picked":"Clash","floor":1},{"not_picked":["Wild Strike","Metallicize"],"picked":"Cleave","floor":3},{"not_picked":["Heavy Blade","Sentinel"],"picked":"Iron Wave","floor":5},{"not_picked":["Disarm","Warcry"],"picked":"Corruption","floor":7},{"not_picked":["Wild Strike","Rupture"],"picked":"True Grit","floor":10},{"not_picked":["Wild Strike","Sword Boomerang","Body Slam"],"picked":"SKIP","floor":13},{"not_picked":["Brutality","Twin Strike"],"picked":"Sentinel","floor":14}],"player_experience":363040,"relics_obtained":[{"floor":9,"key":"Sundial"},{"floor":10,"key":"Happy Flower"}],"event_choices":[{"cards_removed":["Strike_R"],"damage_healed":0,"gold_gain":0,"player_choice":"Purged","damage_taken":0,"max_hp_gain":0,"max_hp_loss":0,"event_name":"Purifier","floor":4,"gold_loss":0},{"damage_healed":0,"gold_gain":75,"player_choice":"Gather Gold","damage_taken":11,"max_hp_gain":0,"max_hp_loss":0,"event_name":"World of Goop","floor":11,"gold_loss":0}],"is_beta":false,"boss_relics":[],"items_purged_floors":[],"is_endless":false,"potions_floor_spawned":[3,7,10,14],"killed_by":"Hexaghost","ascension_level":6}