{"gold_per_floor":[361,361,381,393,393,393,417,447,473,485,50,50,50],"floor_reached":13,"playtime":299,"items_purged":[],"score":166,"play_id":"276499c2-cf99-4c13-9209-8c79689f906b","local_time":"20190413010905","is_ascension_mode":true,"campfire_choices":[{"data":"Rip and Tear","floor":6,"key":"SMITH"},{"data":"Consume","floor":12,"key":"SMITH"}],"neow_cost":"PERCENT_DAMAGE","seed_source_timestamp":91235550138600,"circlet_count":0,"master_deck":["AscendersBane","Strike_B","Strike_B","Strike_B","Defend_B","Defend_B","Defend_B","Defend_B","Zap","Dualcast","Rip and Tear+1","Genetic Algorithm","Self Repair","Compile Driver","BootSequence","Consume+1","Loop"],"relics":["Cracked Core","Bronze Scales","Bag of Marbles","Bottled Lightning"],"potions_floor_usage":[8,10],"damage_taken":[{"damage":9,"enemies":"Jaw Worm","floor":1,"turns":4},{"damage":0,"enemies":"Cultist","floor":3,"turns":3},{"damage":4,"enemies":"2 Louse","floor":4,"turns":3},{"damage":8,"enemies":"Gremlin Nob","floor":8,"turns":3},{"damage":17,"enemies":"Exordium Wildlife","floor":10,"turns":6},{"damage":21,"enemies":"Exordium Thugs","floor":13,"turns":3}],"seed_played":"4713225763361584026","potions_obtained":[{"floor":4,"key":"Fire Potion"},{"floor":8,"key":"SkillPotion"}],"is_trial":false,"path_per_floor":["M","?","M","M","?","R","T","E","T","M","$","R","M"],"character_chosen":"DEFECT","items_purchased":["Consume","Bottled Lightning","Loop"],"campfire_rested":0,"item_purchase_floors":[11,11,11],"current_hp_per_floor":[37,37,37,33,38,38,38,30,30,20,20,20,0],"gold":50,"neow_bonus":"TWO_FIFTY_GOLD","is_prod":false,"is_daily":false,"chose_seed":false,"campfire_upgraded":2,"win_rate":0,"timestamp":1555085345,"path_taken":["M","?","?","M","?","R","?","E","T","?","$","R","M"],"build_version":"2019-01-23","purchased_purges":0,"victory":false,"max_hp_per_floor":[71,71,71,71,76,76,76,76,76,76,76,76,76],"card_choices":[{"not_picked":["Cold Snap","Glacier"],"picked":"Rip and Tear","floor":1},{"not_picked":["Steam","Reinforced Body"],"picked":"Genetic Algorithm","floor":3},{"not_picked":["Leap","Defragment"],"picked":"Self Repair","floor":4},{"not_picked":["Ball Lightning","Scrape"],"picked":"Compile Driver","floor":8},{"not_picked":["Hologram","Rebound"],"picked":"BootSequence","floor":10}],"player_experience":4767200,"relics_obtained":[{"floor":7,"key":"Bronze Scales"},{"floor":8,"key":"Bag of Marbles"}],"event_choices":[{"cards_removed":["Strike_B"],"damage_healed":0,"gold_gain":0,"player_choice":"Purged","damage_taken":0,"max_hp_gain":0,"max_hp_loss":0,"event_name":"Purifier","floor":2,"gold_loss":0},{"damage_healed":0,"gold_gain":0,"player_choice":"Donut","damage_taken":0,"max_hp_gain":5,"max_hp_loss":0,"event_name":"Big Fish","floor":5,"gold_loss":0}],"is_beta":false,"boss_relics":[],"items_purged_floors":[],"is_endless":false,"potions_floor_spawned":[4,8],"killed_by":"Exordium Thugs","ascension_level":20}