{"gold_per_floor":[111,122,47,61,61,61,89,89,113,126,145,165,165,185,185,262,262,282,197,15,15,15,15,15,15,45,45,55,6,6,22,22,93,93,111,111,111,121,21,21,49,49,72,21,21,36,52,66,66,66],"floor_reached":50,"playtime":2587,"items_purged":["Strike_B","Strike_B"],"score":823,"play_id":"fa0fb14b-7955-4177-9b82-a0e982e94d8a","local_time":"20181206030132","is_ascension_mode":true,"campfire_choices":[{"data":"Zap","floor":6,"key":"SMITH"},{"data":"Defragment","floor":8,"key":"SMITH"},{"data":"Dualcast","floor":15,"key":"SMITH"},{"data":"Loop","floor":23,"key":"SMITH"},{"data":"Go for the Eyes","floor":25,"key":"SMITH"},{"data":"Conserve Battery","floor":27,"key":"SMITH"},{"data":"Reprogram","floor":30,"key":"SMITH"},{"floor":32,"key":"REST"},{"data":"Cold Snap","floor":40,"key":"SMITH"},{"floor":42,"key":"REST"},{"floor":49,"key":"REST"}],"neow_cost":"TEN_PERCENT_HP_LOSS","seed_source_timestamp":181407240618093,"circlet_count":0,"master_deck":["AscendersBane","Defend_B","Defend_B","Defend_B","Defend_B","Zap+1","Dualcast+1","BootSequence","Defragment+1","Loop+1","Rebound","Reprogram+1","Undo","Ball Lightning","Cold Snap+1","Compile Driver","Go for the Eyes+1","Core Surge","Conserve Battery+1","Electrodynamics","Cold Snap+1","Steam+1","Biased Cognition","Madness","Madness","Defragment+1","BootSequence","Echo Form"],"relics":["Cracked Core","Regal Pillow","Boot","Runic Dome","Thread and Needle","DataDisk","Tiny Chest","Nuclear Battery","Incense Burner","Centennial Puzzle"],"potions_floor_usage":[7,11,12,28,33,33,35,50,50],"damage_taken":[{"damage":0,"enemies":"Cultist","floor":1,"turns":3},{"damage":2,"enemies":"2 Louse","floor":2,"turns":3},{"damage":14,"enemies":"Small Slimes","floor":4,"turns":3},{"damage":42,"enemies":"Gremlin Nob","floor":7,"turns":5},{"damage":0,"enemies":"Blue Slaver","floor":10,"turns":3},{"damage":2,"enemies":"Exordium Thugs","floor":11,"turns":3},{"damage":2,"enemies":"Gremlin Gang","floor":12,"turns":4},{"damage":6,"enemies":"Blue Slaver","floor":14,"turns":4},{"damage":14,"enemies":"Slime Boss","floor":16,"turns":9},{"damage":6,"enemies":"Spheric Guardian","floor":18,"turns":4},{"damage":6,"enemies":"2 Thieves","floor":28,"turns":3},{"damage":8,"enemies":"3 Cultists","floor":31,"turns":5},{"damage":28,"enemies":"Collector","floor":33,"turns":14},{"damage":7,"enemies":"3 Darklings","floor":35,"turns":3},{"damage":0,"enemies":"3 Shapes","floor":38,"turns":4},{"damage":58,"enemies":"Giant Head","floor":41,"turns":12},{"damage":13,"enemies":"Spire Growth","floor":46,"turns":5},{"damage":0,"enemies":"4 Shapes","floor":47,"turns":3},{"damage":12,"enemies":"Jaw Worm Horde","floor":48,"turns":4},{"damage":48,"enemies":"Donu and Deca","floor":50,"turns":9}],"seed_played":"-6779445672799138203","potions_obtained":[{"floor":1,"key":"Regen Potion"},{"floor":4,"key":"Fire Potion"},{"floor":7,"key":"Poison Potion"},{"floor":12,"key":"SkillPotion"},{"floor":28,"key":"Strength Potion"},{"floor":33,"key":"Swift Potion"},{"floor":35,"key":"AttackPotion"},{"floor":46,"key":"Dexterity Potion"}],"is_trial":false,"path_per_floor":["M","M","$","M","?","R","E","R","T","M","M","M","?","M","R","B",null,"M","?","$","?","?","R","$","R","T","R","M","$","R","M","R","B",null,"M","$","?","M","$","R","E","R","T","$","?","M","M","M","R","B"],"character_chosen":"DEFECT","items_purchased":["DataDisk","Conserve Battery","Dexterity Potion","Strength Potion"],"campfire_rested":3,"item_purchase_floors":[20,20,29,44],"current_hp_per_floor":[64,62,62,48,53,53,25,25,25,25,23,21,69,63,63,49,64,58,58,58,39,54,54,54,54,54,54,48,48,48,40,74,46,67,60,60,60,60,60,60,2,39,39,39,26,13,13,1,38,0],"gold":66,"neow_bonus":"TRANSFORM_TWO_CARDS","is_prod":false,"is_daily":false,"chose_seed":false,"campfire_upgraded":8,"win_rate":0,"timestamp":1544032892,"path_taken":["M","M","$","M","?","R","E","R","T","M","M","M","?","M","R","BOSS","M","?","$","?","?","R","?","R","T","R","M","$","R","M","R","BOSS","M","$","?","?","$","R","E","R","T","$","?","M","M","M","R","BOSS"],"build_version":"2018-12-05","purchased_purges":2,"victory":false,"max_hp_per_floor":[64,64,64,64,69,69,69,69,69,69,69,69,69,69,69,69,69,69,69,69,74,74,74,74,74,74,74,74,74,74,74,74,74,74,74,74,74,74,74,74,74,74,74,74,74,74,74,74,74,74],"card_choices":[{"not_picked":["Sweeping Beam","Go for the Eyes"],"picked":"Loop","floor":1},{"not_picked":["Force Field","Consume"],"picked":"Rebound","floor":2},{"not_picked":["Double Energy","Fusion"],"picked":"Reprogram","floor":4},{"not_picked":["Chill","Genetic Algorithm"],"picked":"Undo","floor":7},{"not_picked":["Consume","Hello World"],"picked":"Ball Lightning","floor":10},{"not_picked":["Rip and Tear","Static Discharge"],"picked":"Cold Snap","floor":11},{"not_picked":["Beam Cell","Rebound"],"picked":"Compile Driver","floor":12},{"not_picked":["Barrage","Fusion"],"picked":"Go for the Eyes","floor":14},{"not_picked":["Amplify","Seek"],"picked":"Core Surge","floor":16},{"not_picked":["Double Energy","Rebound","Fusion"],"picked":"SKIP","floor":18},{"not_picked":["Ball Lightning","Sweeping Beam","Redo"],"picked":"SKIP","floor":28},{"not_picked":["Beam Cell","Heatsinks+1","Go for the Eyes"],"picked":"SKIP","floor":31},{"not_picked":["Fission","Seek"],"picked":"Electrodynamics","floor":33},{"not_picked":["Beam Cell","Tempest"],"picked":"Cold Snap","floor":35},{"not_picked":["Storm+1","Beam Cell"],"picked":"Steam+1","floor":38},{"not_picked":["Gash","Defragment"],"picked":"Biased Cognition","floor":41},{"not_picked":["Hologram+1","Ball Lightning"],"picked":"Defragment+1","floor":46},{"not_picked":["Melter","Turbo+1"],"picked":"BootSequence","floor":47},{"not_picked":["Defragment","Force Field+1"],"picked":"Echo Form","floor":48}],"player_experience":2514634,"relics_obtained":[{"floor":7,"key":"Regal Pillow"},{"floor":9,"key":"Boot"},{"floor":26,"key":"Tiny Chest"},{"floor":41,"key":"Incense Burner"},{"floor":43,"key":"Centennial Puzzle"}],"event_choices":[{"damage_healed":0,"gold_gain":0,"player_choice":"Donut","damage_taken":0,"max_hp_gain":5,"max_hp_loss":0,"event_name":"Big Fish","floor":5,"gold_loss":0},{"damage_healed":48,"gold_gain":0,"player_choice":"Full Heal","damage_taken":0,"max_hp_gain":0,"max_hp_loss":0,"event_name":"Wheel of Change","floor":13,"gold_loss":0},{"damage_healed":0,"gold_gain":0,"player_choice":"Obtained Relic","damage_taken":0,"relics_obtained":["Thread and Needle"],"max_hp_gain":0,"max_hp_loss":0,"event_name":"Addict","floor":19,"gold_loss":85},{"damage_healed":0,"gold_gain":0,"player_choice":"Shed Blood","damage_taken":24,"max_hp_gain":5,"max_hp_loss":0,"event_name":"Forgotten Altar","floor":21,"gold_loss":0},{"damage_healed":15,"gold_gain":0,"player_choice":"Heal","damage_taken":0,"max_hp_gain":0,"max_hp_loss":0,"event_name":"The Library","floor":22,"gold_loss":0},{"damage_healed":0,"gold_gain":0,"player_choice":"Forge","damage_taken":0,"max_hp_gain":0,"max_hp_loss":0,"event_name":"Accursed Blacksmith","floor":37,"gold_loss":0,"cards_upgraded":["Cold Snap"]},{"damage_healed":0,"gold_gain":0,"player_choice":"Embrace Madness","damage_taken":13,"max_hp_gain":0,"max_hp_loss":0,"event_name":"Winding Halls","floor":45,"gold_loss":0,"cards_obtained":["Madness","Madness"]}],"is_beta":true,"boss_relics":[{"not_picked":["Fusion Hammer","Velvet Choker"],"picked":"Runic Dome"},{"not_picked":["Runic Pyramid","Coffee Dripper"],"picked":"Nuclear Battery"}],"items_purged_floors":[3,39],"is_endless":false,"potions_floor_spawned":[1,4,7,12,28,33,35,46,48],"killed_by":"Donu and Deca","ascension_level":15}