{"gold_per_floor":[109,184,184,2,18,18,32,32,32,61,61,76,109,128,128,224,224,237,252,270,288,307,307,319,319,319,330,330,4,17,17,17,114,114,130,90,90,102,114,114,128,157,157,157,187,207,117,17,17,17],"floor_reached":51,"playtime":6422,"items_purged":["Strike_G","Corpse Explosion"],"score":1108,"play_id":"26f43cbf-5fd0-417a-b5be-2b1132ebfddd","local_time":"20190112002306","is_ascension_mode":true,"campfire_choices":[{"data":"Neutralize","floor":6,"key":"SMITH"},{"data":"Reflex","floor":8,"key":"SMITH"},{"floor":11,"key":"REST"},{"floor":15,"key":"REST"},{"data":"Tactician","floor":23,"key":"SMITH"},{"data":"Acrobatics","floor":25,"key":"SMITH"},{"data":"Expertise","floor":28,"key":"SMITH"},{"data":"Reflex","floor":32,"key":"SMITH"},{"data":"Calculated Gamble","floor":40,"key":"SMITH"},{"data":"Footwork","floor":44,"key":"SMITH"},{"data":"Footwork","floor":49,"key":"SMITH"}],"neow_cost":"NONE","seed_source_timestamp":115020447236930,"circlet_count":0,"master_deck":["Survivor","Neutralize+1","Backflip+1","Crippling Poison","Reflex+1","Well Laid Plans","Deadly Poison+1","Acrobatics+1","Venomology","Backflip","Adrenaline","Cloak And Dagger","Tactician+1","Concentrate","Crippling Poison+1","Outmaneuver","Phantasmal Killer","Footwork+1","Escape Plan+1","Dodge and Roll","Prepared+1","Expertise+1","Reflex+1","Footwork+1","After Image","Tactician","Prepared","Calculated Gamble+1","Skewer+1"],"relics":["Ring of the Snake","Lantern","Mercury Hourglass","War Paint","Potion Belt","Pandora\u0027s Box","Darkstone Periapt","Pantograph","GremlinMask","WristBlade","Dream Catcher","Boot","Bag of Marbles","Pen Nib"],"potions_floor_usage":[13,16,16,18,22,27,27,30,33,33,33,35,38,39,41,42,42,50,50,50,50,50,50,50],"damage_taken":[{"damage":2,"enemies":"Small Slimes","floor":1,"turns":4},{"damage":1,"enemies":"2 Louse","floor":5,"turns":3},{"damage":0,"enemies":"Cultist","floor":7,"turns":4},{"damage":11,"enemies":"3 Sentries","floor":10,"turns":9},{"damage":4,"enemies":"Lots of Slimes","floor":12,"turns":3},{"damage":17,"enemies":"Gremlin Nob","floor":13,"turns":4},{"damage":0,"enemies":"Blue Slaver","floor":14,"turns":4},{"damage":63,"enemies":"Slime Boss","floor":16,"turns":16},{"damage":8,"enemies":"2 Thieves","floor":18,"turns":3},{"damage":0,"enemies":"Chosen","floor":19,"turns":3},{"damage":2,"enemies":"Centurion and Healer","floor":20,"turns":5},{"damage":0,"enemies":"3 Cultists","floor":21,"turns":3},{"damage":0,"enemies":"Chosen and Byrds","floor":22,"turns":5},{"damage":0,"enemies":"Centurion and Healer","floor":24,"turns":5},{"damage":0,"enemies":"Cultist and Chosen","floor":27,"turns":6},{"damage":1,"enemies":"Snecko","floor":30,"turns":4},{"damage":0,"enemies":"Automaton","floor":33,"turns":9},{"damage":0,"enemies":"3 Darklings","floor":35,"turns":3},{"damage":0,"enemies":"3 Shapes","floor":38,"turns":2},{"damage":3,"enemies":"Maw","floor":39,"turns":6},{"damage":1,"enemies":"4 Shapes","floor":41,"turns":3},{"damage":0,"enemies":"Reptomancer","floor":42,"turns":5},{"damage":0,"enemies":"Nemesis","floor":45,"turns":7},{"damage":0,"enemies":"Sphere and 2 Shapes","floor":46,"turns":3},{"damage":33,"enemies":"Time Eater","floor":50,"turns":16}],"seed_played":"6610507514578695406","potions_obtained":[{"floor":1,"key":"GamblersBrew"},{"floor":10,"key":"SkillPotion"},{"floor":16,"key":"Block Potion"},{"floor":19,"key":"Block Potion"},{"floor":27,"key":"Energy Potion"},{"floor":30,"key":"Weak Potion"},{"floor":33,"key":"Block Potion"},{"floor":35,"key":"GamblersBrew"},{"floor":38,"key":"Fire Potion"},{"floor":41,"key":"Ancient Potion"}],"is_trial":false,"path_per_floor":["M","?","?","$","M","R","M","R","T","E","R","M","E","M","R","B",null,"M","M","M","M","M","R","M","R","T","M","R","$","M","?","R","B",null,"M","$","T","M","M","R","M","E","T","R","E","M","?","$","R","B",null],"character_chosen":"THE_SILENT","items_purchased":["Reflex","Well Laid Plans","Reflex","Pantograph","Tactician"],"campfire_rested":2,"item_purchase_floors":[4,4,29,29,36],"current_hp_per_floor":[61,50,50,50,49,49,49,49,49,38,59,55,38,38,59,43,63,55,55,53,53,53,53,53,53,53,53,53,53,52,52,52,70,70,70,70,70,70,67,67,66,66,66,66,66,66,66,66,66,37],"gold":17,"neow_bonus":"RANDOM_COMMON_RELIC","is_prod":false,"is_daily":false,"chose_seed":false,"campfire_upgraded":9,"win_rate":0,"timestamp":1547220186,"path_taken":["M","?","?","$","M","R","M","R","T","E","R","?","E","?","R","BOSS","M","M","M","M","M","R","M","R","T","M","R","$","M","?","R","BOSS","M","$","?","?","M","R","M","E","T","R","E","M","?","?","R","BOSS"],"build_version":"2019-01-10","purchased_purges":2,"victory":true,"max_hp_per_floor":[70,70,70,70,70,70,70,70,70,70,70,70,70,70,70,70,70,70,70,70,70,70,70,70,70,70,70,70,70,70,70,70,70,70,70,70,70,70,70,70,70,70,70,70,70,70,70,70,70,70],"card_choices":[{"not_picked":["Heel Hook","Dagger Spray"],"picked":"Backflip","floor":1},{"not_picked":["Slice","Cloak And Dagger"],"picked":"Deadly Poison","floor":5},{"not_picked":["Deflect","Choke","Endless Agony"],"picked":"SKIP","floor":7},{"not_picked":["Masterful Stab","Slice","Deflect"],"picked":"SKIP","floor":10},{"not_picked":["Underhanded Strike","Backflip"],"picked":"Acrobatics","floor":12},{"not_picked":["Endless Agony","Dagger Spray"],"picked":"Venomology","floor":13},{"not_picked":["Crippling Poison","Flying Knee"],"picked":"Backflip","floor":14},{"not_picked":["Tools of the Trade","Venomology"],"picked":"Adrenaline","floor":16},{"not_picked":["Backflip","Flying Knee","Cloak And Dagger"],"picked":"SKIP","floor":18},{"not_picked":["Dagger Throw","Outmaneuver","PiercingWail"],"picked":"SKIP","floor":19},{"not_picked":["Outmaneuver","Flechettes"],"picked":"Footwork","floor":20},{"not_picked":["PiercingWail","Quick Slash"],"picked":"Escape Plan+1","floor":21},{"not_picked":["Skewer+1","Distraction"],"picked":"Dodge and Roll","floor":22},{"not_picked":["Choke","Deflect"],"picked":"Prepared+1","floor":24},{"not_picked":["Sucker Punch","Wraith Form v2"],"picked":"Expertise","floor":27},{"not_picked":["Dagger Throw","Eviscerate"],"picked":"Footwork","floor":30},{"not_picked":["Night Terror","Malaise"],"picked":"After Image","floor":33},{"not_picked":["Acrobatics","Outmaneuver","Deadly Poison+1"],"picked":"SKIP","floor":35},{"not_picked":["Deflect","Heel Hook+1"],"picked":"Prepared","floor":38},{"not_picked":["Tactician","Predator+1"],"picked":"Calculated Gamble","floor":39},{"not_picked":["Sucker Punch","Deadly Poison+1","Bane"],"picked":"SKIP","floor":41},{"not_picked":["Concentrate+1","Endless Agony+1","Choke"],"picked":"SKIP","floor":42},{"not_picked":["Dagger Spray","A Thousand Cuts"],"picked":"Skewer+1","floor":45},{"not_picked":["Accuracy+1","Underhanded Strike+1","Blade Dance"],"picked":"SKIP","floor":46}],"player_experience":341564,"relics_obtained":[{"floor":9,"key":"Mercury Hourglass"},{"floor":10,"key":"War Paint"},{"floor":13,"key":"Potion Belt"},{"floor":26,"key":"Darkstone Periapt"},{"floor":37,"key":"Dream Catcher"},{"floor":42,"key":"Boot"},{"floor":43,"key":"Bag of Marbles"},{"floor":45,"key":"Pen Nib"}],"event_choices":[{"damage_healed":0,"gold_gain":75,"player_choice":"Gather Gold","damage_taken":11,"max_hp_gain":0,"max_hp_loss":0,"event_name":"World of Goop","floor":2,"gold_loss":0},{"damage_healed":0,"gold_gain":0,"cards_transformed":["Strike_G"],"player_choice":"Transformed","damage_taken":0,"max_hp_gain":0,"max_hp_loss":0,"event_name":"Transmorgrifier","floor":3,"gold_loss":0,"cards_obtained":["Crippling Poison"]},{"damage_healed":0,"gold_gain":0,"player_choice":"Trade","damage_taken":0,"relics_obtained":["GremlinMask"],"max_hp_gain":0,"max_hp_loss":0,"event_name":"FaceTrader","floor":31,"gold_loss":0},{"cards_removed":["Storm of Steel"],"damage_healed":0,"gold_gain":0,"player_choice":"Upgrade and Remove","damage_taken":0,"max_hp_gain":0,"max_hp_loss":0,"event_name":"Designer","floor":47,"gold_loss":90,"cards_upgraded":["Crippling Poison"]}],"is_beta":false,"boss_relics":[{"not_picked":["White Beast Statue","Calling Bell"],"picked":"Pandora\u0027s Box"},{"not_picked":["Runic Dome","HoveringKite"],"picked":"WristBlade"}],"items_purged_floors":[4,48],"is_endless":false,"potions_floor_spawned":[1,10,16,19,27,30,33,35,38,41],"ascension_level":7}