{"gold_per_floor":[17,31,49,49,114,114,164,164,187,199,336,371,433,488,500,512],"floor_reached":16,"playtime":6221,"items_purged":[],"score":185,"play_id":"3a5e11a9-0c29-4e68-938e-d02b7b3227db","local_time":"20190330203613","is_ascension_mode":true,"campfire_choices":[{"data":"Body Slam","floor":6,"key":"SMITH"},{"data":"Iron Wave","floor":8,"key":"SMITH"},{"data":"Intimidate","floor":10,"key":"SMITH"},{"data":"Intimidate","floor":15,"key":"SMITH"}],"neow_cost":"NO_GOLD","seed_source_timestamp":2657894333736257,"circlet_count":0,"master_deck":["AscendersBane","Strike_R","Strike_R","Defend_R","Defend_R","Defend_R","Defend_R","Bash","Body Slam+1","Iron Wave+1","Intimidate+1","Intimidate+1","Disarm"],"relics":["Burning Blood","SsserpentHead","Golden Idol","MawBank","PreservedInsect"],"potions_floor_usage":[16],"damage_taken":[{"damage":12,"enemies":"Small Slimes","floor":1,"turns":6},{"damage":2,"enemies":"Cultist","floor":2,"turns":4},{"damage":7,"enemies":"Jaw Worm","floor":3,"turns":4},{"damage":6,"enemies":"Blue Slaver","floor":5,"turns":6},{"damage":0,"enemies":"2 Fungi Beasts","floor":12,"turns":4},{"damage":29,"enemies":"Gremlin Nob","floor":14,"turns":5},{"damage":55,"enemies":"Slime Boss","floor":16,"turns":9}],"seed_played":"-1230432449218699098","potions_obtained":[{"floor":3,"key":"SneckoOil"},{"floor":5,"key":"FairyPotion"},{"floor":14,"key":"BloodPotion"}],"is_trial":false,"path_per_floor":["M","M","M","?","M","R","?","R","T","R","?","M","?","E","R","B"],"character_chosen":"IRONCLAD","items_purchased":[],"campfire_rested":0,"item_purchase_floors":[],"current_hp_per_floor":[62,66,65,65,65,65,65,65,65,65,54,60,53,30,30,0],"gold":512,"neow_bonus":"REMOVE_TWO","is_prod":false,"is_daily":false,"chose_seed":false,"campfire_upgraded":4,"win_rate":0,"timestamp":1553945773,"path_taken":["M","M","M","?","?","R","?","R","T","R","?","M","?","E","R","BOSS"],"build_version":"2019-03-15","purchased_purges":0,"victory":false,"max_hp_per_floor":[75,75,75,75,75,75,68,68,68,68,68,68,68,68,68,68],"card_choices":[{"not_picked":["Metallicize","Havoc"],"picked":"Body Slam","floor":1},{"not_picked":["Feel No Pain","Rampage"],"picked":"Iron Wave","floor":2},{"not_picked":["Rampage","Dropkick"],"picked":"Intimidate","floor":3},{"not_picked":["Havoc","Iron Wave"],"picked":"Intimidate","floor":5},{"not_picked":["Sword Boomerang","Flex"],"picked":"Disarm","floor":12},{"not_picked":["Wild Strike","Hemokinesis","Fire Breathing"],"picked":"SKIP","floor":14}],"player_experience":2773477,"relics_obtained":[{"floor":9,"key":"MawBank"},{"floor":14,"key":"PreservedInsect"}],"event_choices":[{"damage_healed":0,"gold_gain":0,"player_choice":"Trade","damage_taken":0,"relics_obtained":["SsserpentHead"],"max_hp_gain":0,"max_hp_loss":0,"event_name":"FaceTrader","floor":4,"gold_loss":0},{"damage_healed":0,"gold_gain":0,"player_choice":"Lose Max HP","damage_taken":0,"relics_obtained":["Golden Idol"],"max_hp_gain":0,"max_hp_loss":7,"event_name":"Golden Idol","floor":7,"gold_loss":0},{"damage_healed":0,"gold_gain":75,"player_choice":"Gather Gold","damage_taken":11,"max_hp_gain":0,"max_hp_loss":0,"event_name":"World of Goop","floor":11,"gold_loss":0},{"cards_removed":["Strike_R"],"damage_healed":0,"gold_gain":0,"player_choice":"Card Removal","damage_taken":7,"max_hp_gain":0,"max_hp_loss":0,"event_name":"Golden Wing","floor":13,"gold_loss":0}],"is_beta":true,"boss_relics":[],"items_purged_floors":[],"is_endless":false,"potions_floor_spawned":[3,5,14],"killed_by":"Slime Boss","ascension_level":17}