{"gold_per_floor":[112,37,37,56,69,69,88,108,108,108,128,128,158,178,178,257,257,275,275,225,3,19,19,38,38,116,149,149,149],"floor_reached":29,"playtime":5170,"items_purged":[],"score":453,"play_id":"45292572-db6e-4a55-bb23-42e7d4c23cd0","local_time":"20190401032254","is_ascension_mode":true,"campfire_choices":[{"data":"Madness","floor":6.0,"key":"SMITH"},{"data":"Inflame","floor":10.0,"key":"SMITH"},{"floor":12.0,"key":"REST"},{"data":"Rage","floor":15.0,"key":"SMITH"},{"floor":23.0,"key":"RECALL"},{"floor":28.0,"key":"REST"}],"neow_cost":"NONE","seed_source_timestamp":2769626899360198,"circlet_count":0,"master_deck":["AscendersBane","Strike_R","Strike_R","Strike_R","Strike_R","Defend_R","Defend_R","Defend_R","Defend_R","Bash","Madness+1","Cleave","Headbutt","Clothesline","Inflame+1","Double Tap","Iron Wave","Anger","Rage+1","Juggernaut","Anger","Ghostly","Ghostly","Ghostly","Anger","Flex"],"special_seed":0,"relics":["Burning Blood","Bird Faced Urn","Unceasing Top","Fusion Hammer","OrangePellets","Sundial"],"potions_floor_usage":[29],"damage_taken":[{"damage":5.0,"enemies":"Small Slimes","floor":1.0,"turns":3.0},{"damage":13.0,"enemies":"2 Louse","floor":4.0,"turns":4.0},{"damage":6.0,"enemies":"Cultist","floor":5.0,"turns":3.0},{"damage":16.0,"enemies":"Exordium Wildlife","floor":7.0,"turns":3.0},{"damage":12.0,"enemies":"Large Slime","floor":8.0,"turns":3.0},{"damage":39.0,"enemies":"Gremlin Gang","floor":11.0,"turns":5.0},{"damage":25.0,"enemies":"3 Sentries","floor":13.0,"turns":5.0},{"damage":4.0,"enemies":"Exordium Wildlife","floor":14.0,"turns":3.0},{"damage":10.0,"enemies":"The Guardian","floor":16.0,"turns":10.0},{"damage":42.0,"enemies":"2 Thieves","floor":18.0,"turns":4.0},{"damage":10.0,"enemies":"Shell Parasite","floor":22.0,"turns":5.0},{"damage":31.0,"enemies":"Snecko","floor":24.0,"turns":6.0},{"damage":2.0,"enemies":"Book of Stabbing","floor":27.0,"turns":5.0},{"damage":38,"enemies":"Gremlin Leader","floor":29,"turns":5}],"seed_played":"6207607993400431115","potions_obtained":[{"floor":3.0,"key":"FairyPotion"},{"floor":3.0,"key":"BloodPotion"},{"floor":11.0,"key":"Dexterity Potion"},{"floor":13.0,"key":"Weak Potion"},{"floor":14.0,"key":"Regen Potion"},{"floor":18.0,"key":"Swift Potion"},{"floor":27.0,"key":"BloodPotion"}],"is_trial":false,"path_per_floor":["M","?","?","M","M","R","M","M","T","R","M","R","E","M","R","B",null,"M","?","?","$","M","R","M","$","T","E","R","E"],"character_chosen":"IRONCLAD","items_purchased":["OrangePellets"],"campfire_rested":2,"item_purchase_floors":[21],"current_hp_per_floor":[69,69,69,62,62,62,52,46,46,46,22,44,27,29,29,42,67,35,35,35,35,35,35,14,14,14,22,33,0],"gold":149,"neow_bonus":"RANDOM_COLORLESS","is_prod":false,"is_daily":false,"chose_seed":false,"campfire_upgraded":3,"win_rate":0,"timestamp":1554056574,"path_taken":["M","?","?","?","M","R","M","M","T","R","M","R","E","M","R","BOSS","M","?","?","$","?","R","M","$","T","E","R","E"],"build_version":"2019-03-15","purchased_purges":0,"victory":false,"max_hp_per_floor":[75,75,75,75,75,75,75,75,75,75,75,75,75,75,75,75,75,75,37,37,37,37,37,37,37,37,37,37,37],"card_choices":[{"not_picked":["Pummel","Anger"],"picked":"Cleave","floor":1.0},{"not_picked":["Fire Breathing","Havoc"],"picked":"Headbutt","floor":4.0},{"not_picked":["Twin Strike","Entrench"],"picked":"Clothesline","floor":5.0},{"not_picked":["Cleave","Clothesline"],"picked":"Inflame","floor":7.0},{"not_picked":["Flex","Body Slam"],"picked":"Double Tap","floor":8.0},{"not_picked":["Wild Strike","Metallicize"],"picked":"Iron Wave","floor":11.0},{"not_picked":["Impervious","Thunderclap"],"picked":"Anger","floor":13.0},{"not_picked":["True Grit","Body Slam"],"picked":"Rage","floor":14.0},{"not_picked":["Dark Embrace","Brutality"],"picked":"Juggernaut","floor":16.0},{"not_picked":["Clothesline","Warcry"],"picked":"Anger","floor":18.0},{"not_picked":["Havoc","Bloodletting","Headbutt"],"picked":"SKIP","floor":22.0},{"not_picked":["Havoc","Bloodletting","Headbutt"],"picked":"SKIP","floor":22.0},{"not_picked":["Wild Strike","Shrug It Off"],"picked":"Anger","floor":24.0},{"not_picked":["Shrug It Off","Sword Boomerang+1"],"picked":"Flex","floor":27.0}],"player_experience":2790125,"relics_obtained":[{"floor":9.0,"key":"Bird Faced Urn"},{"floor":13.0,"key":"Unceasing Top"},{"floor":27.0,"key":"Sundial"}],"event_choices":[{"cards_removed":["Strike_R"],"damage_healed":0.0,"max_hp_gain":0.0,"max_hp_loss":0.0,"gold_gain":0.0,"event_name":"The Cleric","player_choice":"Card Removal","floor":2.0,"gold_loss":75.0,"damage_taken":0.0},{"damage_healed":0.0,"max_hp_gain":0.0,"max_hp_loss":0.0,"gold_gain":0.0,"event_name":"Lab","player_choice":"Got Potions","floor":3.0,"gold_loss":0.0,"damage_taken":0.0},{"damage_healed":0.0,"max_hp_gain":0.0,"max_hp_loss":38.0,"gold_gain":0.0,"event_name":"Ghosts","player_choice":"Became a Ghost","floor":19.0,"gold_loss":0.0,"damage_taken":0.0,"cards_obtained":["Ghostly","Ghostly","Ghostly"]},{"damage_healed":0.0,"max_hp_gain":0.0,"max_hp_loss":0.0,"gold_gain":0.0,"event_name":"The Joust","player_choice":"Bet on Owner","floor":20.0,"gold_loss":50.0,"damage_taken":0.0}],"is_beta":true,"boss_relics":[{"not_picked":["Snecko Eye","Orrery"],"picked":"Fusion Hammer"}],"items_purged_floors":[],"is_endless":false,"potions_floor_spawned":[11,13,14,18,27],"killed_by":"Gremlin Leader","ascension_level":17}