{"gold_per_floor":[113,38,38,52,68,68,93,110,164,182,82,82,82,95,95,200,200,220,231,106,120,132,147,147,165,214,124,124,140,53,53,53,157,157,168,18,31,31,49,49,49,49,74,74,85,96,110,125,125,125],"floor_reached":50,"playtime":3055,"items_purged":["Strike_B","Strike_B","Strike_B","Defend_B"],"score":450,"play_id":"66cd5603-c91a-408c-9003-76a6783acdb9","local_time":"20181210164144","is_ascension_mode":false,"campfire_choices":[{"data":"Zap","floor":6,"key":"SMITH"},{"data":"Creative AI","floor":12,"key":"SMITH"},{"data":"Conserve Battery","floor":15,"key":"SMITH"},{"floor":24,"key":"REST"},{"floor":28,"key":"REST"},{"floor":32,"key":"REST"},{"data":"Auto Shields","floor":40,"key":"SMITH"},{"data":"Thunder Strike","floor":42,"key":"SMITH"},{"data":"Tempest","floor":44,"key":"SMITH"},{"floor":49,"key":"REST"}],"neow_cost":"NONE","seed_source_timestamp":488216848191,"circlet_count":0,"master_deck":["Defend_B","Defend_B","Zap+1","Dualcast+1","Ball Lightning","Melter+1","Seek","Creative AI+1","Thunder Strike+1","Conserve Battery+1","Tempest+1","Beam Cell+1","Bandage Up","Auto Shields+1","Madness","Madness","Tempest+1","Hologram+1"],"relics":["Cracked Core","Darkstone Periapt","Pen Nib","Runic Pyramid","Lantern","Busted Crown","Boot"],"potions_floor_usage":[7,16,22,25,33,33,37,47,48,50,50,50],"damage_taken":[{"damage":0,"enemies":"Cultist","floor":1,"turns":3},{"damage":6,"enemies":"Jaw Worm","floor":4,"turns":3},{"damage":0,"enemies":"2 Louse","floor":5,"turns":1},{"damage":14,"enemies":"Gremlin Nob","floor":7,"turns":4},{"damage":3,"enemies":"Red Slaver","floor":8,"turns":2},{"damage":2,"enemies":"2 Fungi Beasts","floor":10,"turns":3},{"damage":7,"enemies":"Blue Slaver","floor":14,"turns":2},{"damage":24,"enemies":"The Guardian","floor":16,"turns":10},{"damage":15,"enemies":"2 Thieves","floor":18,"turns":4},{"damage":34,"enemies":"3 Byrds","floor":19,"turns":5},{"damage":11,"enemies":"Centurion and Healer","floor":21,"turns":6},{"damage":0,"enemies":"Cultist and Chosen","floor":22,"turns":4},{"damage":0,"enemies":"Snecko","floor":23,"turns":6},{"damage":19,"enemies":"Centurion and Healer","floor":25,"turns":5},{"damage":0,"enemies":"Cultist and Chosen","floor":29,"turns":5},{"damage":24,"enemies":"Champ","floor":33,"turns":6},{"damage":7,"enemies":"3 Shapes","floor":35,"turns":4},{"damage":6,"enemies":"Orb Walker","floor":37,"turns":2},{"damage":10,"enemies":"Jaw Worm Horde","floor":39,"turns":4},{"damage":0,"enemies":"Transient","floor":45,"turns":5},{"damage":23,"enemies":"4 Shapes","floor":46,"turns":3},{"damage":33,"enemies":"Jaw Worm Horde","floor":47,"turns":4},{"damage":7,"enemies":"3 Darklings","floor":48,"turns":3},{"damage":44,"enemies":"Donu and Deca","floor":50,"turns":4}],"seed_played":"-3724969668922495479","potions_obtained":[{"floor":5,"key":"Weak Potion"},{"floor":7,"key":"Ancient Potion"},{"floor":10,"key":"SpeedPotion"},{"floor":16,"key":"FocusPotion"},{"floor":21,"key":"FocusPotion"},{"floor":23,"key":"Explosive Potion"},{"floor":29,"key":"FocusPotion"},{"floor":35,"key":"Weak Potion"},{"floor":41,"key":"PowerPotion"},{"floor":41,"key":"FearPotion"},{"floor":47,"key":"EssenceOfSteel"},{"floor":48,"key":"Energy Potion"}],"is_trial":false,"path_per_floor":["M","$","?","M","M","R","E","M","T","M","$","R","?","M","R","B",null,"M","M","$","M","M","M","R","M","T","?","R","M","$","?","R","B",null,"M","$","M","?","M","R","?","R","T","R","M","M","M","M","R","B"],"character_chosen":"DEFECT","items_purchased":["Bandage Up"],"campfire_rested":4,"item_purchase_floors":[30],"current_hp_per_floor":[75,75,75,69,69,69,55,52,52,50,50,50,50,43,43,19,75,60,26,26,15,15,15,37,18,18,18,40,40,40,40,62,42,75,72,72,66,57,51,51,51,51,51,51,55,36,11,8,30,0],"gold":125,"neow_bonus":"UPGRADE_CARD","is_prod":false,"is_daily":false,"chose_seed":false,"campfire_upgraded":6,"win_rate":0,"timestamp":1544427704,"path_taken":["M","?","?","M","M","R","E","M","T","M","$","R","?","M","R","BOSS","M","M","$","M","M","M","R","M","T","?","R","?","$","?","R","BOSS","M","$","M","?","M","R","?","R","T","R","M","M","?","M","R","BOSS"],"build_version":"2018-12-06","purchased_purges":4,"victory":false,"max_hp_per_floor":[75,75,75,75,75,75,75,75,75,75,75,75,75,75,75,75,75,75,75,75,75,75,75,75,75,75,75,75,75,75,75,75,75,75,75,75,75,75,75,75,75,75,75,75,75,75,75,75,75,75],"card_choices":[{"not_picked":["Sweeping Beam","Streamline"],"picked":"Ball Lightning","floor":1},{"not_picked":["Coolheaded","Streamline"],"picked":"Melter","floor":4},{"not_picked":["Hello World","Stack"],"picked":"Seek","floor":5},{"not_picked":["Beam Cell","Turbo"],"picked":"Creative AI","floor":7},{"not_picked":["Turbo","Sunder","Stack"],"picked":"SKIP","floor":8},{"not_picked":["Rebound","Skim"],"picked":"Thunder Strike","floor":10},{"not_picked":["Hologram","Stack"],"picked":"Conserve Battery","floor":14},{"not_picked":["Barrage","Sweeping Beam"],"picked":"Tempest","floor":18},{"not_picked":["Stack+1","Gash+1","Chill"],"picked":"SKIP","floor":19},{"not_picked":["Rip and Tear","Compile Driver+1","Stack"],"picked":"SKIP","floor":21},{"not_picked":["Go for the Eyes","Doom and Gloom","Conserve Battery"],"picked":"SKIP","floor":22},{"not_picked":["Streamline+1","Gash"],"picked":"Beam Cell+1","floor":23},{"not_picked":["Beam Cell","Conserve Battery","Gash"],"picked":"SKIP","floor":25},{"not_picked":["Turbo","Genetic Algorithm","Darkness"],"picked":"SKIP","floor":29},{"not_picked":["Go for the Eyes"],"picked":"SKIP","floor":35},{"not_picked":[],"picked":"Auto Shields","floor":37},{"not_picked":[],"picked":"Tempest+1","floor":39},{"not_picked":["Hello World"],"picked":"SKIP","floor":45},{"not_picked":[],"picked":"Hologram+1","floor":46},{"not_picked":["Rip and Tear"],"picked":"SKIP","floor":47},{"not_picked":["Rip and Tear+1"],"picked":"SKIP","floor":48}],"player_experience":155353,"relics_obtained":[{"floor":7,"key":"Darkstone Periapt"},{"floor":9,"key":"Pen Nib"},{"floor":26,"key":"Lantern"},{"floor":43,"key":"Boot"}],"event_choices":[{"damage_healed":0,"gold_gain":0,"player_choice":"Ignored","damage_taken":0,"max_hp_gain":0,"max_hp_loss":0,"event_name":"Golden Idol","floor":3,"gold_loss":0},{"cards_removed":["Strike_B"],"damage_healed":0,"gold_gain":0,"player_choice":"Forget","damage_taken":0,"max_hp_gain":0,"max_hp_loss":0,"event_name":"Living Wall","floor":13,"gold_loss":0},{"cards_removed":["Defend_B"],"damage_healed":0,"gold_gain":0,"player_choice":"Upgrade and Remove","damage_taken":0,"max_hp_gain":0,"max_hp_loss":0,"event_name":"Designer","floor":27,"gold_loss":90,"cards_upgraded":["Melter"]},{"damage_healed":0,"gold_gain":0,"player_choice":"Ignored","damage_taken":0,"max_hp_gain":0,"max_hp_loss":0,"event_name":"Beggar","floor":31,"gold_loss":0},{"damage_healed":0,"gold_gain":0,"player_choice":"Embrace Madness","damage_taken":9,"max_hp_gain":0,"max_hp_loss":0,"event_name":"Winding Halls","floor":38,"gold_loss":0,"cards_obtained":["Madness","Madness"]},{"damage_healed":0,"gold_gain":0,"player_choice":"Got Potions","damage_taken":0,"max_hp_gain":0,"max_hp_loss":0,"event_name":"Lab","floor":41,"gold_loss":0}],"is_beta":false,"boss_relics":[{"not_picked":["White Beast Statue","Fusion Hammer"],"picked":"Runic Pyramid"},{"not_picked":["Eternal Feather","Tiny House"],"picked":"Busted Crown"}],"items_purged_floors":[2,11,20,36],"is_endless":false,"potions_floor_spawned":[5,7,10,16,21,23,29,35,45,47,48],"killed_by":"Donu and Deca","ascension_level":0}