{"gold_per_floor":[111,129,147,159,84,84,118,131,213,213,173,198,215,225,225,300,300,300,300,19,19,19,19,19,19,19,19,19,19,19,19,19,19],"floor_reached":33,"playtime":985,"items_purged":[],"score":615,"play_id":"0499fbac-3bf7-46eb-b880-2f49e821e154","local_time":"20190530001156","is_ascension_mode":true,"campfire_choices":[{"data":"Beam Cell","floor":6,"key":"SMITH"},{"data":"Hyperbeam","floor":10,"key":"SMITH"},{"data":"Creative AI","floor":15,"key":"SMITH"},{"floor":23,"key":"REST"},{"floor":29,"key":"REST"},{"floor":32,"key":"REST"}],"neow_cost":"NONE","seed_source_timestamp":267987867863400,"circlet_count":0,"master_deck":["AscendersBane","Defend_B","Defend_B","Defend_B","Zap","Dualcast","Doom and Gloom","Auto Shields","Conserve Battery","Beam Cell+1","Hyperbeam+1","Conserve Battery","Creative AI+1","Fusion+1","Electrodynamics","Chaos+1","Hologram+1","Leap+1","Bite","Bite","Bite","Bite","Bite","Reinforced Body+1","Go for the Eyes+1"],"relics":["Cracked Core","Potion Belt","Singing Bowl","Tiny Chest","Toxic Egg 2","Ectoplasm","PreservedInsect","Happy Flower","Gremlin Horn","Bottled Flame"],"potions_floor_usage":[7,14,14,16,16,18,19,33,33],"damage_taken":[{"damage":10,"enemies":"Small Slimes","floor":1,"turns":3},{"damage":0,"enemies":"2 Louse","floor":2,"turns":1},{"damage":0,"enemies":"Cultist","floor":3,"turns":3},{"damage":0,"enemies":"Looter","floor":4,"turns":3},{"damage":13,"enemies":"3 Sentries","floor":7,"turns":7},{"damage":0,"enemies":"3 Louse","floor":8,"turns":1},{"damage":1,"enemies":"Lagavulin","floor":12,"turns":6},{"damage":5,"enemies":"2 Fungi Beasts","floor":13,"turns":4},{"damage":0,"enemies":"Blue Slaver","floor":14,"turns":2},{"damage":33,"enemies":"Slime Boss","floor":16,"turns":5},{"damage":18,"enemies":"3 Byrds","floor":18,"turns":2},{"damage":5,"enemies":"Chosen","floor":19,"turns":5},{"damage":42,"enemies":"Book of Stabbing","floor":24,"turns":5},{"damage":9,"enemies":"Gremlin Leader","floor":30,"turns":5},{"damage":35,"enemies":"Snake Plant","floor":31,"turns":6},{"damage":36,"enemies":"Collector","floor":33,"turns":5}],"seed_played":"7285708366213844162","potions_obtained":[{"floor":2,"key":"Block Potion"},{"floor":3,"key":"LiquidBronze"},{"floor":8,"key":"AttackPotion"},{"floor":11,"key":"FocusPotion"},{"floor":11,"key":"Explosive Potion"},{"floor":14,"key":"Swift Potion"},{"floor":16,"key":"SteroidPotion"},{"floor":30,"key":"Swift Potion"},{"floor":31,"key":"Poison Potion"}],"is_trial":false,"path_per_floor":["M","M","M","M","?","R","E","M","T","R","?","E","M","M","R","B",null,"M","M","$","?","?","R","E","?","T","$","?","R","E","M","R","B"],"character_chosen":"DEFECT","items_purchased":["PreservedInsect","Leap+1","FearPotion"],"campfire_rested":3,"item_purchase_floors":[20,20,20],"current_hp_per_floor":[54,54,54,54,54,54,41,41,41,41,41,40,37,37,37,4,56,38,33,33,33,33,54,14,14,14,14,14,29,32,11,26,0],"gold":19,"neow_bonus":"RANDOM_COMMON_RELIC","is_prod":false,"is_daily":false,"chose_seed":false,"campfire_upgraded":3,"win_rate":0,"timestamp":1559142716,"path_taken":["M","M","M","M","?","R","E","M","T","R","?","E","M","M","R","BOSS","M","?","$","?","?","R","E","?","T","?","?","R","E","M","R","BOSS"],"build_version":"2019-01-23","purchased_purges":0,"victory":false,"max_hp_per_floor":[71,71,71,71,71,71,71,71,71,71,71,71,73,73,73,73,73,73,73,73,73,73,73,75,52,52,52,52,52,52,52,52,52],"card_choices":[{"not_picked":["Gash","White Noise"],"picked":"Doom and Gloom","floor":1},{"not_picked":["Barrage","Loop"],"picked":"Auto Shields","floor":2},{"not_picked":["Reinforced Body","Loop"],"picked":"Conserve Battery","floor":3},{"not_picked":["Double Energy","Thunder Strike"],"picked":"Beam Cell","floor":4},{"not_picked":["Static Discharge","Compile Driver"],"picked":"Hyperbeam","floor":7},{"not_picked":["Cold Snap","Rebound"],"picked":"Conserve Battery","floor":8},{"not_picked":["Turbo","Hello World"],"picked":"Creative AI","floor":12},{"not_picked":["Lockon","Go for the Eyes","Compile Driver"],"picked":"Singing Bowl","floor":13},{"not_picked":["Compile Driver","Storm"],"picked":"Fusion+1","floor":14},{"not_picked":["Thunder Strike","Echo Form"],"picked":"Electrodynamics","floor":16},{"not_picked":["Recycle+1","Steam+1"],"picked":"Chaos+1","floor":18},{"not_picked":["Blizzard","Leap+1"],"picked":"Hologram+1","floor":19},{"not_picked":["Consume+1","Hello World","Compile Driver"],"picked":"Singing Bowl","floor":24},{"not_picked":["Gash","Coolheaded+1"],"picked":"Reinforced Body+1","floor":30},{"not_picked":["Compile Driver","Coolheaded+1"],"picked":"Go for the Eyes+1","floor":31}],"player_experience":5194114,"relics_obtained":[{"floor":7,"key":"Singing Bowl"},{"floor":9,"key":"Tiny Chest"},{"floor":12,"key":"Toxic Egg 2"},{"floor":24,"key":"Happy Flower"},{"floor":26,"key":"Gremlin Horn"},{"floor":30,"key":"Bottled Flame"}],"event_choices":[{"cards_removed":["Defend_B"],"damage_healed":0,"gold_gain":0,"player_choice":"Card Removal","damage_taken":0,"max_hp_gain":0,"max_hp_loss":0,"event_name":"The Cleric","floor":5,"gold_loss":75},{"damage_healed":0,"gold_gain":0,"player_choice":"Bought 3 Potions","damage_taken":0,"max_hp_gain":0,"max_hp_loss":0,"event_name":"The Woman in Blue","floor":11,"gold_loss":0},{"damage_healed":0,"gold_gain":0,"player_choice":"Ignored","damage_taken":0,"max_hp_gain":0,"max_hp_loss":0,"event_name":"Beggar","floor":21,"gold_loss":0},{"damage_healed":0,"gold_gain":50,"player_choice":"Stole From Cult","damage_taken":0,"max_hp_gain":0,"max_hp_loss":0,"event_name":"Nest","floor":22,"gold_loss":0},{"damage_healed":0,"gold_gain":0,"player_choice":"Became a vampire","damage_taken":0,"max_hp_gain":0,"max_hp_loss":23,"event_name":"Vampires","floor":25,"gold_loss":0,"cards_obtained":["Bite","Bite","Bite","Bite","Bite"]}],"is_beta":false,"boss_relics":[{"not_picked":["Cursed Key","Coffee Dripper"],"picked":"Ectoplasm"}],"items_purged_floors":[],"is_endless":false,"potions_floor_spawned":[2,3,8,14,16,30,31],"killed_by":"Collector","ascension_level":20}