{"gold_per_floor":[115,129,141,53,71,71,105,105,128,184,184,184,195,214,214,214],"floor_reached":16,"playtime":702,"items_purged":[],"score":194,"play_id":"24faa252-b39e-483a-9502-1e9f566276ea","local_time":"20190524063612","is_ascension_mode":true,"campfire_choices":[{"data":"Footwork","floor":6.0,"key":"SMITH"},{"floor":8.0,"key":"REST"},{"floor":12.0,"key":"REST"},{"data":"Neutralize","floor":15,"key":"SMITH"}],"neow_cost":"PERCENT_DAMAGE","seed_source_timestamp":426633654873945,"circlet_count":0,"master_deck":["AscendersBane","Defend_G","Defend_G","Defend_G","Defend_G","Defend_G","Strike_G","Strike_G","Strike_G","Strike_G","Survivor","Neutralize+1","Flying Knee","Poisoned Stab","Footwork+1","Corpse Explosion","Leg Sweep","Heel Hook","Dodge and Roll"],"special_seed":0,"relics":["Ring of the Snake","Bird Faced Urn","Juzu Bracelet","Potion Belt","Oddly Smooth Stone"],"potions_floor_usage":[],"damage_taken":[{"damage":1.0,"enemies":"2 Louse","floor":1.0,"turns":5.0},{"damage":0.0,"enemies":"Cultist","floor":2.0,"turns":4.0},{"damage":3.0,"enemies":"Small Slimes","floor":3.0,"turns":5.0},{"damage":5.0,"enemies":"2 Fungi Beasts","floor":5.0,"turns":4.0},{"damage":23.0,"enemies":"Gremlin Nob","floor":7.0,"turns":5.0},{"damage":31.0,"enemies":"3 Sentries","floor":10.0,"turns":6.0},{"damage":4,"enemies":"Lots of Slimes","floor":13,"turns":2},{"damage":2,"enemies":"Large Slime","floor":14,"turns":8},{"damage":5,"enemies":"Slime Boss","floor":16,"turns":8}],"seed_played":"-2883824206876843735","potions_obtained":[{"floor":2.0,"key":"GhostInAJar"},{"floor":3.0,"key":"SpeedPotion"},{"floor":14,"key":"SpeedPotion"}],"is_trial":false,"path_per_floor":["M","M","M","$","M","R","E","R","T","?","?","R","M","M","R","B"],"character_chosen":"THE_SILENT","items_purchased":["Footwork"],"campfire_rested":2,"item_purchase_floors":[4],"current_hp_per_floor":[43,43,40,40,37,37,16,35,35,6,6,25,21,21,21,18],"gold":214,"neow_bonus":"ONE_RARE_RELIC","is_prod":false,"is_daily":false,"chose_seed":false,"campfire_upgraded":2,"win_rate":0,"timestamp":1558647372,"path_taken":["M","M","M","$","M","R","E","R","T","?","?","R","M","M","R","BOSS"],"build_version":"2019-05-22","purchased_purges":0,"victory":false,"max_hp_per_floor":[66,66,66,66,66,66,66,66,66,66,66,66,66,66,66,66],"card_choices":[{"not_picked":["Backflip","Acrobatics"],"picked":"Flying Knee","floor":1.0},{"not_picked":["Acrobatics","Deflect"],"picked":"Poisoned Stab","floor":2.0},{"not_picked":["Bane","Sucker Punch","Dagger Throw"],"picked":"SKIP","floor":3.0},{"not_picked":["Terror","Acrobatics"],"picked":"Corpse Explosion","floor":5.0},{"not_picked":["Cloak And Dagger","Deflect"],"picked":"Leg Sweep","floor":7.0},{"not_picked":["Distraction","Sucker Punch","Dagger Throw"],"picked":"SKIP","floor":13},{"not_picked":["Bane","Blade Dance"],"picked":"Dodge and Roll","floor":14}],"player_experience":3324310,"relics_obtained":[{"floor":7.0,"key":"Juzu Bracelet"},{"floor":9.0,"key":"Potion Belt"},{"floor":10.0,"key":"Oddly Smooth Stone"}],"event_choices":[{"damage_healed":0.0,"max_hp_gain":0.0,"max_hp_loss":0.0,"gold_gain":0.0,"event_name":"Dead Adventurer","player_choice":"Searched \u00271\u0027 times","floor":10.0,"gold_loss":0.0,"damage_taken":0.0},{"damage_healed":0.0,"max_hp_gain":0.0,"max_hp_loss":0.0,"gold_gain":0.0,"cards_transformed":["Strike_G"],"event_name":"Transmorgrifier","player_choice":"Transformed","floor":11.0,"gold_loss":0.0,"damage_taken":0.0,"cards_obtained":["Heel Hook"]}],"is_beta":true,"boss_relics":[],"items_purged_floors":[],"is_endless":false,"potions_floor_spawned":[2,3,5,14],"killed_by":"Slime Boss","ascension_level":18}