{"gold_per_floor":[114,114,114,134,148,148,174,174,174,174,203,217,217,58,58,58],"floor_reached":16,"playtime":1522,"items_purged":[],"score":178,"play_id":"6900c2f2-9ea8-4241-b9b0-272c72a9b18d","local_time":"20190507194325","is_ascension_mode":true,"campfire_choices":[{"data":"Bash","floor":6,"key":"SMITH"},{"floor":10,"key":"REST"},{"floor":13,"key":"REST"},{"floor":15,"key":"REST"}],"neow_cost":"NONE","seed_source_timestamp":2253299479446061,"circlet_count":0,"master_deck":["AscendersBane","Strike_R+1","Strike_R+1","Strike_R+1","Strike_R","Strike_R","Defend_R","Defend_R","Defend_R","Defend_R","Bash+1","Shrug It Off+1","Fiend Fire","Seeing Red","Feel No Pain","Havoc","Discovery","Offering"],"relics":["Burning Blood","Whetstone","Ginger","Peace Pipe","Singing Bowl"],"potions_floor_usage":[],"damage_taken":[{"damage":0,"enemies":"Small Slimes","floor":1,"turns":3},{"damage":9,"enemies":"Jaw Worm","floor":4,"turns":3},{"damage":0,"enemies":"2 Louse","floor":5,"turns":3},{"damage":62,"enemies":"Gremlin Nob","floor":7,"turns":6},{"damage":24,"enemies":"Lagavulin","floor":11,"turns":5},{"damage":11,"enemies":"Looter","floor":12,"turns":3},{"damage":47,"enemies":"The Guardian","floor":16,"turns":12}],"seed_played":"-1980321947733756079","potions_obtained":[{"floor":4,"key":"Ancient Potion"},{"floor":5,"key":"LiquidBronze"}],"is_trial":false,"path_per_floor":["M","?","?","M","M","R","E","$","T","R","E","M","R","$","R","B"],"character_chosen":"IRONCLAD","items_purchased":["Discovery","Offering"],"campfire_rested":3,"item_purchase_floors":[14,14],"current_hp_per_floor":[78,78,62,59,65,65,9,9,9,33,15,10,34,34,58,11],"gold":58,"neow_bonus":"RANDOM_COMMON_RELIC","is_prod":false,"is_daily":false,"chose_seed":false,"campfire_upgraded":1,"win_rate":0,"timestamp":1557247405,"path_taken":["M","?","?","M","M","R","E","?","T","R","E","M","R","?","R","BOSS"],"build_version":"2019-01-23","purchased_purges":0,"victory":false,"max_hp_per_floor":[80,80,80,80,80,80,80,80,80,80,80,80,80,80,80,80],"card_choices":[{"not_picked":["True Grit","Flex"],"picked":"Shrug It Off","floor":1},{"not_picked":["Sword Boomerang","Cleave","Carnage"],"picked":"SKIP","floor":4},{"not_picked":["Fire Breathing","Body Slam"],"picked":"Fiend Fire","floor":5},{"not_picked":["Warcry","Flame Barrier"],"picked":"Seeing Red","floor":7},{"not_picked":["Clothesline","Warcry"],"picked":"Feel No Pain","floor":11},{"not_picked":["Headbutt","Carnage"],"picked":"Havoc","floor":12}],"player_experience":1308392,"relics_obtained":[{"floor":7,"key":"Ginger"},{"floor":9,"key":"Peace Pipe"},{"floor":11,"key":"Singing Bowl"}],"event_choices":[{"damage_healed":0,"gold_gain":0,"player_choice":"Ignored","damage_taken":0,"max_hp_gain":0,"max_hp_loss":0,"event_name":"Golden Wing","floor":2,"gold_loss":0},{"damage_healed":0,"gold_gain":0,"player_choice":"Entered Light","damage_taken":16,"max_hp_gain":0,"max_hp_loss":0,"event_name":"Shining Light","floor":3,"gold_loss":0,"cards_upgraded":["Strike_R","Shrug It Off"]}],"is_beta":false,"boss_relics":[],"items_purged_floors":[],"is_endless":false,"potions_floor_spawned":[4,5,11],"killed_by":"The Guardian","ascension_level":13}