{"gold_per_floor":[118,130,21,96,21,21,32,62,108,135,135,149,224,240,240,240],"floor_reached":16,"playtime":439,"items_purged":["Strike_R"],"score":187,"play_id":"ec29cb12-fcf9-4a48-bd4f-1dfa748c090f","local_time":"20190209082900","is_ascension_mode":true,"campfire_choices":[{"data":"Clothesline","floor":6.0,"key":"SMITH"},{"floor":11.0,"key":"REST"},{"data":"Bash","floor":15,"key":"SMITH"}],"neow_cost":"NONE","seed_source_timestamp":2569409553572517,"circlet_count":0,"master_deck":["AscendersBane","Strike_R","Strike_R","Strike_R+1","Strike_R+1","Defend_R","Defend_R","Defend_R","Defend_R","Bash+1","Clothesline+1","Shrug It Off","Battle Trance","Evolve","Shrug It Off","Carnage","Anger","Dropkick","Sword Boomerang"],"special_seed":0,"relics":["Burning Blood","NeowsBlessing","Whetstone","Ancient Tea Set","Ginger"],"potions_floor_usage":[16],"damage_taken":[{"damage":0.0,"enemies":"Cultist","floor":1.0,"turns":1.0},{"damage":0.0,"enemies":"2 Louse","floor":2.0,"turns":1.0},{"damage":0.0,"enemies":"Small Slimes","floor":7.0,"turns":1.0},{"damage":32.0,"enemies":"Gremlin Nob","floor":8.0,"turns":6.0},{"damage":26.0,"enemies":"Lagavulin","floor":10.0,"turns":7.0},{"damage":3.0,"enemies":"3 Louse","floor":12.0,"turns":3.0},{"damage":12,"enemies":"2 Fungi Beasts","floor":14,"turns":4},{"damage":36,"enemies":"Hexaghost","floor":16,"turns":9}],"seed_played":"-878360163009150067","potions_obtained":[{"floor":7.0,"key":"Block Potion"},{"floor":10.0,"key":"FearPotion"},{"floor":14,"key":"LiquidBronze"}],"is_trial":false,"path_per_floor":["M","M","$","?","$","R","M","E","T","E","R","M","?","M","R","B"],"character_chosen":"IRONCLAD","items_purchased":["Battle Trance","Evolve"],"campfire_rested":1,"item_purchase_floors":[3,3],"current_hp_per_floor":[74,75,75,64,64,64,70,44,44,24,46,49,42,36,36,0],"gold":240,"neow_bonus":"THREE_ENEMY_KILL","is_prod":false,"is_daily":false,"chose_seed":false,"campfire_upgraded":2,"win_rate":0,"timestamp":1549668540,"path_taken":["M","?","?","?","$","R","M","E","T","E","R","M","?","M","R","BOSS"],"build_version":"2019-01-23","purchased_purges":1,"victory":false,"max_hp_per_floor":[75,75,75,75,75,75,75,75,75,75,75,75,75,75,75,75],"card_choices":[{"not_picked":["Perfected Strike","Armaments"],"picked":"Clothesline","floor":1.0},{"not_picked":["Intimidate","Spot Weakness"],"picked":"Shrug It Off","floor":2.0},{"not_picked":["Second Wind","Flame Barrier"],"picked":"Shrug It Off","floor":7.0},{"not_picked":["Searing Blow","Uppercut"],"picked":"Carnage","floor":8.0},{"not_picked":["Rage","Spot Weakness"],"picked":"Anger","floor":10.0},{"not_picked":["Heavy Blade","Warcry"],"picked":"Dropkick","floor":12.0},{"not_picked":["Brutality","Anger"],"picked":"Sword Boomerang","floor":14}],"player_experience":584495,"relics_obtained":[{"floor":8.0,"key":"Whetstone"},{"floor":9.0,"key":"Ancient Tea Set"},{"floor":10.0,"key":"Ginger"}],"event_choices":[{"damage_healed":0.0,"max_hp_gain":0.0,"max_hp_loss":0.0,"gold_gain":75.0,"event_name":"World of Goop","player_choice":"Gather Gold","floor":4.0,"gold_loss":0.0,"damage_taken":11.0},{"damage_healed":0,"gold_gain":75,"player_choice":"Touch","damage_taken":7,"max_hp_gain":0,"max_hp_loss":0,"event_name":"FaceTrader","floor":13,"gold_loss":0}],"is_beta":false,"boss_relics":[],"items_purged_floors":[5],"is_endless":false,"potions_floor_spawned":[7,10,14],"killed_by":"Hexaghost","ascension_level":14}