{"gold_per_floor":[116,116,116,136,86,86,120,120,120,130,160,160,160,174,174,278,278,261,280,280,86,102,102,102],"floor_reached":24,"playtime":1088,"items_purged":["Strike_R"],"score":275,"play_id":"690265c7-a140-46b6-8064-453f4de911fb","local_time":"20181230220411","is_ascension_mode":true,"campfire_choices":[{"data":"Spot Weakness","floor":6,"key":"SMITH"},{"data":"Sword Boomerang","floor":8,"key":"SMITH"},{"floor":12,"key":"DIG"},{"floor":15,"key":"DIG"},{"data":"Limit Break","floor":23,"key":"SMITH"}],"neow_cost":"NONE","seed_source_timestamp":693171947122301,"circlet_count":0,"master_deck":["Strike_R+1","Strike_R+1","Strike_R+1","Defend_R","Defend_R","Defend_R","Bash+1","Sword Boomerang+1","Spot Weakness+1","Battle Trance","Evolve","Rage","Limit Break+1","Flex"],"relics":["Burning Blood","NeowsBlessing","Incense Burner","Shovel","Matryoshka","Singing Bowl","Potion Belt","Smiling Mask","Mark of Pain","Whetstone"],"potions_floor_usage":[16,19,24,24],"damage_taken":[{"damage":0,"enemies":"Jaw Worm","floor":1,"turns":1},{"damage":0,"enemies":"2 Louse","floor":4,"turns":1},{"damage":0,"enemies":"3 Sentries","floor":7,"turns":1},{"damage":0,"enemies":"Small Slimes","floor":10,"turns":2},{"damage":16,"enemies":"Gremlin Nob","floor":11,"turns":3},{"damage":0,"enemies":"2 Fungi Beasts","floor":14,"turns":2},{"damage":12,"enemies":"The Guardian","floor":16,"turns":9},{"damage":22,"enemies":"2 Thieves","floor":18,"turns":4},{"damage":20,"enemies":"3 Byrds","floor":19,"turns":5},{"damage":32,"enemies":"Snecko","floor":22,"turns":4},{"damage":71,"enemies":"Gremlin Leader","floor":24,"turns":5}],"seed_played":"9017657834142180239","potions_obtained":[{"floor":7,"key":"Regen Potion"},{"floor":10,"key":"FairyPotion"},{"floor":14,"key":"Regen Potion"},{"floor":16,"key":"Regen Potion"},{"floor":19,"key":"SpeedPotion"},{"floor":22,"key":"SmokeBomb"}],"is_trial":false,"path_per_floor":["M","?","?","M","?","R","E","R","T","M","E","R","?","M","R","B",null,"M","M","?","$","M","R","E"],"character_chosen":"IRONCLAD","items_purchased":["Whetstone"],"campfire_rested":0,"item_purchase_floors":[21],"current_hp_per_floor":[80,64,57,63,63,63,69,69,69,75,65,65,47,53,53,62,80,66,66,66,66,42,42,0],"gold":102,"neow_bonus":"THREE_ENEMY_KILL","is_prod":false,"is_daily":false,"chose_seed":false,"campfire_upgraded":3,"win_rate":0,"timestamp":1546175051,"path_taken":["M","?","?","M","?","R","E","R","T","M","E","R","?","M","R","BOSS","M","M","?","$","M","R","E"],"build_version":"2018-12-20","purchased_purges":1,"victory":false,"max_hp_per_floor":[80,80,80,80,80,80,80,80,80,80,80,80,80,80,80,80,80,82,84,84,84,86,86,86],"card_choices":[{"not_picked":["Warcry","Dual Wield"],"picked":"Sword Boomerang","floor":1},{"not_picked":["Uppercut","Headbutt"],"picked":"Spot Weakness","floor":4},{"not_picked":["Perfected Strike","Headbutt"],"picked":"Battle Trance","floor":7},{"not_picked":["Havoc","Shrug It Off","Burning Pact"],"picked":"SKIP","floor":10},{"not_picked":["Anger","Perfected Strike"],"picked":"Evolve","floor":11},{"not_picked":["Sentinel","Shrug It Off"],"picked":"Rage","floor":14},{"not_picked":["Fiend Fire","Demon Form"],"picked":"Limit Break","floor":16},{"not_picked":["Iron Wave","Pommel Strike+1","Flex"],"picked":"Singing Bowl","floor":18},{"not_picked":["Uppercut","Pummel","Cleave"],"picked":"Singing Bowl","floor":19},{"not_picked":["Feel No Pain+1","Sword Boomerang","Evolve+1"],"picked":"Singing Bowl","floor":22}],"player_experience":281345,"relics_obtained":[{"floor":7,"key":"Incense Burner"},{"floor":9,"key":"Shovel"},{"floor":11,"key":"Matryoshka"},{"floor":12,"key":"Singing Bowl"},{"floor":15,"key":"Smiling Mask"}],"event_choices":[{"damage_healed":0,"gold_gain":0,"player_choice":"Entered Light","damage_taken":16,"max_hp_gain":0,"max_hp_loss":0,"event_name":"Shining Light","floor":2,"gold_loss":0,"cards_upgraded":["Strike_R","Bash"]},{"cards_removed":["Strike_R"],"damage_healed":0,"gold_gain":0,"player_choice":"Card Removal","damage_taken":7,"max_hp_gain":0,"max_hp_loss":0,"event_name":"Golden Wing","floor":3,"gold_loss":0},{"cards_removed":["Defend_R"],"damage_healed":0,"gold_gain":0,"player_choice":"Card Removal","damage_taken":0,"max_hp_gain":0,"max_hp_loss":0,"event_name":"The Cleric","floor":5,"gold_loss":50},{"damage_healed":0,"gold_gain":0,"player_choice":"Success","damage_taken":18,"relics_obtained":["Potion Belt"],"max_hp_gain":0,"max_hp_loss":0,"event_name":"Scrap Ooze","floor":13,"gold_loss":0},{"damage_healed":0,"gold_gain":0,"player_choice":"Read","damage_taken":0,"max_hp_gain":0,"max_hp_loss":0,"event_name":"The Library","floor":20,"gold_loss":0,"cards_obtained":["Flex"]}],"is_beta":false,"boss_relics":[{"not_picked":["Lizard Tail","Coffee Dripper"],"picked":"Mark of Pain"}],"items_purged_floors":[21],"is_endless":false,"potions_floor_spawned":[7,10,14,16,19,22],"killed_by":"Gremlin Leader","ascension_level":4}