{"gold_per_floor":[109,123,142,142,217,217,251,251,251,268,268,285,316,49,49,126,126,144,144,11,23,23,23,23,23,23,41,57,57,76,76,76,150,150,162,175,194,194,210,210,228,257,257,19,34,57,0,0,0,0,0,0,0,28,28],"floor_reached":56,"playtime":4999,"items_purged":["Strike_R","Strike_R"],"score":1945,"play_id":"84e30431-b0c7-4584-aad0-fba59f17038b","local_time":"20190507134054","is_ascension_mode":true,"campfire_choices":[{"data":"Bash","floor":6.0,"key":"SMITH"},{"data":"Shrug It Off","floor":8.0,"key":"SMITH"},{"data":"Shrug It Off","floor":11.0,"key":"SMITH"},{"floor":15.0,"key":"REST"},{"data":"Armaments","floor":23.0,"key":"SMITH"},{"data":"Battle Trance","floor":25.0,"key":"SMITH"},{"floor":29.0,"key":"REST"},{"floor":32.0,"key":"REST"},{"data":"Dark Embrace","floor":40,"key":"SMITH"},{"floor":49,"key":"RECALL"},{"data":"Demon Form","floor":52,"key":"SMITH"}],"neow_cost":"NONE","seed_source_timestamp":0,"circlet_count":0,"master_deck":["AscendersBane","Strike_R","Defend_R","Defend_R","Defend_R","Defend_R","Bash+1","Shrug It Off+1","Shrug It Off+1","Battle Trance+1","Headbutt","Clothesline","Whirlwind","Feed","Metamorphosis","Demon Form+1","Feel No Pain","Armaments+1","Body Slam","Havoc+1","Pommel Strike","Impervious+1","Dark Embrace+1","Reckless Charge","Shockwave+1","Warcry+1","Finesse+1","Forethought+1","Master of Strategy+1","Second Wind+1","True Grit+1","Fiend Fire","True Grit+1","Evolve","Feel No Pain"],"special_seed":0,"relics":["Burning Blood","Lantern","Pocketwatch","Darkstone Periapt","Kunai","Lizard Tail","Regal Pillow","Toxic Egg 2","Sozu","Bottled Tornado","Art of War","Red Mask","Vajra"],"potions_floor_usage":[50,50],"damage_taken":[{"damage":2.0,"enemies":"2 Louse","floor":1.0,"turns":3.0},{"damage":11.0,"enemies":"Small Slimes","floor":2.0,"turns":4.0},{"damage":4.0,"enemies":"Jaw Worm","floor":3.0,"turns":3.0},{"damage":24.0,"enemies":"Gremlin Nob","floor":7.0,"turns":4.0},{"damage":0.0,"enemies":"Looter","floor":10.0,"turns":4.0},{"damage":3.0,"enemies":"Red Slaver","floor":12.0,"turns":4.0},{"damage":13.0,"enemies":"Lagavulin","floor":13.0,"turns":7.0},{"damage":19.0,"enemies":"The Guardian","floor":16.0,"turns":15.0},{"damage":23.0,"enemies":"2 Thieves","floor":18.0,"turns":5.0},{"damage":0.0,"enemies":"3 Byrds","floor":21.0,"turns":5.0},{"damage":0.0,"enemies":"Snake Plant","floor":22.0,"turns":2.0},{"damage":7.0,"enemies":"Centurion and Healer","floor":27.0,"turns":6.0},{"damage":19.0,"enemies":"Cultist and Chosen","floor":28.0,"turns":9.0},{"damage":38.0,"enemies":"Snake Plant","floor":30.0,"turns":4.0},{"damage":54.0,"enemies":"Automaton","floor":33.0,"turns":11.0},{"damage":19,"enemies":"3 Shapes","floor":35,"turns":7},{"damage":11,"enemies":"Orb Walker","floor":36,"turns":3},{"damage":0,"enemies":"3 Darklings","floor":37,"turns":5},{"damage":1,"enemies":"Writhing Mass","floor":39,"turns":13},{"damage":22,"enemies":"Maw","floor":41,"turns":7},{"damage":44,"enemies":"Reptomancer","floor":42,"turns":6},{"damage":11,"enemies":"Spire Growth","floor":45,"turns":5},{"damage":36,"enemies":"Donu and Deca","floor":50,"turns":12},{"damage":24,"enemies":"Shield and Spear","floor":54,"turns":7},{"damage":31,"enemies":"The Heart","floor":55,"turns":7}],"seed_played":"1941394609554538376","potions_obtained":[{"floor":1.0,"key":"Strength Potion"},{"floor":7.0,"key":"Block Potion"},{"floor":16.0,"key":"SmokeBomb"},{"floor":21.0,"key":"Swift Potion"},{"floor":27.0,"key":"Dexterity Potion"},{"floor":30.0,"key":"SteroidPotion"}],"is_trial":false,"path_per_floor":["M","M","M","?","?","R","E","R","T","M","R","M","E","$","R","B",null,"M","?","$","M","M","R","$","R","T","M","M","R","M","?","R","B",null,"M","M","M","?","M","R","M","E","T","$","M","T","?","$","R","B",null,"R","$","E","B",null],"character_chosen":"IRONCLAD","items_purchased":["Feed","Metamorphosis","Armaments","True Grit+1","Evolve"],"campfire_rested":3,"item_purchase_floors":[14,14,20,44,44],"current_hp_per_floor":[72,67,69,62,51,51,33,33,33,39,39,42,35,35,57,47,70,53,53,53,59,65,65,65,65,65,68,58,85,57,57,89,41,77,68,63,73,63,68,68,52,14,14,14,9,9,9,9,9,36,82,82,82,64,39],"gold":28,"neow_bonus":"RANDOM_COMMON_RELIC","is_prod":false,"is_daily":false,"chose_seed":false,"campfire_upgraded":7,"win_rate":0,"timestamp":1557204054,"path_taken":["M","M","M","?","?","R","E","R","T","M","R","M","E","?","R","BOSS","M","?","$","?","M","R","$","R","T","M","M","R","M","?","R","BOSS","M","?","M","?","M","R","M","E","T","?","M","?","?","$","R","BOSS","R","$","E","BOSS"],"build_version":"2019-04-23","purchased_purges":2,"victory":true,"max_hp_per_floor":[75,75,75,75,75,75,75,75,75,75,75,75,75,75,75,78,78,78,78,78,78,78,78,78,78,78,82,85,85,89,89,89,89,89,93,93,97,97,97,97,97,97,97,97,97,97,97,97,97,97,97,97,97,97,97],"card_choices":[{"not_picked":["Corruption","Feel No Pain"],"picked":"Shrug It Off","floor":1.0},{"not_picked":["Combust","Perfected Strike"],"picked":"Shrug It Off","floor":2.0},{"not_picked":["Feel No Pain","Spot Weakness"],"picked":"Battle Trance","floor":3.0},{"not_picked":["Sever Soul","Dual Wield","Clash"],"picked":"SKIP","floor":7.0},{"not_picked":["Sword Boomerang","Thunderclap"],"picked":"Headbutt","floor":10.0},{"not_picked":["Twin Strike","Power Through"],"picked":"Clothesline","floor":12.0},{"not_picked":["Blood for Blood","Perfected Strike"],"picked":"Whirlwind","floor":13.0},{"not_picked":["Limit Break","Dark Embrace"],"picked":"Demon Form","floor":16.0},{"not_picked":["Rupture","Clash"],"picked":"Feel No Pain","floor":18.0},{"not_picked":["Searing Blow","Clothesline"],"picked":"Body Slam","floor":21.0},{"not_picked":["Hemokinesis+1","Wild Strike"],"picked":"Havoc+1","floor":27.0},{"not_picked":["Dropkick","Armaments+1"],"picked":"Pommel Strike","floor":28.0},{"not_picked":["Pommel Strike+1","Seeing Red+1"],"picked":"Impervious+1","floor":30.0},{"not_picked":["Demon Form","Berserk"],"picked":"Dark Embrace","floor":33.0},{"not_picked":["Iron Wave","Sword Boomerang"],"picked":"Reckless Charge","floor":35},{"not_picked":["Spot Weakness+1","Thunderclap+1"],"picked":"Shockwave+1","floor":36},{"not_picked":["Perfected Strike","Cleave"],"picked":"Warcry+1","floor":37},{"not_picked":["Enlightenment+1","Flash of Steel"],"picked":"Finesse+1","floor":38},{"not_picked":["Magnetism","Panache"],"picked":"Forethought+1","floor":38},{"not_picked":["Dramatic Entrance","Impatience+1"],"picked":"Master of Strategy+1","floor":38},{"not_picked":["Inflame","Wild Strike"],"picked":"Second Wind+1","floor":39},{"not_picked":["Fire Breathing","Rage+1"],"picked":"True Grit+1","floor":41},{"not_picked":["Warcry+1","Combust"],"picked":"Fiend Fire","floor":42},{"not_picked":["Metallicize","Clothesline"],"picked":"Feel No Pain","floor":45},{"not_picked":["Whirlwind","Perfected Strike+1","Pommel Strike"],"picked":"SKIP","floor":54}],"player_experience":3153656,"relics_obtained":[{"floor":7.0,"key":"Pocketwatch"},{"floor":9.0,"key":"Darkstone Periapt"},{"floor":13.0,"key":"Kunai"},{"floor":19.0,"key":"Regal Pillow"},{"floor":26.0,"key":"Toxic Egg 2"},{"floor":42,"key":"Bottled Tornado"},{"floor":46,"key":"Art of War"},{"floor":54,"key":"Vajra"}],"event_choices":[{"cards_removed":["Strike_R"],"damage_healed":0.0,"max_hp_gain":0.0,"max_hp_loss":0.0,"gold_gain":0.0,"event_name":"Golden Wing","player_choice":"Card Removal","floor":4.0,"gold_loss":0.0,"damage_taken":7.0},{"damage_healed":0.0,"max_hp_gain":0.0,"max_hp_loss":0.0,"gold_gain":75.0,"event_name":"World of Goop","player_choice":"Gather Gold","floor":5.0,"gold_loss":0.0,"damage_taken":11.0},{"damage_healed":0.0,"max_hp_gain":0.0,"max_hp_loss":0.0,"gold_gain":0.0,"event_name":"Wheel of Change","player_choice":"Relic","floor":19.0,"gold_loss":0.0,"damage_taken":0.0},{"cards_removed":["Strike_R"],"damage_healed":0.0,"max_hp_gain":0.0,"max_hp_loss":0.0,"gold_gain":0.0,"event_name":"Bonfire Elementals","player_choice":"Offered Basic","floor":31.0,"gold_loss":0.0,"damage_taken":0.0},{"damage_healed":0,"gold_gain":0,"player_choice":"Memory 3","damage_taken":10,"max_hp_gain":0,"max_hp_loss":0,"event_name":"SensoryStone","floor":38,"gold_loss":0},{"damage_healed":0,"gold_gain":0,"player_choice":"Paid","damage_taken":0,"relics_obtained":["Red Mask"],"max_hp_gain":0,"max_hp_loss":0,"event_name":"Tomb of Lord Red Mask","floor":47,"gold_loss":57}],"is_beta":true,"boss_relics":[{"not_picked":["Coffee Dripper","Orrery"],"picked":"Lizard Tail"},{"not_picked":["Astrolabe","Pandora\u0027s Box"],"picked":"Sozu"}],"items_purged_floors":[20,44],"is_endless":false,"potions_floor_spawned":[1,7,16,21,27,30,36,37,39,41,42,54],"ascension_level":17}