{"gold_per_floor":[113,113,113,113,132,159,199,199,226,226,266,195,230,243,243,243],"floor_reached":16,"playtime":734,"items_purged":[],"score":131,"play_id":"b1019955-34d7-4764-ac3a-7fd1ba9dd734","local_time":"20190226192825","is_ascension_mode":false,"campfire_choices":[{"floor":10,"key":"REST"},{"floor":15,"key":"REST"}],"neow_cost":"NONE","seed_source_timestamp":624462005516884,"circlet_count":0,"master_deck":["Defend_G","Defend_G","Defend_G","Defend_G","Defend_G","Strike_G","Strike_G","Strike_G","Strike_G","Strike_G","Survivor","Neutralize","Backstab+1","Injury","Backstab","Cloak And Dagger","Masterful Stab","Storm of Steel","Distraction"],"relics":["Ring of the Snake","Golden Idol","PreservedInsect","Gambling Chip","Potion Belt","Odd Mushroom"],"potions_floor_usage":[7,14,16],"damage_taken":[{"damage":1,"enemies":"2 Louse","floor":1,"turns":3},{"damage":0,"enemies":"Small Slimes","floor":5,"turns":3},{"damage":0,"enemies":"Gremlin Nob","floor":7,"turns":2},{"damage":19,"enemies":"Lagavulin","floor":11,"turns":7},{"damage":0,"enemies":"The Mushroom Lair","floor":13,"turns":5},{"damage":0,"enemies":"Jaw Worm","floor":14,"turns":2},{"damage":88,"enemies":"The Guardian","floor":16,"turns":20}],"seed_played":"-6724671476300985491","potions_obtained":[{"floor":0,"key":"Fire Potion"},{"floor":0,"key":"SteroidPotion"},{"floor":0,"key":"Weak Potion"},{"floor":13,"key":"Block Potion"},{"floor":14,"key":"Fruit Juice"}],"is_trial":false,"path_per_floor":["M","$","?","?","M","T","E","?","T","R","E","$","?","M","R","B"],"character_chosen":"THE_SILENT","items_purchased":["Masterful Stab"],"campfire_rested":2,"item_purchase_floors":[12],"current_hp_per_floor":[69,69,69,69,69,69,69,51,51,70,51,51,51,56,75,0],"gold":243,"neow_bonus":"THREE_SMALL_POTIONS","is_prod":false,"is_daily":false,"chose_seed":false,"campfire_upgraded":0,"win_rate":0,"timestamp":1551202105,"path_taken":["M","$","?","?","M","?","E","?","T","R","E","$","?","M","R","BOSS"],"build_version":"2019-01-23","purchased_purges":0,"victory":false,"max_hp_per_floor":[70,70,70,70,70,70,70,70,70,70,70,70,70,75,75,75],"card_choices":[{"not_picked":["Dash","Quick Slash"],"picked":"Backstab","floor":1},{"not_picked":["Skewer","Dash"],"picked":"Backstab","floor":5},{"not_picked":["Bouncing Flask","Flying Knee","Poisoned Stab"],"picked":"SKIP","floor":7},{"not_picked":["Predator","Deadly Poison"],"picked":"Cloak And Dagger","floor":11},{"not_picked":["Backflip","Acrobatics"],"picked":"Storm of Steel","floor":13},{"not_picked":["All Out Attack","PiercingWail"],"picked":"Distraction","floor":14}],"player_experience":994345,"relics_obtained":[{"floor":6,"key":"PreservedInsect"},{"floor":7,"key":"Gambling Chip"},{"floor":11,"key":"Potion Belt"},{"floor":13,"key":"Odd Mushroom"}],"event_choices":[{"damage_healed":0,"gold_gain":0,"player_choice":"Grow","damage_taken":0,"max_hp_gain":0,"max_hp_loss":0,"event_name":"Living Wall","floor":3,"gold_loss":0,"cards_upgraded":["Backstab"]},{"damage_healed":0,"gold_gain":0,"player_choice":"Take Wound","damage_taken":0,"relics_obtained":["Golden Idol"],"max_hp_gain":0,"max_hp_loss":0,"event_name":"Golden Idol","floor":4,"gold_loss":0,"cards_obtained":["Injury"]},{"damage_healed":0,"gold_gain":0,"player_choice":"Fled","damage_taken":18,"max_hp_gain":0,"max_hp_loss":0,"event_name":"Scrap Ooze","floor":8,"gold_loss":0},{"damage_healed":0,"gold_gain":0,"player_choice":"Fought Mushrooms","damage_taken":0,"max_hp_gain":0,"max_hp_loss":0,"event_name":"Mushrooms","floor":13,"gold_loss":0}],"is_beta":false,"boss_relics":[],"items_purged_floors":[],"is_endless":false,"potions_floor_spawned":[1,13,14],"killed_by":"The Guardian","ascension_level":0}