{"gold_per_floor":[113,113,113,123,139,139,167,92,117,128,128,157,175,189,189,266,266,284,284,264,264],"floor_reached":21,"playtime":677,"items_purged":[],"score":382,"play_id":"7e296ff0-0dbf-4302-a60f-ebda9e23c03c","local_time":"20190525132418","is_ascension_mode":true,"campfire_choices":[{"data":"Loop","floor":6,"key":"SMITH"},{"data":"Hologram","floor":15,"key":"SMITH"}],"neow_cost":"NONE","seed_source_timestamp":221921066969600,"circlet_count":0,"master_deck":["AscendersBane","Strike_B","Strike_B+1","Strike_B","Defend_B","Defend_B","Defend_B","Defend_B","Zap","Dualcast","Meteor Strike","Turbo+1","Compile Driver","Loop+1","Chill","Machine Learning","Hologram+1","Barrage","Turbo","Multi-Cast","Hologram"],"relics":["Cracked Core","Centennial Puzzle","Regal Pillow","Letter Opener","Inserter"],"potions_floor_usage":[7,7,12,18,20],"damage_taken":[{"damage":0,"enemies":"2 Louse","floor":1,"turns":2},{"damage":7,"enemies":"Jaw Worm","floor":4,"turns":2},{"damage":1,"enemies":"Cultist","floor":5,"turns":3},{"damage":5,"enemies":"Lagavulin","floor":7,"turns":6},{"damage":6,"enemies":"Looter","floor":10,"turns":3},{"damage":19,"enemies":"3 Sentries","floor":12,"turns":17},{"damage":4,"enemies":"2 Fungi Beasts","floor":13,"turns":3},{"damage":11,"enemies":"Exordium Thugs","floor":14,"turns":3},{"damage":15,"enemies":"Slime Boss","floor":16,"turns":7},{"damage":20,"enemies":"Spheric Guardian","floor":18,"turns":5},{"damage":15,"enemies":"2 Thieves","floor":20,"turns":4},{"damage":30,"enemies":"Masked Bandits","floor":21,"turns":3}],"seed_played":"-4598838406298414689","potions_obtained":[{"floor":4,"key":"Explosive Potion"},{"floor":5,"key":"SpeedPotion"},{"floor":10,"key":"Weak Potion"},{"floor":11,"key":"Regen Potion"},{"floor":16,"key":"GamblersBrew"}],"is_trial":false,"path_per_floor":["M","?","?","M","M","R","E","?","T","M","?","E","M","M","R","B",null,"M","?","M","?"],"character_chosen":"DEFECT","items_purchased":[],"campfire_rested":0,"item_purchase_floors":[],"current_hp_per_floor":[64,43,66,59,58,58,53,53,53,47,47,43,39,28,28,13,57,37,37,22,0],"gold":264,"neow_bonus":"ONE_RANDOM_RARE_CARD","is_prod":false,"is_daily":false,"chose_seed":false,"campfire_upgraded":2,"win_rate":0,"timestamp":1558758258,"path_taken":["M","?","?","M","M","R","E","?","T","?","?","E","?","M","R","BOSS","M","?","M","?"],"build_version":"2019-01-23","purchased_purges":0,"victory":false,"max_hp_per_floor":[71,71,71,71,71,71,71,71,71,71,71,71,71,71,71,71,71,71,71,71,71],"card_choices":[{"not_picked":["Stack","FTL"],"picked":"Turbo","floor":1},{"not_picked":["Melter","Leap"],"picked":"Compile Driver","floor":4},{"not_picked":["Stack","Static Discharge"],"picked":"Loop","floor":5},{"not_picked":["Beam Cell","Hologram"],"picked":"Chill","floor":7},{"not_picked":["Hello World","Rebound"],"picked":"Machine Learning","floor":10},{"not_picked":["Coolheaded","Reprogram"],"picked":"Hologram","floor":12},{"not_picked":["Steam","Barrage","Blizzard"],"picked":"SKIP","floor":13},{"not_picked":["Steam","Blizzard"],"picked":"Barrage","floor":13},{"not_picked":["Gash","Steam Power"],"picked":"Turbo","floor":14},{"not_picked":["Hyperbeam","Thunder Strike"],"picked":"Multi-Cast","floor":16},{"not_picked":["Beam Cell","Cold Snap"],"picked":"Hologram","floor":18},{"not_picked":["Turbo","Capacitor","Leap"],"picked":"SKIP","floor":20}],"player_experience":5157152,"relics_obtained":[{"floor":7,"key":"Centennial Puzzle"},{"floor":9,"key":"Regal Pillow"},{"floor":12,"key":"Letter Opener"}],"event_choices":[{"damage_healed":0,"gold_gain":0,"player_choice":"Entered Light","damage_taken":21,"max_hp_gain":0,"max_hp_loss":0,"event_name":"Shining Light","floor":2,"gold_loss":0,"cards_upgraded":["Strike_B","Turbo"]},{"damage_healed":23,"gold_gain":0,"player_choice":"Banana","damage_taken":0,"max_hp_gain":0,"max_hp_loss":0,"event_name":"Big Fish","floor":3,"gold_loss":0},{"cards_removed":["Strike_B"],"damage_healed":0,"gold_gain":0,"player_choice":"Card Removal","damage_taken":0,"max_hp_gain":0,"max_hp_loss":0,"event_name":"The Cleric","floor":8,"gold_loss":75},{"damage_healed":0,"gold_gain":0,"player_choice":"Got Potions","damage_taken":0,"max_hp_gain":0,"max_hp_loss":0,"event_name":"Lab","floor":11,"gold_loss":0},{"damage_healed":0,"gold_gain":0,"player_choice":"Ignored","damage_taken":0,"max_hp_gain":0,"max_hp_loss":0,"event_name":"The Mausoleum","floor":19,"gold_loss":0},{"damage_healed":0,"gold_gain":0,"player_choice":"Fought Bandits","damage_taken":0,"max_hp_gain":0,"max_hp_loss":0,"event_name":"Masked Bandits","floor":21,"gold_loss":0}],"is_beta":false,"boss_relics":[{"not_picked":["Ectoplasm","Eternal Feather"],"picked":"Inserter"}],"items_purged_floors":[],"is_endless":false,"potions_floor_spawned":[4,5,10,16],"killed_by":"Masked Bandits","ascension_level":20}