{"gold_per_floor":[219,237,102,102,102,102,113,113,113,113,133,177,195,218,218,312,312,332,332,355,152,170,203,221,255,301,301,316,341,364,387,387,387],"floor_reached":33,"playtime":2109,"items_purged":[],"score":582,"play_id":"39c0c07a-c42f-4f6a-bc69-0cd72fab770d","local_time":"20190525125245","is_ascension_mode":true,"campfire_choices":[{"floor":6.0,"key":"REST"},{"data":"Uppercut","floor":15.0,"key":"SMITH"},{"floor":27.0,"key":"REST"},{"floor":32.0,"key":"REST"}],"neow_cost":"NONE","seed_source_timestamp":4104619639453,"circlet_count":0,"master_deck":["AscendersBane","Strike_R","Strike_R","Strike_R","Strike_R","Strike_R","Defend_R","Defend_R","Defend_R","Defend_R","Bash","Iron Wave","Pummel","Spot Weakness+1","Pommel Strike","Shrug It Off","Injury","Uppercut+1","Anger","Pommel Strike","Pummel","Reaper","Flex","Flash of Steel","Offering","Feel No Pain","Warcry","Enlightenment","Armaments","Warcry","Ghostly Armor+1","Reaper","Armaments","Shrug It Off+1","Limit Break","Intimidate"],"special_seed":0,"relics":["Burning Blood","Blood Vial","Magic Flower","Golden Idol","Happy Flower","Fusion Hammer","Oddly Smooth Stone","Art of War","Orichalcum"],"potions_floor_usage":[],"damage_taken":[{"damage":16.0,"enemies":"Jaw Worm","floor":1.0,"turns":5.0},{"damage":9.0,"enemies":"Small Slimes","floor":2.0,"turns":4.0},{"damage":1.0,"enemies":"Cultist","floor":7.0,"turns":3.0},{"damage":0.0,"enemies":"Blue Slaver","floor":11.0,"turns":2.0},{"damage":25.0,"enemies":"Lagavulin","floor":12.0,"turns":4.0},{"damage":2.0,"enemies":"2 Fungi Beasts","floor":13.0,"turns":3.0},{"damage":12.0,"enemies":"Gremlin Gang","floor":14.0,"turns":4.0},{"damage":37.0,"enemies":"Hexaghost","floor":16.0,"turns":8.0},{"damage":36.0,"enemies":"Shell Parasite","floor":18.0,"turns":5.0},{"damage":10.0,"enemies":"2 Thieves","floor":20.0,"turns":3.0},{"damage":32.0,"enemies":"Snecko","floor":22.0,"turns":6.0},{"damage":58.0,"enemies":"Book of Stabbing","floor":23.0,"turns":5.0},{"damage":25.0,"enemies":"Centurion and Healer","floor":24.0,"turns":9.0},{"damage":8.0,"enemies":"Gremlin Leader","floor":25.0,"turns":6.0},{"damage":11.0,"enemies":"3 Cultists","floor":28.0,"turns":5.0},{"damage":37.0,"enemies":"Snecko","floor":29.0,"turns":7.0},{"damage":24.0,"enemies":"Snake Plant","floor":30.0,"turns":5.0},{"damage":0.0,"enemies":"Chosen and Byrds","floor":31.0,"turns":4.0},{"damage":95,"enemies":"Collector","floor":33,"turns":6}],"seed_played":"-2014749218371162874","potions_obtained":[{"floor":2.0,"key":"Ancient Potion"},{"floor":7.0,"key":"Energy Potion"},{"floor":11.0,"key":"Swift Potion"},{"floor":14.0,"key":"GamblersBrew"},{"floor":18.0,"key":"SkillPotion"},{"floor":22.0,"key":"FearPotion"},{"floor":24.0,"key":"AttackPotion"},{"floor":25.0,"key":"Explosive Potion"},{"floor":30.0,"key":"Ancient Potion"}],"is_trial":false,"path_per_floor":["M","M","$","?","?","R","M","?","T","?","M","E","M","M","R","B",null,"M","?","M","$","M","E","M","E","T","R","M","M","M","M","R","B"],"character_chosen":"IRONCLAD","items_purchased":["Spot Weakness","Pommel Strike","Feel No Pain","Warcry","Enlightenment"],"campfire_rested":3,"item_purchase_floors":[3,3,21,21,21],"current_hp_per_floor":[58,55,55,55,44,66,71,60,60,60,72,59,69,69,69,44,67,61,47,75,75,52,15,14,18,18,40,75,56,44,75,75,0],"gold":387,"neow_bonus":"HUNDRED_GOLD","is_prod":false,"is_daily":false,"chose_seed":false,"campfire_upgraded":1,"win_rate":0,"timestamp":1558777965,"path_taken":["M","M","$","?","?","R","?","?","T","?","M","E","M","M","R","BOSS","M","?","M","$","M","E","M","E","T","R","M","?","?","M","R","BOSS"],"build_version":"2019-01-23","purchased_purges":0,"victory":false,"max_hp_per_floor":[75,75,75,75,75,75,75,75,75,75,75,75,75,75,75,75,75,75,75,75,75,75,75,75,75,75,75,75,75,75,75,75,75],"card_choices":[{"not_picked":["Heavy Blade","Perfected Strike"],"picked":"Iron Wave","floor":1.0},{"not_picked":["Havoc","Perfected Strike"],"picked":"Pummel","floor":2.0},{"not_picked":["Thunderclap","Flex"],"picked":"Shrug It Off","floor":7.0},{"not_picked":["Warcry","Anger"],"picked":"Uppercut","floor":11.0},{"not_picked":["Clothesline","Body Slam"],"picked":"Anger","floor":12.0},{"not_picked":["Bludgeon","Havoc"],"picked":"Pommel Strike","floor":13.0},{"not_picked":["Warcry","Reckless Charge"],"picked":"Pummel","floor":14.0},{"not_picked":["Barricade","Exhume"],"picked":"Reaper","floor":16.0},{"not_picked":["Heavy Blade","Thunderclap"],"picked":"Flex","floor":18.0},{"not_picked":["Cleave","Thunderclap"],"picked":"Offering","floor":20.0},{"not_picked":["Twin Strike","Anger"],"picked":"Armaments","floor":22.0},{"not_picked":["Searing Blow","Cleave"],"picked":"Warcry","floor":23.0},{"not_picked":["Searing Blow","Sword Boomerang"],"picked":"Ghostly Armor+1","floor":24.0},{"not_picked":["Headbutt","Thunderclap"],"picked":"Reaper","floor":25.0},{"not_picked":["Thunderclap","Clash"],"picked":"Armaments","floor":28.0},{"not_picked":["Pommel Strike","Heavy Blade"],"picked":"Shrug It Off+1","floor":29.0},{"not_picked":["Clash","Evolve"],"picked":"Limit Break","floor":30.0},{"not_picked":["Ghostly Armor","Power Through"],"picked":"Intimidate","floor":31.0}],"player_experience":1402533,"relics_obtained":[{"floor":9.0,"key":"Magic Flower"},{"floor":12.0,"key":"Happy Flower"},{"floor":23.0,"key":"Oddly Smooth Stone"},{"floor":25.0,"key":"Art of War"},{"floor":26.0,"key":"Orichalcum"}],"event_choices":[{"damage_healed":0.0,"max_hp_gain":0.0,"max_hp_loss":0.0,"gold_gain":0.0,"event_name":"Living Wall","player_choice":"Grow","floor":4.0,"gold_loss":0.0,"damage_taken":0.0,"cards_upgraded":["Spot Weakness"]},{"damage_healed":0.0,"max_hp_gain":0.0,"max_hp_loss":0.0,"gold_gain":0.0,"event_name":"Wheel of Change","player_choice":"Damaged","floor":5.0,"gold_loss":0.0,"damage_taken":11.0},{"damage_healed":0.0,"max_hp_gain":0.0,"max_hp_loss":0.0,"gold_gain":0.0,"event_name":"Scrap Ooze","player_choice":"Success","floor":8.0,"gold_loss":0.0,"damage_taken":11.0,"relics_obtained":["Blood Vial"]},{"damage_healed":0.0,"max_hp_gain":0.0,"max_hp_loss":0.0,"gold_gain":0.0,"event_name":"Golden Idol","player_choice":"Take Wound","floor":10.0,"gold_loss":0.0,"damage_taken":0.0,"relics_obtained":["Golden Idol"],"cards_obtained":["Injury"]},{"damage_healed":0.0,"max_hp_gain":0.0,"max_hp_loss":0.0,"gold_gain":0.0,"event_name":"Knowing Skull","player_choice":"CARD ","floor":19.0,"potions_obtained":[],"gold_loss":0.0,"damage_taken":14.0,"cards_obtained":["Flash of Steel"]}],"is_beta":false,"boss_relics":[{"not_picked":["Snecko Eye","Velvet Choker"],"picked":"Fusion Hammer"}],"items_purged_floors":[],"is_endless":false,"potions_floor_spawned":[2,7,11,14,18,22,24,25,30],"killed_by":"Collector","ascension_level":18}