{"gold_per_floor":[111,111,111,36,49,49,87,106,106,119,44,44,59,74,74,202,202,215,92,7,7],"floor_reached":21,"playtime":1304,"items_purged":["Strike_R","Strike_R"],"score":263,"play_id":"8d525de4-8591-4146-871d-3ed113166c33","local_time":"20181229132647","is_ascension_mode":true,"campfire_choices":[{"data":"Spot Weakness","floor":6,"key":"SMITH"},{"floor":12,"key":"REST"},{"data":"True Grit","floor":15,"key":"SMITH"}],"neow_cost":"PERCENT_DAMAGE","seed_source_timestamp":575515560547586,"circlet_count":0,"master_deck":["Strike_R","Strike_R","Strike_R","Defend_R","Defend_R","Defend_R","Defend_R","Bash","Offering","Body Slam","Spot Weakness+1","Warcry","Heavy Blade","Dual Wield","Clothesline","Disarm","True Grit+1","Thunderclap","Flex","Infernal Blade","Barricade","Intimidate+1","Spot Weakness+1","Pommel Strike"],"relics":["Burning Blood","Golden Idol","Pocketwatch","Prayer Wheel","Busted Crown","Red Skull"],"potions_floor_usage":[16,16],"damage_taken":[{"damage":6,"enemies":"Cultist","floor":1,"turns":3},{"damage":2,"enemies":"2 Louse","floor":5,"turns":4},{"damage":44,"enemies":"Gremlin Nob","floor":7,"turns":4},{"damage":0,"enemies":"Small Slimes","floor":8,"turns":3},{"damage":13,"enemies":"3 Louse","floor":10,"turns":4},{"damage":16,"enemies":"Gremlin Gang","floor":13,"turns":5},{"damage":11,"enemies":"Blue Slaver","floor":14,"turns":4},{"damage":6,"enemies":"Slime Boss","floor":16,"turns":6},{"damage":23,"enemies":"Chosen","floor":18,"turns":5},{"damage":35,"enemies":"Colosseum Slavers","floor":21,"turns":4},{"damage":33,"enemies":"Colosseum Nobs","floor":21,"turns":2}],"seed_played":"7782970497381378182","potions_obtained":[{"floor":13,"key":"Explosive Potion"},{"floor":14,"key":"AttackPotion"},{"floor":16,"key":"SpeedPotion"}],"is_trial":false,"path_per_floor":["M","?","?","$","M","R","E","M","T","M","$","R","M","M","R","B",null,"M","$","?","?"],"character_chosen":"IRONCLAD","items_purchased":["Spot Weakness","Pommel Strike"],"campfire_rested":1,"item_purchase_floors":[4,19],"current_hp_per_floor":[56,61,61,61,65,65,27,33,33,26,26,49,39,34,34,34,79,62,62,62,0],"gold":7,"neow_bonus":"THREE_RARE_CARDS","is_prod":false,"is_daily":false,"chose_seed":false,"campfire_upgraded":2,"win_rate":0,"timestamp":1546057607,"path_taken":["M","?","?","$","M","R","E","M","T","M","$","R","M","M","R","BOSS","M","$","?","?"],"build_version":"2018-12-20","purchased_purges":2,"victory":false,"max_hp_per_floor":[80,85,79,79,79,79,79,79,79,79,79,79,79,79,79,79,79,79,79,79,79],"card_choices":[{"not_picked":["Exhume","Demon Form"],"picked":"Offering","floor":0},{"not_picked":["Anger","Perfected Strike"],"picked":"Body Slam","floor":1},{"not_picked":["Searing Blow","Perfected Strike"],"picked":"Warcry","floor":5},{"not_picked":["Clothesline","Blood for Blood"],"picked":"Heavy Blade","floor":7},{"not_picked":["Warcry","Whirlwind"],"picked":"Dual Wield","floor":8},{"not_picked":["Perfected Strike","Hemokinesis"],"picked":"Clothesline","floor":10},{"not_picked":["Havoc","Bludgeon"],"picked":"Disarm","floor":10},{"not_picked":["Metallicize","Thunderclap"],"picked":"True Grit","floor":13},{"not_picked":["Power Through","Brutality"],"picked":"Thunderclap","floor":13},{"not_picked":["True Grit","Bloodletting"],"picked":"Flex","floor":14},{"not_picked":["Inflame","Flame Barrier"],"picked":"Infernal Blade","floor":14},{"not_picked":["Reaper","Limit Break"],"picked":"Barricade","floor":16},{"not_picked":[],"picked":"Intimidate+1","floor":18},{"not_picked":[],"picked":"Spot Weakness+1","floor":18}],"player_experience":230698,"relics_obtained":[{"floor":7,"key":"Pocketwatch"},{"floor":9,"key":"Prayer Wheel"}],"event_choices":[{"damage_healed":0,"gold_gain":0,"player_choice":"Donut","damage_taken":0,"max_hp_gain":5,"max_hp_loss":0,"event_name":"Big Fish","floor":2,"gold_loss":0},{"damage_healed":0,"gold_gain":0,"player_choice":"Lose Max HP","damage_taken":0,"relics_obtained":["Golden Idol"],"max_hp_gain":0,"max_hp_loss":6,"event_name":"Golden Idol","floor":3,"gold_loss":0},{"damage_healed":0,"gold_gain":0,"player_choice":"Obtained Relic","damage_taken":0,"relics_obtained":["Red Skull"],"max_hp_gain":0,"max_hp_loss":0,"event_name":"Addict","floor":20,"gold_loss":85},{"damage_healed":0,"gold_gain":0,"player_choice":"Fight","damage_taken":0,"max_hp_gain":0,"max_hp_loss":0,"event_name":"Colosseum","floor":21,"gold_loss":0},{"damage_healed":0,"gold_gain":0,"player_choice":"Fought Nobs","damage_taken":0,"max_hp_gain":0,"max_hp_loss":0,"event_name":"Colosseum","floor":21,"gold_loss":0}],"is_beta":false,"boss_relics":[{"not_picked":["Eternal Feather","Velvet Choker"],"picked":"Busted Crown"}],"items_purged_floors":[11,19],"is_endless":false,"potions_floor_spawned":[13,14,16,21],"killed_by":"Colosseum Nobs","ascension_level":3}