{"gold_per_floor":[119,138,10,22,22,22,57,57,57,57,57,91,110,128,128,206,206,225,243,243,20,20],"floor_reached":22,"playtime":976,"items_purged":["Strike_B"],"score":330,"play_id":"f6ff6773-bf05-4f06-ba2f-02970ac2c3f5","local_time":"20190601171914","is_ascension_mode":true,"campfire_choices":[{"data":"Sunder","floor":6,"key":"SMITH"},{"data":"Defragment","floor":8,"key":"SMITH"},{"data":"Zap","floor":11,"key":"SMITH"},{"floor":15,"key":"REST"}],"neow_cost":"NONE","seed_source_timestamp":509476859555946,"circlet_count":0,"master_deck":["AscendersBane","Strike_B","Strike_B","Strike_B","Defend_B","Defend_B+1","Defend_B","Defend_B","Zap+1","Dualcast","Sunder+1","Defragment+1","Loop+1","Ball Lightning+1","Leap","Genetic Algorithm","Core Surge","Hyperbeam","Sunder+1"],"relics":["Cracked Core","Ginger","Question Card","Pear","Eternal Feather","Regal Pillow"],"potions_floor_usage":[7,19,19],"damage_taken":[{"damage":8,"enemies":"Small Slimes","floor":1,"turns":3},{"damage":0,"enemies":"Cultist","floor":2,"turns":3},{"damage":0,"enemies":"2 Louse","floor":4,"turns":2},{"damage":5,"enemies":"Lagavulin","floor":7,"turns":6},{"damage":28,"enemies":"3 Sentries","floor":12,"turns":6},{"damage":5,"enemies":"Red Slaver","floor":13,"turns":3},{"damage":1,"enemies":"Exordium Thugs","floor":14,"turns":3},{"damage":12,"enemies":"Slime Boss","floor":16,"turns":6},{"damage":17,"enemies":"Spheric Guardian","floor":18,"turns":4},{"damage":25,"enemies":"3 Byrds","floor":19,"turns":5},{"damage":35,"enemies":"3 Cultists","floor":22,"turns":4}],"seed_played":"-8569521730718903047","potions_obtained":[{"floor":1,"key":"Block Potion"},{"floor":4,"key":"Weak Potion"},{"floor":7,"key":"EssenceOfSteel"},{"floor":19,"key":"GamblersBrew"}],"is_trial":false,"path_per_floor":["M","M","$","M","?","R","E","R","T","?","R","E","M","M","R","B",null,"M","M","?","$","M"],"character_chosen":"DEFECT","items_purchased":["Loop","Ball Lightning","Regal Pillow"],"campfire_rested":1,"item_purchase_floors":[3,3,21],"current_hp_per_floor":[63,63,63,63,47,47,42,42,42,42,42,24,19,18,44,32,74,57,32,32,32,0],"gold":20,"neow_bonus":"TEN_PERCENT_HP_BONUS","is_prod":false,"is_daily":false,"chose_seed":false,"campfire_upgraded":3,"win_rate":0,"timestamp":1559402354,"path_taken":["M","M","$","M","?","R","E","R","T","?","R","E","M","M","R","BOSS","M","M","?","$","M"],"build_version":"2019-01-23","purchased_purges":1,"victory":false,"max_hp_per_floor":[78,78,78,78,78,78,78,78,78,78,78,88,88,88,88,88,88,88,88,88,88,88],"card_choices":[{"not_picked":["Undo","Sweeping Beam"],"picked":"Sunder","floor":1},{"not_picked":["Rebound","Redo"],"picked":"Defragment","floor":2},{"not_picked":["Skim","Aggregate","Redo"],"picked":"SKIP","floor":4},{"not_picked":["Cold Snap","Gash"],"picked":"Leap","floor":7},{"not_picked":["Go for the Eyes","Blizzard","BootSequence"],"picked":"Genetic Algorithm","floor":12},{"not_picked":["Reprogram","Ball Lightning","Heatsinks"],"picked":"Core Surge","floor":13},{"not_picked":["Cold Snap","Leap","Steam","Ball Lightning"],"picked":"SKIP","floor":14},{"not_picked":["Reboot","Fission","Core Surge"],"picked":"Hyperbeam","floor":16},{"not_picked":["Rebound","Streamline","Cold Snap","Hello World"],"picked":"SKIP","floor":18},{"not_picked":["Rebound","Streamline","Cold Snap","Hello World"],"picked":"SKIP","floor":18},{"not_picked":["Gash","White Noise","Redo+1"],"picked":"Sunder+1","floor":19}],"player_experience":649703,"relics_obtained":[{"floor":7,"key":"Ginger"},{"floor":9,"key":"Question Card"},{"floor":12,"key":"Pear"}],"event_choices":[{"damage_healed":0,"gold_gain":0,"player_choice":"Entered Light","damage_taken":16,"max_hp_gain":0,"max_hp_loss":0,"event_name":"Shining Light","floor":5,"gold_loss":0,"cards_upgraded":["Ball Lightning","Defend_B"]},{"damage_healed":0,"gold_gain":0,"player_choice":"Grow","damage_taken":0,"max_hp_gain":0,"max_hp_loss":0,"event_name":"Living Wall","floor":10,"gold_loss":0,"cards_upgraded":["Loop"]},{"damage_healed":0,"gold_gain":0,"player_choice":"0 cards matched","damage_taken":0,"max_hp_gain":0,"max_hp_loss":0,"event_name":"Match and Keep!","floor":20,"gold_loss":0,"cards_obtained":[]}],"is_beta":false,"boss_relics":[{"not_picked":["Pandora\u0027s Box","Runic Dome"],"picked":"Eternal Feather"}],"items_purged_floors":[21],"is_endless":false,"potions_floor_spawned":[1,4,7,14,18,19],"killed_by":"3 Cultists","ascension_level":14}