{"gold_per_floor":[114,189,189,206,221,221,221,221,221,221,221,241,284,300,300,399,399,299,208,221,221],"floor_reached":21,"playtime":424,"items_purged":[],"score":479,"play_id":"55b05e65-55c4-4863-9a77-38e5d88b5dc9","local_time":"20190525115812","is_ascension_mode":true,"campfire_choices":[{"data":"Defragment","floor":6,"key":"SMITH"},{"data":"Defragment","floor":11,"key":"SMITH"},{"data":"Defragment","floor":15,"key":"SMITH"}],"neow_cost":"","seed_source_timestamp":216234118675400,"circlet_count":0,"master_deck":["Zap","Dualcast","Defend_B","Defend_B","Defend_B","Defragment+1","Defragment+1","Defragment+1","Defragment+1","Defragment+1","Strike_B","Strike_B","Cold Snap","Coolheaded","Defragment","Glacier","Echo Form","Cold Snap+1","Glacier"],"relics":["Cracked Core","Golden Idol","PreservedInsect","Molten Egg 2","Inserter","Juzu Bracelet"],"potions_floor_usage":[16,16],"damage_taken":[{"damage":14,"enemies":"Jaw Worm","floor":1,"turns":3},{"damage":17,"enemies":"Small Slimes","floor":4,"turns":4},{"damage":1,"enemies":"Cultist","floor":5,"turns":4},{"damage":7,"enemies":"3 Louse","floor":12,"turns":2},{"damage":18,"enemies":"3 Sentries","floor":13,"turns":6},{"damage":2,"enemies":"Looter","floor":14,"turns":4},{"damage":0,"enemies":"The Guardian","floor":16,"turns":10},{"damage":9,"enemies":"2 Thieves","floor":18,"turns":5},{"damage":36,"enemies":"3 Byrds","floor":20,"turns":6},{"damage":10,"enemies":"Centurion and Healer","floor":21,"turns":1}],"seed_played":"-852501678913522038","potions_obtained":[{"floor":4,"key":"Strength Potion"},{"floor":13,"key":"FearPotion"}],"is_trial":true,"path_per_floor":["M","?","?","M","M","R","?","?","T","?","R","M","E","M","R","B",null,"M","?","M","M"],"character_chosen":"DEFECT","items_purchased":[],"campfire_rested":0,"item_purchase_floors":[],"current_hp_per_floor":[50,39,39,22,21,21,21,21,21,42,42,35,17,15,15,15,52,43,43,7,0],"gold":221,"neow_bonus":"","is_prod":false,"is_daily":false,"chose_seed":false,"campfire_upgraded":3,"win_rate":0,"timestamp":1558753092,"path_taken":["M","?","?","?","M","R","?","?","T","?","R","M","E","M","R","BOSS","M","?","M","M"],"build_version":"2019-01-23","purchased_purges":0,"victory":false,"max_hp_per_floor":[71,71,71,71,71,71,71,64,64,64,64,64,64,64,64,64,64,64,64,64,64],"card_choices":[{"not_picked":["Streamline","Consume","Compile Driver"],"picked":"SKIP","floor":1},{"not_picked":["Stack","Conserve Battery"],"picked":"Cold Snap","floor":4},{"not_picked":["Streamline","Melter","Sunder"],"picked":"SKIP","floor":5},{"not_picked":["Aggregate","Skim"],"picked":"Coolheaded","floor":12},{"not_picked":["Cold Snap","Hello World"],"picked":"Defragment","floor":13},{"not_picked":["Hologram","Rip and Tear+1"],"picked":"Glacier","floor":14},{"not_picked":["Thunder Strike+1","Buffer"],"picked":"Echo Form","floor":16},{"not_picked":["Leap","Aggregate+1"],"picked":"Cold Snap+1","floor":18},{"not_picked":["Aggregate+1","Fusion"],"picked":"Glacier","floor":20}],"player_experience":5152578,"relics_obtained":[{"floor":9,"key":"PreservedInsect"},{"floor":13,"key":"Molten Egg 2"}],"event_choices":[{"damage_healed":0,"gold_gain":75,"player_choice":"Gather Gold","damage_taken":11,"max_hp_gain":0,"max_hp_loss":0,"event_name":"World of Goop","floor":2,"gold_loss":0},{"damage_healed":0,"gold_gain":0,"player_choice":"Forge","damage_taken":0,"max_hp_gain":0,"max_hp_loss":0,"event_name":"Accursed Blacksmith","floor":3,"gold_loss":0,"cards_upgraded":["Defragment"]},{"damage_healed":0,"gold_gain":0,"player_choice":"Grow","damage_taken":0,"max_hp_gain":0,"max_hp_loss":0,"event_name":"Living Wall","floor":7,"gold_loss":0,"cards_upgraded":["Defragment"]},{"damage_healed":0,"gold_gain":0,"player_choice":"Lose Max HP","damage_taken":0,"relics_obtained":["Golden Idol"],"max_hp_gain":0,"max_hp_loss":7,"event_name":"Golden Idol","floor":8,"gold_loss":0},{"damage_healed":21,"gold_gain":0,"player_choice":"Banana","damage_taken":0,"max_hp_gain":0,"max_hp_loss":0,"event_name":"Big Fish","floor":10,"gold_loss":0},{"damage_healed":0,"gold_gain":0,"player_choice":"Paid Gold","damage_taken":0,"relics_obtained":["Juzu Bracelet"],"max_hp_gain":0,"max_hp_loss":0,"event_name":"WeMeetAgain","floor":19,"gold_loss":91}],"is_beta":false,"boss_relics":[{"not_picked":["Sozu","Busted Crown"],"picked":"Inserter"}],"items_purged_floors":[],"is_endless":false,"potions_floor_spawned":[4,13,14],"killed_by":"Centurion and Healer","ascension_level":20}