{"gold_per_floor":[117,83,83,94,111,111,138,103,103,118,130,156,156,171,171,171],"floor_reached":16,"playtime":756,"items_purged":[],"score":185,"play_id":"c4c74630-2d56-430c-ae8a-b215c389225f","local_time":"20190530205427","is_ascension_mode":true,"campfire_choices":[{"data":"Zap","floor":6,"key":"SMITH"},{"data":"Consume","floor":13,"key":"SMITH"},{"data":"Recycle","floor":15,"key":"SMITH"}],"neow_cost":"NONE","seed_source_timestamp":349804497803986,"circlet_count":0,"master_deck":["AscendersBane","Strike_B","Strike_B","Strike_B","Defend_B","Defend_B","Defend_B","Defend_B","Zap+1","Dualcast","Ball Lightning","Self Repair","Gash","Coolheaded","Genetic Algorithm","Compile Driver","Consume+1","Recycle+1"],"relics":["Cracked Core","NeowsBlessing","Kunai","Cables","Boot"],"potions_floor_usage":[7,12],"damage_taken":[{"damage":0,"enemies":"Jaw Worm","floor":1,"turns":1},{"damage":0,"enemies":"Cultist","floor":4,"turns":1},{"damage":0,"enemies":"Small Slimes","floor":5,"turns":1},{"damage":28,"enemies":"3 Sentries","floor":7,"turns":9},{"damage":12,"enemies":"Gremlin Gang","floor":10,"turns":5},{"damage":24,"enemies":"Exordium Wildlife","floor":11,"turns":4},{"damage":18,"enemies":"Lagavulin","floor":12,"turns":6},{"damage":6,"enemies":"Exordium Thugs","floor":14,"turns":4},{"damage":50,"enemies":"Slime Boss","floor":16,"turns":8}],"seed_played":"4468463819792194980","potions_obtained":[{"floor":1,"key":"Swift Potion"},{"floor":10,"key":"LiquidBronze"}],"is_trial":false,"path_per_floor":["M","$","?","M","M","R","E","?","T","M","M","E","R","M","R","B"],"character_chosen":"DEFECT","items_purchased":["Self Repair"],"campfire_rested":0,"item_purchase_floors":[2],"current_hp_per_floor":[68,68,68,68,75,75,54,72,72,67,50,39,39,40,40,0],"gold":171,"neow_bonus":"THREE_ENEMY_KILL","is_prod":false,"is_daily":false,"chose_seed":false,"campfire_upgraded":3,"win_rate":0,"timestamp":1559242467,"path_taken":["M","$","?","?","M","R","E","?","T","M","M","E","R","M","R","BOSS"],"build_version":"2019-01-23","purchased_purges":0,"victory":false,"max_hp_per_floor":[75,75,75,75,75,75,75,75,75,75,75,75,75,75,75,75],"card_choices":[{"not_picked":["Blizzard","Leap"],"picked":"Ball Lightning","floor":1},{"not_picked":["Undo","Blizzard"],"picked":"Gash","floor":4},{"not_picked":["Barrage","Rip and Tear"],"picked":"Coolheaded","floor":5},{"not_picked":["Rebound","Streamline","Stack"],"picked":"SKIP","floor":7},{"not_picked":["Streamline","Beam Cell"],"picked":"Genetic Algorithm","floor":10},{"not_picked":["Auto Shields","Rebound"],"picked":"Compile Driver","floor":11},{"not_picked":["Cold Snap","Beam Cell"],"picked":"Consume","floor":12},{"not_picked":["Force Field","Compile Driver"],"picked":"Recycle","floor":14}],"player_experience":631913,"relics_obtained":[{"floor":7,"key":"Kunai"},{"floor":9,"key":"Cables"},{"floor":12,"key":"Boot"}],"event_choices":[{"cards_removed":["Strike_B"],"damage_healed":0,"gold_gain":0,"player_choice":"Offered Basic","damage_taken":0,"max_hp_gain":0,"max_hp_loss":0,"event_name":"Bonfire Elementals","floor":3,"gold_loss":0},{"damage_healed":18,"gold_gain":0,"player_choice":"Healed","damage_taken":0,"max_hp_gain":0,"max_hp_loss":0,"event_name":"The Cleric","floor":8,"gold_loss":35}],"is_beta":false,"boss_relics":[],"items_purged_floors":[],"is_endless":false,"potions_floor_spawned":[1,10],"killed_by":"Slime Boss","ascension_level":13}