{"gold_per_floor":[115,190,204,217,190,190,210,210,210,210,210,8,8,29,29,122,122,101,101],"floor_reached":19,"playtime":394,"items_purged":["Defend_B"],"score":318,"play_id":"34ad2979-4d3a-401d-8f5f-6cf232fa8c4b","local_time":"20190506001722","is_ascension_mode":true,"campfire_choices":[{"data":"Loop","floor":6.0,"key":"SMITH"},{"floor":10,"key":"REST"},{"data":"Consume","floor":13,"key":"SMITH"},{"data":"Lockon","floor":15,"key":"SMITH"}],"neow_cost":"NONE","seed_source_timestamp":22512854198400,"circlet_count":0,"master_deck":["AscendersBane","Strike_B","Strike_B","Defend_B","Defend_B","Defend_B","Zap","Dualcast","Redo","Streamline","Leap","BootSequence","Loop+1","Consume+1","Sunder","Self Repair","Lockon+1","Multi-Cast","Defragment"],"special_seed":0,"relics":["Cracked Core","Pear","Golden Idol","Inserter"],"potions_floor_usage":[16],"damage_taken":[{"damage":2.0,"enemies":"2 Louse","floor":1.0,"turns":3.0},{"damage":3.0,"enemies":"Small Slimes","floor":3.0,"turns":3.0},{"damage":3.0,"enemies":"Jaw Worm","floor":4.0,"turns":2.0},{"damage":1.0,"enemies":"Exordium Thugs","floor":5.0,"turns":5.0},{"damage":30.0,"enemies":"Gremlin Gang","floor":7.0,"turns":4.0},{"damage":6,"enemies":"3 Louse","floor":14,"turns":3},{"damage":11,"enemies":"The Guardian","floor":16,"turns":8},{"damage":31,"enemies":"2 Thieves","floor":18,"turns":5},{"damage":40,"enemies":"3 Byrds","floor":19,"turns":3}],"seed_played":"6106655310458260879","potions_obtained":[{"floor":4.0,"key":"AttackPotion"},{"floor":5.0,"key":"FocusPotion"},{"floor":18,"key":"SteroidPotion"}],"is_trial":false,"path_per_floor":["M","?","M","M","M","R","M","?","T","R","?","$","R","M","R","B",null,"M","M"],"character_chosen":"DEFECT","items_purchased":["Sunder","Self Repair"],"campfire_rested":1,"item_purchase_floors":[12,12],"current_hp_per_floor":[62,51,48,45,44,44,14,7,17,41,41,41,41,42,42,38,64,40,0],"gold":101,"neow_bonus":"TRANSFORM_CARD","is_prod":false,"is_daily":false,"chose_seed":false,"campfire_upgraded":3,"win_rate":0,"timestamp":1557069442,"path_taken":["M","?","M","M","M","R","M","?","T","R","?","$","R","M","R","BOSS","M","M"],"build_version":"2019-01-23","purchased_purges":1,"victory":false,"max_hp_per_floor":[71,71,71,71,71,71,71,71,81,81,73,73,73,73,73,73,73,73,73],"card_choices":[{"not_picked":["Stack","Beam Cell"],"picked":"Streamline","floor":1.0},{"not_picked":["Hologram","Consume"],"picked":"Leap","floor":3.0},{"not_picked":["Streamline","Fusion"],"picked":"BootSequence","floor":4.0},{"not_picked":["Go for the Eyes","Sweeping Beam"],"picked":"Loop","floor":5.0},{"not_picked":["Genetic Algorithm","Rebound"],"picked":"Consume","floor":7.0},{"not_picked":["Redo","Turbo"],"picked":"Lockon","floor":14},{"not_picked":["Meteor Strike","Machine Learning"],"picked":"Multi-Cast","floor":16},{"not_picked":["Storm","Sweeping Beam"],"picked":"Defragment","floor":18}],"player_experience":4919767,"relics_obtained":[{"floor":9,"key":"Pear"}],"event_choices":[{"damage_healed":0.0,"max_hp_gain":0.0,"max_hp_loss":0.0,"gold_gain":75.0,"event_name":"World of Goop","player_choice":"Gather Gold","floor":2.0,"gold_loss":0.0,"damage_taken":11.0},{"cards_removed":["Strike_B"],"damage_healed":0,"gold_gain":0,"player_choice":"Card Removal","damage_taken":7,"max_hp_gain":0,"max_hp_loss":0,"event_name":"Golden Wing","floor":8,"gold_loss":0},{"damage_healed":0,"gold_gain":0,"player_choice":"Lose Max HP","damage_taken":0,"relics_obtained":["Golden Idol"],"max_hp_gain":0,"max_hp_loss":8,"event_name":"Golden Idol","floor":11,"gold_loss":0}],"is_beta":false,"boss_relics":[{"not_picked":["Tiny House","Eternal Feather"],"picked":"Inserter"}],"items_purged_floors":[12],"is_endless":false,"potions_floor_spawned":[4,5,18],"killed_by":"3 Byrds","ascension_level":20}