{"gold_per_floor":[116,130,146,146,146,146,179,199,199,199,215,254,254,267,267,362,362,378,402,402,415,48,48,48,64,88,13,13,37,11,34,34,34],"floor_reached":33,"playtime":1027,"items_purged":["Defend_B"],"score":664,"play_id":"3360f59a-1693-40d4-be62-eb17482ed4b2","local_time":"20190314004630","is_ascension_mode":true,"campfire_choices":[{"data":"Buffer","floor":6,"key":"SMITH"},{"data":"Loop","floor":10,"key":"SMITH"},{"data":"Hologram","floor":15,"key":"SMITH"},{"data":"Defragment","floor":23,"key":"SMITH"},{"data":"Buffer","floor":28,"key":"SMITH"},{"data":"Creative AI","floor":32,"key":"SMITH"}],"neow_cost":"NONE","seed_source_timestamp":2819208283200,"circlet_count":0,"master_deck":["AscendersBane","Strike_B","Strike_B","Strike_B","Defend_B","Defend_B","Zap","Dualcast","Buffer+1","Streamline","Ball Lightning","Chill","Undo","Loop+1","Cold Snap","Hologram+1","Skim","Conserve Battery","Buffer+1","Conserve Battery","BootSequence","Glacier","Doom and Gloom","Biased Cognition","Buffer+1","Reprogram+1","Defragment+1","Turbo","Creative AI+1","Turbo"],"relics":["Cracked Core","Golden Idol","Singing Bowl","Nunchaku","Orrery","Membership Card","Tiny Chest","Strawberry","Bag of Marbles"],"potions_floor_usage":[16,25],"damage_taken":[{"damage":0,"enemies":"2 Louse","floor":1,"turns":3},{"damage":4,"enemies":"Small Slimes","floor":2,"turns":3},{"damage":4,"enemies":"Jaw Worm","floor":3,"turns":3},{"damage":7,"enemies":"Lagavulin","floor":7,"turns":7},{"damage":0,"enemies":"Large Slime","floor":8,"turns":6},{"damage":5,"enemies":"Lots of Slimes","floor":11,"turns":5},{"damage":0,"enemies":"Gremlin Nob","floor":12,"turns":5},{"damage":0,"enemies":"Red Slaver","floor":14,"turns":4},{"damage":0,"enemies":"The Guardian","floor":16,"turns":13},{"damage":4,"enemies":"Chosen","floor":18,"turns":5},{"damage":8,"enemies":"Spheric Guardian","floor":19,"turns":8},{"damage":15,"enemies":"Centurion and Healer","floor":21,"turns":11},{"damage":4,"enemies":"Shelled Parasite and Fungi","floor":25,"turns":9},{"damage":0,"enemies":"Snake Plant","floor":29,"turns":6},{"damage":44,"enemies":"Collector","floor":33,"turns":3}],"seed_played":"154256382508833814","potions_obtained":[{"floor":1,"key":"Fire Potion"},{"floor":11,"key":"FocusPotion"},{"floor":16,"key":"LiquidBronze"},{"floor":18,"key":"SteroidPotion"},{"floor":19,"key":"FocusPotion"}],"is_trial":false,"path_per_floor":["M","M","M","?","?","R","E","M","T","R","M","E","?","M","R","B",null,"M","M","?","M","$","R","?","M","T","?","R","M","$","T","R","B"],"character_chosen":"DEFECT","items_purchased":["Membership Card","Tiny Chest","Defragment","Turbo","Turbo"],"campfire_rested":0,"item_purchase_floors":[22,22,22,22,30],"current_hp_per_floor":[64,60,56,56,56,56,49,49,49,49,44,44,44,44,44,44,61,57,51,51,36,36,36,36,34,41,41,41,41,41,41,41,0],"gold":34,"neow_bonus":"ONE_RANDOM_RARE_CARD","is_prod":false,"is_daily":false,"chose_seed":false,"campfire_upgraded":6,"win_rate":0,"timestamp":1552491990,"path_taken":["M","M","M","?","?","R","E","M","T","R","M","E","?","?","R","BOSS","M","M","?","?","?","R","?","M","T","?","R","M","?","?","R","BOSS"],"build_version":"2019-01-23","purchased_purges":1,"victory":false,"max_hp_per_floor":[71,71,71,64,64,64,64,64,64,64,64,64,64,64,64,64,66,66,68,68,68,68,68,68,70,77,77,77,77,77,77,77,77],"card_choices":[{"not_picked":["Stack","Rebound"],"picked":"Streamline","floor":1},{"not_picked":["Streamline","Gash"],"picked":"Ball Lightning","floor":2},{"not_picked":["Coolheaded","Steam"],"picked":"Chill","floor":3},{"not_picked":["All For One","White Noise"],"picked":"Undo","floor":7},{"not_picked":["Coolheaded","Steam Power"],"picked":"Loop","floor":8},{"not_picked":["Loop","Redo"],"picked":"Cold Snap","floor":11},{"not_picked":["Leap","Redo"],"picked":"Hologram","floor":12},{"not_picked":["Lockon","Doom and Gloom"],"picked":"Conserve Battery","floor":14},{"not_picked":["Multi-Cast","Reboot"],"picked":"Buffer","floor":16},{"not_picked":["Ball Lightning","Redo"],"picked":"Conserve Battery","floor":17},{"not_picked":["Rebound","Beam Cell"],"picked":"BootSequence","floor":17},{"not_picked":["Chaos","Conserve Battery"],"picked":"Glacier","floor":17},{"not_picked":["Coolheaded","BootSequence"],"picked":"Doom and Gloom","floor":17},{"not_picked":["Rebound","Storm","Stack"],"picked":"Singing Bowl","floor":17},{"not_picked":["Rebound","Coolheaded"],"picked":"Biased Cognition","floor":18},{"not_picked":["Gash","Darkness","Loop"],"picked":"Singing Bowl","floor":19},{"not_picked":["Melter","Ball Lightning"],"picked":"Reprogram+1","floor":21},{"not_picked":["Steam","BootSequence","Steam Power+1"],"picked":"Singing Bowl","floor":25},{"not_picked":["Coolheaded","Conserve Battery"],"picked":"Creative AI","floor":29}],"player_experience":4534325,"relics_obtained":[{"floor":7,"key":"Singing Bowl"},{"floor":12,"key":"Nunchaku"},{"floor":26,"key":"Strawberry"},{"floor":31,"key":"Bag of Marbles"}],"event_choices":[{"damage_healed":0,"gold_gain":0,"player_choice":"Lose Max HP","damage_taken":0,"relics_obtained":["Golden Idol"],"max_hp_gain":0,"max_hp_loss":7,"event_name":"Golden Idol","floor":4,"gold_loss":0},{"damage_healed":0,"gold_gain":0,"player_choice":"Ignored","damage_taken":0,"max_hp_gain":0,"max_hp_loss":0,"event_name":"Liars Game","floor":5,"gold_loss":0},{"damage_healed":0,"gold_gain":0,"cards_transformed":["Strike_B"],"player_choice":"Change","damage_taken":0,"max_hp_gain":0,"max_hp_loss":0,"event_name":"Living Wall","floor":13,"gold_loss":0,"cards_obtained":["Skim"]},{"damage_healed":0,"gold_gain":0,"player_choice":"Copied","damage_taken":0,"max_hp_gain":0,"max_hp_loss":0,"event_name":"Duplicator","floor":20,"gold_loss":0,"cards_obtained":["Buffer"]},{"damage_healed":0,"gold_gain":0,"player_choice":"Ignored","damage_taken":0,"max_hp_gain":0,"max_hp_loss":0,"event_name":"Ghosts","floor":24,"gold_loss":0},{"cards_removed":["Defend_B"],"damage_healed":0,"gold_gain":0,"player_choice":"Gave Gold","damage_taken":0,"max_hp_gain":0,"max_hp_loss":0,"event_name":"Beggar","floor":27,"gold_loss":75}],"is_beta":false,"boss_relics":[{"not_picked":["White Beast Statue","Tiny House"],"picked":"Orrery"}],"items_purged_floors":[22],"is_endless":false,"potions_floor_spawned":[1,11,12,16,18,19],"killed_by":"Collector","ascension_level":20}