{"gold_per_floor":[113,123,103,120,120,149,149,159,159,178,28,28,54,66,66,138,138,157,174,174,194,158,192,192,210,210,220,220,289,289,301,301,301],"floor_reached":33,"playtime":2072,"items_purged":[],"score":478,"play_id":"03e41c86-9acf-4aa1-9c97-241997f04a7d","local_time":"20190531190905","is_ascension_mode":true,"campfire_choices":[{"data":"White Noise","floor":7,"key":"SMITH"},{"floor":15,"key":"REST"},{"data":"Biased Cognition","floor":28,"key":"SMITH"},{"data":"Biased Cognition","floor":30,"key":"SMITH"},{"data":"Barrage","floor":32,"key":"SMITH"}],"neow_cost":"NONE","seed_source_timestamp":428567850371171,"circlet_count":0,"master_deck":["AscendersBane","Strike_B+1","Strike_B+1","Strike_B+1","Strike_B+1","Defend_B+1","Defend_B+1","Defend_B+1","Defend_B+1","Zap","Dualcast","Sweeping Beam","Conserve Battery","White Noise+1","Coolheaded","Ball Lightning","Barrage+1","Biased Cognition+1","Go for the Eyes","Biased Cognition+1","Coolheaded","Self Repair","Static Discharge","Core Surge","Coolheaded","Self Repair+1","Self Repair+1"],"relics":["Cracked Core","Incense Burner","Symbiotic Virus","Happy Flower","Kunai","Bag of Preparation","Eternal Feather","Mummified Hand","SsserpentHead","Frozen Egg 2"],"potions_floor_usage":[6,6],"damage_taken":[{"damage":2,"enemies":"Jaw Worm","floor":1,"turns":3},{"damage":1,"enemies":"Cultist","floor":2,"turns":3},{"damage":9,"enemies":"2 Louse","floor":4,"turns":3},{"damage":13,"enemies":"Gremlin Nob","floor":6,"turns":3},{"damage":0,"enemies":"2 Fungi Beasts","floor":8,"turns":2},{"damage":0,"enemies":"Exordium Thugs","floor":10,"turns":3},{"damage":6,"enemies":"3 Sentries","floor":13,"turns":6},{"damage":0,"enemies":"Blue Slaver","floor":14,"turns":2},{"damage":14,"enemies":"Hexaghost","floor":16,"turns":9},{"damage":0,"enemies":"3 Byrds","floor":18,"turns":3},{"damage":0,"enemies":"Chosen","floor":19,"turns":3},{"damage":14,"enemies":"Shelled Parasite and Fungi","floor":21,"turns":3},{"damage":15,"enemies":"Slavers","floor":23,"turns":8},{"damage":18,"enemies":"Centurion and Healer","floor":25,"turns":7},{"damage":3,"enemies":"Snecko","floor":27,"turns":5},{"damage":0,"enemies":"Cultist and Chosen","floor":29,"turns":5},{"damage":18,"enemies":"Shelled Parasite and Fungi","floor":31,"turns":8},{"damage":106,"enemies":"Champ","floor":33,"turns":16}],"seed_played":"1956012783426961599","potions_obtained":[{"floor":3,"key":"Fire Potion"},{"floor":4,"key":"Fire Potion"},{"floor":6,"key":"LiquidBronze"},{"floor":13,"key":"Explosive Potion"}],"is_trial":false,"path_per_floor":["M","M","?","M","?","E","R","M","T","M","$","?","E","M","R","B",null,"M","M","?","M","$","E","?","M","T","M","R","M","R","M","R","B"],"character_chosen":"DEFECT","items_purchased":["Happy Flower","Static Discharge"],"campfire_rested":1,"item_purchase_floors":[11,22],"current_hp_per_floor":[69,68,68,59,59,46,46,46,46,46,46,21,15,15,38,24,65,65,65,65,51,51,43,43,32,32,36,51,68,78,78,78,0],"gold":301,"neow_bonus":"TEN_PERCENT_HP_BONUS","is_prod":false,"is_daily":false,"chose_seed":false,"campfire_upgraded":4,"win_rate":0,"timestamp":1559322545,"path_taken":["M","M","?","?","?","E","R","?","T","M","$","?","E","M","R","BOSS","M","M","?","M","$","E","?","M","T","M","R","?","R","M","R","BOSS"],"build_version":"2019-01-23","purchased_purges":0,"victory":false,"max_hp_per_floor":[78,78,78,78,78,78,78,78,78,78,78,78,78,78,78,78,78,78,78,78,78,78,78,78,78,78,78,78,78,78,78,78,78],"card_choices":[{"not_picked":["Redo","Gash"],"picked":"Sweeping Beam","floor":1},{"not_picked":["Heatsinks","Beam Cell"],"picked":"Conserve Battery","floor":2},{"not_picked":["Leap","Gash"],"picked":"White Noise","floor":4},{"not_picked":["Storm","Fusion"],"picked":"Ball Lightning","floor":6},{"not_picked":["Gash","Streamline"],"picked":"Barrage","floor":8},{"not_picked":["Gash","Steam Power","Storm"],"picked":"SKIP","floor":10},{"not_picked":["Blizzard","Genetic Algorithm"],"picked":"Biased Cognition","floor":13},{"not_picked":["Conserve Battery","Cold Snap"],"picked":"Go for the Eyes","floor":14},{"not_picked":["Machine Learning","Hyperbeam"],"picked":"Biased Cognition","floor":16},{"not_picked":["Gash","Scrape+1","Beam Cell"],"picked":"SKIP","floor":18},{"not_picked":["Heatsinks","Cold Snap"],"picked":"Coolheaded","floor":19},{"not_picked":["Auto Shields+1","Go for the Eyes"],"picked":"Self Repair","floor":21},{"not_picked":["Recycle","Tempest"],"picked":"Core Surge","floor":23},{"not_picked":["White Noise","Steam Power"],"picked":"Coolheaded","floor":25},{"not_picked":["Undo","Reprogram"],"picked":"Self Repair+1","floor":27},{"not_picked":["Tempest","Steam"],"picked":"Self Repair+1","floor":29},{"not_picked":["Rebound","Streamline+1","Leap"],"picked":"SKIP","floor":31}],"player_experience":640206,"relics_obtained":[{"floor":6,"key":"Incense Burner"},{"floor":9,"key":"Symbiotic Virus"},{"floor":13,"key":"Bag of Preparation"},{"floor":23,"key":"Mummified Hand"},{"floor":26,"key":"Frozen Egg 2"}],"event_choices":[{"damage_healed":0,"gold_gain":0,"player_choice":"Bought 1 Potion","damage_taken":0,"max_hp_gain":0,"max_hp_loss":0,"event_name":"The Woman in Blue","floor":3,"gold_loss":0},{"damage_healed":0,"gold_gain":0,"player_choice":"1 cards matched","damage_taken":0,"max_hp_gain":0,"max_hp_loss":0,"event_name":"Match and Keep!","floor":5,"gold_loss":0,"cards_obtained":["Coolheaded"]},{"damage_healed":0,"gold_gain":0,"player_choice":"Success","damage_taken":25,"relics_obtained":["Kunai"],"max_hp_gain":0,"max_hp_loss":0,"event_name":"Scrap Ooze","floor":12,"gold_loss":0},{"damage_healed":0,"gold_gain":0,"player_choice":"Simplicity","damage_taken":0,"max_hp_gain":0,"max_hp_loss":0,"event_name":"Back to Basics","floor":20,"gold_loss":0,"cards_upgraded":["Strike_B","Strike_B","Strike_B","Strike_B","Defend_B","Defend_B","Defend_B","Defend_B"]},{"damage_healed":0,"gold_gain":0,"player_choice":"Trade","damage_taken":0,"relics_obtained":["SsserpentHead"],"max_hp_gain":0,"max_hp_loss":0,"event_name":"FaceTrader","floor":24,"gold_loss":0}],"is_beta":false,"boss_relics":[{"not_picked":["Coffee Dripper","Calling Bell"],"picked":"Eternal Feather"}],"items_purged_floors":[],"is_endless":false,"potions_floor_spawned":[4,6,13,14,25,27,29],"killed_by":"Champ","ascension_level":14}