{"gold_per_floor":[210,227,151,169,169,209,209,245,270,270,296,296,335,354,354,354],"floor_reached":16,"playtime":615,"items_purged":[],"score":171,"play_id":"0ac88336-e46a-49fa-bcf7-1a66beeaf3d0","local_time":"20190414192628","is_ascension_mode":true,"campfire_choices":[{"floor":7,"key":"REST"},{"floor":10,"key":"REST"},{"data":"Zap","floor":12,"key":"SMITH"},{"floor":15,"key":"REST"}],"neow_cost":"NONE","seed_source_timestamp":254753250184959,"circlet_count":0,"master_deck":["Strike_B","Strike_B","Strike_B","Strike_B","Defend_B+1","Defend_B+1","Defend_B","Defend_B","Zap+1","Dualcast","Auto Shields","Gash","Lockon","Gash","Steam","Undo"],"relics":["Cracked Core","Golden Idol","Potion Belt","Boot","War Paint","Happy Flower","Centennial Puzzle"],"potions_floor_usage":[8,8,14],"damage_taken":[{"damage":0,"enemies":"2 Louse","floor":1,"turns":2},{"damage":2,"enemies":"Jaw Worm","floor":2,"turns":4},{"damage":1,"enemies":"Cultist","floor":4,"turns":3},{"damage":45,"enemies":"3 Sentries","floor":6,"turns":7},{"damage":25,"enemies":"Gremlin Nob","floor":8,"turns":5},{"damage":32,"enemies":"3 Sentries","floor":13,"turns":8},{"damage":2,"enemies":"Gremlin Gang","floor":14,"turns":3},{"damage":23,"enemies":"The Guardian","floor":16,"turns":9}],"seed_played":"4440845366644814031","potions_obtained":[{"floor":1,"key":"SpeedPotion"},{"floor":6,"key":"Block Potion"},{"floor":13,"key":"AttackPotion"}],"is_trial":false,"path_per_floor":["M","M","$","M","?","E","R","E","T","R","T","R","E","M","R","B"],"character_chosen":"DEFECT","items_purchased":["Lockon"],"campfire_rested":3,"item_purchase_floors":[3],"current_hp_per_floor":[68,66,66,65,65,20,40,15,15,35,35,35,3,1,21,0],"gold":354,"neow_bonus":"HUNDRED_GOLD","is_prod":false,"is_daily":false,"chose_seed":false,"campfire_upgraded":1,"win_rate":0,"timestamp":1555262788,"path_taken":["M","M","$","M","?","E","R","E","T","R","?","R","E","M","R","BOSS"],"build_version":"2019-01-23","purchased_purges":0,"victory":false,"max_hp_per_floor":[75,75,75,75,69,69,69,69,69,69,69,69,69,69,69,69],"card_choices":[{"not_picked":["Tempest","Hologram"],"picked":"Auto Shields","floor":1},{"not_picked":["Auto Shields","Chill"],"picked":"Gash","floor":2},{"not_picked":["Hello World","Beam Cell"],"picked":"Gash","floor":4},{"not_picked":["Skim","Steam Power","Genetic Algorithm"],"picked":"SKIP","floor":6},{"not_picked":["FTL","Streamline"],"picked":"Steam","floor":8},{"not_picked":["Doom and Gloom","Beam Cell"],"picked":"Undo","floor":13},{"not_picked":["Scrape","Rainbow","Sweeping Beam"],"picked":"SKIP","floor":14}],"player_experience":448947,"relics_obtained":[{"floor":6,"key":"Potion Belt"},{"floor":8,"key":"Boot"},{"floor":9,"key":"War Paint"},{"floor":11,"key":"Happy Flower"},{"floor":13,"key":"Centennial Puzzle"}],"event_choices":[{"damage_healed":0,"gold_gain":0,"player_choice":"Lose Max HP","damage_taken":0,"relics_obtained":["Golden Idol"],"max_hp_gain":0,"max_hp_loss":6,"event_name":"Golden Idol","floor":5,"gold_loss":0}],"is_beta":false,"boss_relics":[],"items_purged_floors":[],"is_endless":false,"potions_floor_spawned":[1,6,13],"killed_by":"The Guardian","ascension_level":9}