{"gold_per_floor":[12,22,33,33,45,45,79,79,131,131,151,210,223,257,257,333,333,347,347,361,361,361],"floor_reached":22,"playtime":1697,"items_purged":[],"score":409,"play_id":"107e4a54-d35e-4006-b32f-0505d4614666","local_time":"20190415200952","is_ascension_mode":true,"campfire_choices":[{"data":"Loop","floor":6,"key":"SMITH"},{"floor":8,"key":"REST"},{"floor":10,"key":"REST"},{"data":"Recycle","floor":15,"key":"SMITH"}],"neow_cost":"NO_GOLD","seed_source_timestamp":273381696735240,"circlet_count":0,"master_deck":["AscendersBane","Defend_B+1","Defend_B+1","Defend_B+1","Defend_B+1","Zap","Dualcast","Loop+1","Leap","Steam","Glacier","Streamline","Steam","Reinforced Body","Conserve Battery","Recycle+1","Buffer","Force Field","Skim"],"relics":["Cracked Core","Ginger","Gremlin Horn","Bronze Scales","Anchor","Empty Cage"],"potions_floor_usage":[5,7,7,22,22],"damage_taken":[{"damage":9,"enemies":"Small Slimes","floor":1,"turns":3},{"damage":4,"enemies":"Jaw Worm","floor":2,"turns":4},{"damage":10,"enemies":"2 Louse","floor":3,"turns":2},{"damage":6,"enemies":"Large Slime","floor":5,"turns":5},{"damage":25,"enemies":"Lagavulin","floor":7,"turns":10},{"damage":0,"enemies":"3 Louse","floor":11,"turns":4},{"damage":24,"enemies":"Gremlin Nob","floor":12,"turns":4},{"damage":0,"enemies":"Lots of Slimes","floor":13,"turns":3},{"damage":0,"enemies":"3 Sentries","floor":14,"turns":11},{"damage":12,"enemies":"Hexaghost","floor":16,"turns":12},{"damage":31,"enemies":"Chosen","floor":18,"turns":6},{"damage":0,"enemies":"Spheric Guardian","floor":20,"turns":10},{"damage":8,"enemies":"Centurion and Healer","floor":22,"turns":19}],"seed_played":"3412328689878821243","potions_obtained":[{"floor":1,"key":"Fire Potion"},{"floor":3,"key":"Weak Potion"},{"floor":5,"key":"FearPotion"},{"floor":12,"key":"Energy Potion"},{"floor":16,"key":"Energy Potion"}],"is_trial":false,"path_per_floor":["M","M","M","?","M","R","E","R","T","R","M","?","M","E","R","B",null,"M","?","M","?","M"],"character_chosen":"DEFECT","items_purchased":[],"campfire_rested":2,"item_purchase_floors":[],"current_hp_per_floor":[55,51,41,41,35,35,10,31,31,52,52,28,28,28,28,16,57,26,26,26,26,18],"gold":361,"neow_bonus":"ONE_RARE_RELIC","is_prod":false,"is_daily":false,"chose_seed":false,"campfire_upgraded":2,"win_rate":0,"timestamp":1555326592,"path_taken":["M","M","M","?","M","R","E","R","T","R","M","?","M","E","R","BOSS","M","?","M","?","M"],"build_version":"2019-04-04","purchased_purges":0,"victory":false,"max_hp_per_floor":[71,71,71,71,71,71,71,71,71,71,71,71,71,71,71,71,71,71,71,71,71,71],"card_choices":[{"not_picked":["Aggregate","Rebound"],"picked":"Loop","floor":1},{"not_picked":["Consume","Blizzard"],"picked":"Leap","floor":2},{"not_picked":["Compile Driver","Stack"],"picked":"Steam","floor":3},{"not_picked":["Conserve Battery","Coolheaded"],"picked":"Glacier","floor":5},{"not_picked":["Barrage","Scrape"],"picked":"Streamline","floor":7},{"not_picked":["Hello World","Beam Cell"],"picked":"Steam","floor":11},{"not_picked":["Lockon","Redo"],"picked":"Reinforced Body","floor":12},{"not_picked":["Static Discharge","Turbo"],"picked":"Conserve Battery","floor":13},{"not_picked":["Reinforced Body","Redo"],"picked":"Recycle","floor":14},{"not_picked":["Thunder Strike","Rainbow"],"picked":"Buffer","floor":16},{"not_picked":["Stack","Rebound","Turbo"],"picked":"SKIP","floor":18},{"not_picked":["Compile Driver","Turbo","Leap"],"picked":"SKIP","floor":20}],"player_experience":2951953,"relics_obtained":[{"floor":7,"key":"Gremlin Horn"},{"floor":12,"key":"Bronze Scales"},{"floor":14,"key":"Anchor"}],"event_choices":[{"damage_healed":0,"gold_gain":0,"player_choice":"Leave","damage_taken":0,"max_hp_gain":0,"max_hp_loss":0,"event_name":"The Cleric","floor":4,"gold_loss":0},{"damage_healed":0,"gold_gain":0,"player_choice":"Searched \u00271\u0027 times","damage_taken":0,"max_hp_gain":0,"max_hp_loss":0,"event_name":"Dead Adventurer","floor":12,"gold_loss":0},{"damage_healed":0,"gold_gain":0,"cards_transformed":["Strike_B","Strike_B"],"player_choice":"Became Test Subject","damage_taken":0,"max_hp_gain":0,"max_hp_loss":0,"event_name":"Drug Dealer","floor":19,"gold_loss":0,"cards_obtained":["Force Field","Skim"]},{"damage_healed":0,"gold_gain":0,"player_choice":"Simplicity","damage_taken":0,"max_hp_gain":0,"max_hp_loss":0,"event_name":"Back to Basics","floor":21,"gold_loss":0,"cards_upgraded":["Defend_B","Defend_B","Defend_B","Defend_B"]}],"is_beta":true,"boss_relics":[{"not_picked":["Runic Dome","Eternal Feather"],"picked":"Empty Cage"}],"items_purged_floors":[],"is_endless":false,"potions_floor_spawned":[1,3,5,12,16,20],"killed_by":"Centurion and Healer","ascension_level":17}