{"gold_per_floor":[216,107,182,357,368,368,368,380,380,413,413,432,457,473,473,570,570,590,600,290,308,359,359,212,212,239,254,254,268,268,278,278,375,375,394,409,97,67,17,17,33,33,79,412,412,439,47,78,78,78],"floor_reached":51,"playtime":4398,"items_purged":["Strike_R","Doubt","Strike_R","Strike_R","Strike_R","Defend_R"],"score":890,"play_id":"834a208f-df9b-422e-9790-299c8aaca2c7","local_time":"20181226212822","is_ascension_mode":true,"campfire_choices":[{"data":"Infernal Blade","floor":6,"key":"SMITH"},{"data":"Armaments","floor":11,"key":"SMITH"},{"floor":15,"key":"REST"},{"data":"Limit Break","floor":23,"key":"SMITH"},{"floor":30,"key":"REST"},{"floor":32,"key":"REST"},{"floor":40,"key":"REST"},{"floor":42,"key":"REST"},{"floor":45,"key":"REST"},{"floor":49,"key":"DIG"}],"neow_cost":"NONE","seed_source_timestamp":342101403537532,"circlet_count":0,"master_deck":["Defend_R","Defend_R","Defend_R","Bash","Hemokinesis","Infernal Blade+1","Demon Form","Feed","Flame Barrier","Armaments+1","Second Wind","Rage","Disarm","Limit Break+1","Thunderclap+1","Headbutt","Flex","Twin Strike+1","Flex+1","Feed","Heavy Blade+1","Flex+1","Flex+1"],"relics":["Burning Blood","Shovel","Pantograph","Pocketwatch","Black Star","TheAbacus","Smiling Mask","Boot","Fusion Hammer","Shuriken","Centennial Puzzle","Old Coin","PreservedInsect","Torii","Lantern","Lee\u0027s Waffle","Happy Flower","Regal Pillow","Bottled Flame","Bag of Preparation"],"potions_floor_usage":[16,19,25,27,29,31,31,33,41,44,50],"damage_taken":[{"damage":12,"enemies":"Jaw Worm","floor":1,"turns":2},{"damage":1,"enemies":"2 Louse","floor":5,"turns":3},{"damage":4,"enemies":"Cultist","floor":8,"turns":3},{"damage":31,"enemies":"3 Sentries","floor":10,"turns":7},{"damage":13,"enemies":"3 Louse","floor":12,"turns":3},{"damage":26,"enemies":"Gremlin Nob","floor":13,"turns":4},{"damage":9,"enemies":"Lots of Slimes","floor":14,"turns":4},{"damage":32,"enemies":"Hexaghost","floor":16,"turns":9},{"damage":8,"enemies":"Chosen","floor":18,"turns":8},{"damage":33,"enemies":"2 Thieves","floor":19,"turns":4},{"damage":14,"enemies":"Centurion and Healer","floor":21,"turns":9},{"damage":32,"enemies":"Snake Plant","floor":27,"turns":6},{"damage":29,"enemies":"Cultist and Chosen","floor":29,"turns":6},{"damage":46,"enemies":"Sentry and Sphere","floor":31,"turns":8},{"damage":56,"enemies":"Collector","floor":33,"turns":8},{"damage":41,"enemies":"3 Darklings","floor":35,"turns":5},{"damage":49,"enemies":"3 Shapes","floor":36,"turns":5},{"damage":34,"enemies":"Spire Growth","floor":41,"turns":4},{"damage":25,"enemies":"Nemesis","floor":44,"turns":5},{"damage":51,"enemies":"Giant Head","floor":46,"turns":7},{"damage":35,"enemies":"Nemesis","floor":48,"turns":3},{"damage":83,"enemies":"Time Eater","floor":50,"turns":7}],"seed_played":"2906257561779305215","potions_obtained":[{"floor":1,"key":"Ancient Potion"},{"floor":14,"key":"EssenceOfSteel"},{"floor":16,"key":"GamblersBrew"},{"floor":18,"key":"Strength Potion"},{"floor":25,"key":"Fruit Juice"},{"floor":25,"key":"Explosive Potion"},{"floor":29,"key":"Fire Potion"},{"floor":31,"key":"Weak Potion"},{"floor":36,"key":"GamblersBrew"},{"floor":38,"key":"Ancient Potion"},{"floor":38,"key":"SkillPotion"},{"floor":44,"key":"Fire Potion"},{"floor":48,"key":"Ancient Potion"}],"is_trial":false,"path_per_floor":["M","$","?","?","M","R","?","M","T","E","R","M","E","M","R","B",null,"M","M","$","M","T","R","$","?","T","M","?","M","R","M","R","B",null,"M","M","$","?","$","R","M","R","T","E","R","E","$","E","R","B",null],"character_chosen":"IRONCLAD","items_purchased":["Infernal Blade","TheAbacus","Flex","PowerPotion","Shuriken","Lee\u0027s Waffle","Happy Flower"],"campfire_rested":6,"item_purchase_floors":[2,20,24,24,37,47,47],"current_hp_per_floor":[74,74,63,63,68,68,68,73,73,51,51,44,24,25,52,51,90,88,64,64,56,56,56,56,61,61,39,39,19,50,10,41,16,105,70,30,30,30,30,62,34,66,66,47,79,34,115,89,89,37],"gold":78,"neow_bonus":"HUNDRED_GOLD","is_prod":false,"is_daily":false,"chose_seed":false,"campfire_upgraded":3,"win_rate":0,"timestamp":1545827302,"path_taken":["M","$","?","?","M","R","?","M","T","E","R","M","E","M","R","BOSS","M","M","$","M","?","R","$","?","T","?","?","M","R","M","R","BOSS","M","M","$","?","$","R","M","R","T","E","R","E","$","E","R","BOSS"],"build_version":"2018-12-20","purchased_purges":6,"victory":true,"max_hp_per_floor":[80,80,80,80,80,80,80,83,83,86,86,86,86,90,90,90,90,90,93,93,93,93,93,93,98,98,102,102,105,105,105,105,105,105,105,108,108,108,108,108,108,108,108,108,108,108,115,118,118,118],"card_choices":[{"not_picked":["Iron Wave","Twin Strike"],"picked":"Hemokinesis","floor":1},{"not_picked":["Twin Strike","Warcry"],"picked":"Demon Form","floor":5},{"not_picked":["Havoc","Clash"],"picked":"Flame Barrier","floor":8},{"not_picked":["Twin Strike","Disarm"],"picked":"Armaments","floor":10},{"not_picked":["Anger","Armaments"],"picked":"Second Wind","floor":12},{"not_picked":["Burning Pact","True Grit"],"picked":"Rage","floor":13},{"not_picked":["Heavy Blade","Clash"],"picked":"Disarm","floor":14},{"not_picked":["Fiend Fire","Reaper"],"picked":"Limit Break","floor":16},{"not_picked":["Fire Breathing","Carnage"],"picked":"Thunderclap+1","floor":18},{"not_picked":["Warcry","Iron Wave"],"picked":"Headbutt","floor":19},{"not_picked":["Disarm","Combust","Limit Break"],"picked":"SKIP","floor":21},{"not_picked":["Sword Boomerang","Shockwave"],"picked":"Twin Strike+1","floor":27},{"not_picked":["Sentinel+1","Whirlwind"],"picked":"Flex+1","floor":29},{"not_picked":["Power Through","Evolve+1","Twin Strike"],"picked":"SKIP","floor":31},{"not_picked":["Bludgeon","Fiend Fire"],"picked":"Feed","floor":33},{"not_picked":["Reckless Charge+1","Power Through"],"picked":"Heavy Blade+1","floor":35},{"not_picked":["Warcry+1","Clothesline","Wild Strike+1"],"picked":"SKIP","floor":36},{"not_picked":["Clash","Warcry+1"],"picked":"Flex+1","floor":41},{"not_picked":["Fiend Fire","Disarm","Havoc"],"picked":"SKIP","floor":44},{"not_picked":["Armaments+1","Warcry+1"],"picked":"Flex+1","floor":46},{"not_picked":["Shrug It Off","Twin Strike+1","Havoc+1"],"picked":"SKIP","floor":48}],"player_experience":214143,"relics_obtained":[{"floor":9,"key":"Shovel"},{"floor":10,"key":"Pantograph"},{"floor":13,"key":"Pocketwatch"},{"floor":22,"key":"Smiling Mask"},{"floor":26,"key":"Boot"},{"floor":43,"key":"Centennial Puzzle"},{"floor":44,"key":"Old Coin"},{"floor":44,"key":"PreservedInsect"},{"floor":46,"key":"Torii"},{"floor":46,"key":"Lantern"},{"floor":48,"key":"Regal Pillow"},{"floor":48,"key":"Bottled Flame"},{"floor":49,"key":"Bag of Preparation"}],"event_choices":[{"damage_healed":0,"gold_gain":75,"player_choice":"Gather Gold","damage_taken":11,"max_hp_gain":0,"max_hp_loss":0,"event_name":"World of Goop","floor":3,"gold_loss":0},{"damage_healed":0,"gold_gain":175,"player_choice":"AGREE","damage_taken":0,"max_hp_gain":0,"max_hp_loss":0,"event_name":"Liars Game","floor":4,"gold_loss":0,"cards_obtained":["Doubt"]},{"damage_healed":0,"gold_gain":0,"cards_transformed":["Strike_R"],"player_choice":"Transformed","damage_taken":0,"max_hp_gain":0,"max_hp_loss":0,"event_name":"Transmorgrifier","floor":7,"gold_loss":0,"cards_obtained":["Feed"]},{"damage_healed":0,"gold_gain":0,"player_choice":"Got Potions","damage_taken":0,"max_hp_gain":0,"max_hp_loss":0,"event_name":"Lab","floor":25,"gold_loss":0},{"damage_healed":0,"gold_gain":0,"player_choice":"Ignored","damage_taken":0,"max_hp_gain":0,"max_hp_loss":0,"event_name":"Cursed Tome","floor":28,"gold_loss":0},{"damage_healed":0,"gold_gain":0,"player_choice":"Bought 2 Potions","damage_taken":0,"max_hp_gain":0,"max_hp_loss":0,"event_name":"The Woman in Blue","floor":38,"gold_loss":0}],"is_beta":false,"boss_relics":[{"not_picked":["Lizard Tail","Calling Bell"],"picked":"Black Star"},{"not_picked":["Coffee Dripper","Tiny House"],"picked":"Fusion Hammer"}],"items_purged_floors":[2,20,24,37,39,47],"is_endless":false,"potions_floor_spawned":[1,14,16,18,29,31,36,44,48],"ascension_level":2}