{"gold_per_floor":[112,124,199,211,226,226,239,256,280,307,32,47,47,67,67,67],"floor_reached":16,"playtime":820,"items_purged":[],"score":192,"play_id":"bfb49439-03c3-427c-bb60-7972665a9ebd","local_time":"20190308140120","is_ascension_mode":true,"campfire_choices":[{"data":"Noxious Fumes","floor":6,"key":"SMITH"},{"floor":13,"key":"REST"},{"floor":15,"key":"REST"}],"neow_cost":"TEN_PERCENT_HP_LOSS","seed_source_timestamp":738840221275971,"circlet_count":0,"master_deck":["AscendersBane","Defend_G","Defend_G","Defend_G","Defend_G","Defend_G","Strike_G","Strike_G","Strike_G","Strike_G","Strike_G","Survivor","Neutralize","Noxious Fumes+1","Cloak And Dagger","PiercingWail","Noxious Fumes","Night Terror","Crippling Poison","Catalyst","PiercingWail","Footwork+1"],"relics":["Ring of the Snake","Unceasing Top","Omamori","Odd Mushroom","Frozen Egg 2"],"potions_floor_usage":[16],"damage_taken":[{"damage":0,"enemies":"Jaw Worm","floor":1,"turns":5},{"damage":7,"enemies":"2 Louse","floor":2,"turns":4},{"damage":1,"enemies":"Small Slimes","floor":4,"turns":5},{"damage":1,"enemies":"2 Fungi Beasts","floor":5,"turns":5},{"damage":3,"enemies":"Blue Slaver","floor":7,"turns":5},{"damage":19,"enemies":"Large Slime","floor":8,"turns":9},{"damage":9,"enemies":"The Mushroom Lair","floor":10,"turns":4},{"damage":5,"enemies":"Looter","floor":12,"turns":4},{"damage":10,"enemies":"Blue Slaver","floor":14,"turns":5},{"damage":29,"enemies":"Hexaghost","floor":16,"turns":12}],"seed_played":"5769665400979221167","potions_obtained":[{"floor":1,"key":"GhostInAJar"},{"floor":4,"key":"Dexterity Potion"}],"is_trial":false,"path_per_floor":["M","M","?","M","M","R","M","M","T","?","$","M","R","M","R","B"],"character_chosen":"THE_SILENT","items_purchased":["Frozen Egg 2"],"campfire_rested":2,"item_purchase_floors":[11],"current_hp_per_floor":[59,52,41,40,39,39,36,17,17,8,8,3,21,11,29,0],"gold":67,"neow_bonus":"ONE_RARE_RELIC","is_prod":false,"is_daily":false,"chose_seed":false,"campfire_upgraded":1,"win_rate":0,"timestamp":1552021280,"path_taken":["M","M","?","M","M","R","M","M","T","?","$","M","R","M","R","BOSS"],"build_version":"2019-02-06","purchased_purges":0,"victory":false,"max_hp_per_floor":[60,60,60,60,60,60,60,60,60,60,60,60,60,60,60,60],"card_choices":[{"not_picked":["Escape Plan","Blade Dance"],"picked":"Noxious Fumes","floor":1},{"not_picked":["Acrobatics","Underhanded Strike"],"picked":"Cloak And Dagger","floor":2},{"not_picked":["Skewer","Prepared"],"picked":"PiercingWail","floor":4},{"not_picked":["Distraction","Backflip"],"picked":"Noxious Fumes","floor":5},{"not_picked":["Bouncing Flask","All Out Attack"],"picked":"Night Terror","floor":7},{"not_picked":["Bane","Infinite Blades"],"picked":"Crippling Poison","floor":8},{"not_picked":["PiercingWail","Deflect"],"picked":"Catalyst","floor":10},{"not_picked":["Underhanded Strike","Poisoned Stab"],"picked":"PiercingWail","floor":12},{"not_picked":["Poisoned Stab","Flying Knee"],"picked":"Footwork+1","floor":14}],"player_experience":2653428,"relics_obtained":[{"floor":9,"key":"Omamori"},{"floor":10,"key":"Odd Mushroom"}],"event_choices":[{"damage_healed":0,"gold_gain":75,"player_choice":"Gather Gold","damage_taken":11,"max_hp_gain":0,"max_hp_loss":0,"event_name":"World of Goop","floor":3,"gold_loss":0},{"damage_healed":0,"gold_gain":0,"player_choice":"Fought Mushrooms","damage_taken":0,"max_hp_gain":0,"max_hp_loss":0,"event_name":"Mushrooms","floor":10,"gold_loss":0}],"is_beta":true,"boss_relics":[],"items_purged_floors":[],"is_endless":false,"potions_floor_spawned":[1,4],"killed_by":"Hexaghost","ascension_level":20}