{"gold_per_floor":[112,130,130,48,66,93,18,18,44,44,63,63,94,106,106,177,177,187,204,204,104,104,104,115,115,142,161,180,80,80,80,80,152,152,167,185,185,200,150,150,183,52,128,128,140,140,158,171,171,171,171],"floor_reached":51,"playtime":1986,"items_purged":["Strike_B","Strike_B","Strike_B","Defend_B","Strike_B"],"score":1374,"play_id":"7a400ced-e403-44e7-8239-4e8db4a6889c","local_time":"20190413014241","is_ascension_mode":true,"campfire_choices":[{"data":"Defragment","floor":10,"key":"SMITH"},{"data":"Chaos","floor":12,"key":"SMITH"},{"data":"Conserve Battery","floor":15,"key":"SMITH"},{"data":"Dualcast","floor":23,"key":"SMITH"},{"floor":25,"key":"REST"},{"data":"Turbo","floor":32,"key":"SMITH"},{"data":"Creative AI","floor":40,"key":"SMITH"},{"floor":44,"key":"RECALL"},{"floor":49,"key":"REST"}],"neow_cost":"NONE","seed_source_timestamp":91563844588100,"circlet_count":0,"master_deck":["AscendersBane","Defend_B","Defend_B","Defend_B","Zap","Dualcast+1","Compile Driver","Cold Snap","Ball Lightning","Coolheaded","Ball Lightning","Defragment+1","Chaos+1","Conserve Battery+1","Creative AI+1","Undo","Turbo+1","Parasite"],"relics":["Cracked Core","NeowsBlessing","Oddly Smooth Stone","Bronze Scales","Bag of Preparation","Kunai","Busted Crown","Nilry\u0027s Codex","Smiling Mask","Eternal Feather","Dream Catcher","Meat on the Bone","Bottled Flame"],"potions_floor_usage":[6,16,16,33,41,50,50],"damage_taken":[{"damage":0,"enemies":"Small Slimes","floor":1,"turns":1},{"damage":0,"enemies":"Cultist","floor":2,"turns":1},{"damage":0,"enemies":"Jaw Worm","floor":5,"turns":1},{"damage":6,"enemies":"Gremlin Nob","floor":6,"turns":3},{"damage":4,"enemies":"Large Slime","floor":11,"turns":5},{"damage":9,"enemies":"3 Sentries","floor":13,"turns":5},{"damage":16,"enemies":"Gremlin Gang","floor":14,"turns":3},{"damage":0,"enemies":"Hexaghost","floor":16,"turns":7},{"damage":0,"enemies":"Chosen","floor":18,"turns":3},{"damage":7,"enemies":"Spheric Guardian","floor":19,"turns":3},{"damage":12,"enemies":"Snake Plant","floor":24,"turns":3},{"damage":6,"enemies":"Snecko","floor":27,"turns":5},{"damage":0,"enemies":"Centurion and Healer","floor":28,"turns":5},{"damage":2,"enemies":"Collector","floor":33,"turns":9},{"damage":0,"enemies":"Orb Walker","floor":35,"turns":4},{"damage":18,"enemies":"3 Darklings","floor":36,"turns":7},{"damage":0,"enemies":"Sphere and 2 Shapes","floor":38,"turns":6},{"damage":14,"enemies":"Nemesis","floor":41,"turns":9},{"damage":23,"enemies":"Transient","floor":45,"turns":6},{"damage":1,"enemies":"Maw","floor":47,"turns":8},{"damage":13,"enemies":"Writhing Mass","floor":48,"turns":7},{"damage":66,"enemies":"Donu and Deca","floor":50,"turns":14},{"damage":36,"enemies":"Awakened One","floor":51,"turns":3}],"seed_played":"8485844008421618579","potions_obtained":[{"floor":2,"key":"SteroidPotion"},{"floor":3,"key":"Explosive Potion"},{"floor":13,"key":"SkillPotion"},{"floor":14,"key":"Swift Potion"},{"floor":19,"key":"GamblersBrew"},{"floor":24,"key":"FearPotion"},{"floor":35,"key":"EssenceOfSteel"},{"floor":36,"key":"FocusPotion"},{"floor":47,"key":"SpeedPotion"}],"is_trial":false,"path_per_floor":["M","M","?","$","M","E","$","?","T","R","M","R","E","M","R","B",null,"M","M","?","$","?","R","M","R","T","M","M","$","?","T","R","B",null,"M","M","?","M","$","R","E","$","T","R","M","T","M","M","R","B","B"],"character_chosen":"DEFECT","items_purchased":["Ball Lightning","Coolheaded","Turbo","Regen Potion"],"campfire_rested":2,"item_purchase_floors":[4,4,29,42],"current_hp_per_floor":[64,64,64,64,64,58,58,58,58,58,54,54,45,29,29,29,61,61,54,33,33,33,33,21,42,42,36,36,36,36,36,36,34,62,62,44,44,44,44,53,39,39,39,48,37,37,36,35,65,26,0],"gold":171,"neow_bonus":"THREE_ENEMY_KILL","is_prod":false,"is_daily":false,"chose_seed":false,"campfire_upgraded":6,"win_rate":0,"timestamp":1555087361,"path_taken":["M","M","?","?","?","E","$","?","T","R","M","R","E","M","R","BOSS","M","?","?","$","?","R","M","R","T","?","M","?","?","?","R","BOSS","M","M","?","M","$","R","E","$","T","R","M","?","M","M","R","BOSS","BOSS"],"build_version":"2019-01-23","purchased_purges":5,"victory":false,"max_hp_per_floor":[71,71,71,71,71,71,71,71,71,71,71,71,71,71,71,71,71,71,71,71,71,71,71,71,71,71,71,71,71,71,71,71,71,71,71,71,71,71,71,71,71,71,71,71,71,71,71,71,71,71,71],"card_choices":[{"not_picked":["Conserve Battery","Force Field"],"picked":"Compile Driver","floor":1},{"not_picked":["Conserve Battery","Auto Shields"],"picked":"Cold Snap","floor":2},{"not_picked":["Beam Cell","Hologram"],"picked":"Ball Lightning","floor":5},{"not_picked":["Sweeping Beam","Compile Driver"],"picked":"Defragment","floor":6},{"not_picked":["Recycle","Compile Driver"],"picked":"Chaos","floor":11},{"not_picked":["BootSequence","Go for the Eyes","Cold Snap"],"picked":"SKIP","floor":13},{"not_picked":["Hologram","Fusion"],"picked":"Conserve Battery","floor":14},{"not_picked":["Seek","Amplify"],"picked":"Creative AI","floor":16},{"not_picked":["Coolheaded"],"picked":"SKIP","floor":18},{"not_picked":[],"picked":"Undo","floor":19},{"not_picked":["Beam Cell"],"picked":"SKIP","floor":24},{"not_picked":["Conserve Battery"],"picked":"SKIP","floor":27},{"not_picked":["Compile Driver"],"picked":"SKIP","floor":28},{"not_picked":["Beam Cell+1"],"picked":"SKIP","floor":35},{"not_picked":["Streamline+1"],"picked":"SKIP","floor":36},{"not_picked":["Steam Power+1"],"picked":"SKIP","floor":38},{"not_picked":["Rebound"],"picked":"SKIP","floor":41},{"not_picked":["Static Discharge"],"picked":"SKIP","floor":45},{"not_picked":["Turbo"],"picked":"SKIP","floor":47},{"not_picked":["Turbo"],"picked":"SKIP","floor":47},{"not_picked":["Beam Cell"],"picked":"SKIP","floor":48}],"player_experience":4767499,"relics_obtained":[{"floor":6,"key":"Oddly Smooth Stone"},{"floor":9,"key":"Bag of Preparation"},{"floor":13,"key":"Kunai"},{"floor":20,"key":"Nilry\u0027s Codex"},{"floor":26,"key":"Smiling Mask"},{"floor":41,"key":"Dream Catcher"},{"floor":43,"key":"Meat on the Bone"},{"floor":46,"key":"Bottled Flame"}],"event_choices":[{"damage_healed":0,"gold_gain":0,"player_choice":"Got Potions","damage_taken":0,"max_hp_gain":0,"max_hp_loss":0,"event_name":"Lab","floor":3,"gold_loss":0},{"damage_healed":0,"gold_gain":0,"player_choice":"Gave Potion","damage_taken":0,"relics_obtained":["Bronze Scales"],"max_hp_gain":0,"max_hp_loss":0,"event_name":"WeMeetAgain","floor":8,"gold_loss":0},{"damage_healed":0,"gold_gain":0,"player_choice":"Obtained Book","damage_taken":21,"max_hp_gain":0,"max_hp_loss":0,"event_name":"Cursed Tome","floor":20,"gold_loss":0},{"damage_healed":0,"gold_gain":0,"player_choice":"Ignored","damage_taken":0,"max_hp_gain":0,"max_hp_loss":0,"event_name":"N\u0027loth","floor":22,"gold_loss":0},{"damage_healed":0,"gold_gain":0,"player_choice":"Ignored","damage_taken":0,"max_hp_gain":0,"max_hp_loss":0,"event_name":"Ghosts","floor":30,"gold_loss":0},{"damage_healed":0,"gold_gain":0,"player_choice":"Ignored","damage_taken":0,"max_hp_gain":0,"max_hp_loss":0,"event_name":"Tomb of Lord Red Mask","floor":37,"gold_loss":0}],"is_beta":false,"boss_relics":[{"not_picked":["Tiny House","FrozenCore"],"picked":"Busted Crown"},{"not_picked":["Velvet Choker","White Beast Statue"],"picked":"Eternal Feather"}],"items_purged_floors":[7,21,29,39,42],"is_endless":false,"potions_floor_spawned":[2,5,13,14,19,24,35,36,47,48],"killed_by":"Awakened One","ascension_level":20}