{"gold_per_floor":[20,33,33,51,115,115,115,133,133,133,153,170,182,199,199,304,304,318,318,243,443,455,455,469,483,483,483],"floor_reached":27,"playtime":1312,"items_purged":[],"score":209,"play_id":"3c663738-7bc6-45ed-8778-da4260c9f012","local_time":"20190602112020","is_ascension_mode":false,"campfire_choices":[{"floor":6.0,"key":"REST"},{"data":"Outmaneuver","floor":10.0,"key":"SMITH"},{"floor":15.0,"key":"REST"},{"floor":23.0,"key":"REST"}],"neow_cost":"NO_GOLD","seed_source_timestamp":0,"circlet_count":0,"master_deck":["Defend_G","Defend_G","Defend_G","Defend_G","Strike_G","Strike_G","Strike_G","Survivor","Neutralize","Panacea","Trip","Outmaneuver+1","Deadly Poison","Dash","Heel Hook+1","Cloak And Dagger","Bane+1","Doppelganger","Accuracy","A Thousand Cuts","Burst+1","Distraction+1","Burst+1","Flying Knee+1","Outmaneuver+1","Noxious Fumes+1","Accuracy"],"special_seed":0,"relics":["Ring of the Snake","Paper Crane","Molten Egg 2","Shuriken","Astrolabe","Matryoshka"],"potions_floor_usage":[27],"damage_taken":[{"damage":2.0,"enemies":"Small Slimes","floor":1.0,"turns":4.0},{"damage":8.0,"enemies":"Jaw Worm","floor":2.0,"turns":6.0},{"damage":0.0,"enemies":"Cultist","floor":4.0,"turns":4.0},{"damage":20.0,"enemies":"3 Louse","floor":8.0,"turns":5.0},{"damage":3.0,"enemies":"Gremlin Gang","floor":11.0,"turns":6.0},{"damage":2.0,"enemies":"Looter","floor":12.0,"turns":3.0},{"damage":10.0,"enemies":"Large Slime","floor":13.0,"turns":7.0},{"damage":8.0,"enemies":"3 Louse","floor":14.0,"turns":3.0},{"damage":33.0,"enemies":"Hexaghost","floor":16.0,"turns":11.0},{"damage":29.0,"enemies":"3 Byrds","floor":18.0,"turns":5.0},{"damage":12.0,"enemies":"Shell Parasite","floor":22.0,"turns":5.0},{"damage":3.0,"enemies":"Snecko","floor":24.0,"turns":6.0},{"damage":35.0,"enemies":"3 Cultists","floor":25.0,"turns":4.0},{"damage":20,"enemies":"Sentry and Sphere","floor":27,"turns":5}],"seed_played":"-2868253979425141284","potions_obtained":[{"floor":8.0,"key":"Strength Potion"},{"floor":14.0,"key":"Swift Potion"},{"floor":16.0,"key":"SpeedPotion"},{"floor":22.0,"key":"LiquidBronze"},{"floor":25.0,"key":"Block Potion"}],"is_trial":false,"path_per_floor":["M","M","?","M","?","R","?","M","T","R","M","M","M","M","R","B",null,"M","?","?","?","M","R","M","M","T","M"],"character_chosen":"THE_SILENT","items_purchased":[],"campfire_rested":3,"item_purchase_floors":[],"current_hp_per_floor":[68,60,57,57,57,70,70,50,50,50,47,45,35,27,48,15,70,41,41,41,41,29,50,47,12,12,0],"gold":483,"neow_bonus":"RANDOM_COLORLESS_2","is_prod":false,"is_daily":false,"chose_seed":false,"campfire_upgraded":1,"win_rate":0,"timestamp":1559492420,"path_taken":["M","M","?","M","?","R","?","M","T","R","?","M","M","M","R","BOSS","M","?","?","?","M","R","M","M","T","M"],"build_version":"2019-01-23","purchased_purges":0,"victory":false,"max_hp_per_floor":[70,70,70,70,70,70,70,70,70,70,70,70,70,70,70,70,70,70,70,70,70,70,70,70,70,70,70],"card_choices":[{"not_picked":["Bane","Acrobatics"],"picked":"Outmaneuver","floor":1.0},{"not_picked":["Acrobatics","Quick Slash"],"picked":"Deadly Poison","floor":2.0},{"not_picked":["Outmaneuver","Escape Plan"],"picked":"Dash","floor":4.0},{"not_picked":["Deadly Poison","Caltrops"],"picked":"Heel Hook+1","floor":8.0},{"not_picked":["Eviscerate+1","Tactician"],"picked":"Cloak And Dagger","floor":11.0},{"not_picked":["Blade Dance","Flechettes+1"],"picked":"Bane+1","floor":12.0},{"not_picked":["Bane+1","Heel Hook+1"],"picked":"Doppelganger","floor":13.0},{"not_picked":["Skewer+1","Sucker Punch+1"],"picked":"Accuracy","floor":14.0},{"not_picked":["Malaise","Phantasmal Killer"],"picked":"A Thousand Cuts","floor":16.0},{"not_picked":["Deflect","Slice+1"],"picked":"Flying Knee+1","floor":18.0},{"not_picked":["Distraction","Skewer+1"],"picked":"Outmaneuver+1","floor":22.0},{"not_picked":["PiercingWail","Reflex"],"picked":"Noxious Fumes+1","floor":24.0},{"not_picked":["Caltrops","Setup"],"picked":"Accuracy","floor":25.0}],"player_experience":449299,"relics_obtained":[{"floor":9.0,"key":"Shuriken"},{"floor":26.0,"key":"Matryoshka"}],"event_choices":[{"damage_healed":0.0,"max_hp_gain":0.0,"max_hp_loss":0.0,"gold_gain":0.0,"event_name":"Scrap Ooze","player_choice":"Success","floor":3.0,"gold_loss":0.0,"damage_taken":3.0,"relics_obtained":["Paper Crane"]},{"damage_healed":0.0,"max_hp_gain":0.0,"max_hp_loss":0.0,"gold_gain":64.0,"event_name":"Golden Wing","player_choice":"Gained Gold","floor":5.0,"gold_loss":0.0,"damage_taken":0.0},{"damage_healed":0.0,"max_hp_gain":0.0,"max_hp_loss":0.0,"gold_gain":0.0,"event_name":"Big Fish","player_choice":"Box","floor":7.0,"gold_loss":0.0,"damage_taken":0.0,"relics_obtained":["Molten Egg 2"],"cards_obtained":["Regret"]},{"damage_healed":0.0,"max_hp_gain":0.0,"max_hp_loss":0.0,"gold_gain":0.0,"event_name":"Vampires","player_choice":"Ignored","floor":19.0,"gold_loss":0.0,"damage_taken":0.0},{"cards_removed":["Regret"],"damage_healed":0.0,"max_hp_gain":0.0,"max_hp_loss":0.0,"gold_gain":0.0,"event_name":"Beggar","player_choice":"Gave Gold","floor":20.0,"gold_loss":75.0,"damage_taken":0.0},{"damage_healed":0.0,"max_hp_gain":0.0,"max_hp_loss":0.0,"gold_gain":250.0,"event_name":"The Joust","player_choice":"Bet on Owner","floor":21.0,"gold_loss":50.0,"damage_taken":0.0}],"is_beta":false,"boss_relics":[{"not_picked":["Black Star","Coffee Dripper"],"picked":"Astrolabe"}],"items_purged_floors":[],"is_endless":false,"potions_floor_spawned":[8,14,16,22,25],"killed_by":"Sentry and Sphere","ascension_level":0}