{"gold_per_floor":[114,124,49,60,73,73,73,73,73,86,104,104],"floor_reached":12,"playtime":328,"items_purged":["Strike_B"],"score":126,"play_id":"465a1d33-36b2-4956-aa5c-0fce25c73eec","local_time":"20190209085835","is_ascension_mode":true,"campfire_choices":[{"data":"Zap","floor":6,"key":"SMITH"},{"data":"White Noise","floor":8,"key":"SMITH"}],"neow_cost":"NONE","seed_source_timestamp":2571307305939298,"circlet_count":0,"master_deck":["AscendersBane","Strike_B","Strike_B","Strike_B","Defend_B","Defend_B","Defend_B","Defend_B","Zap+1","Dualcast","White Noise+1","Rebound","Rip and Tear","Conserve Battery","Cold Snap","Hologram"],"relics":["Cracked Core","Happy Flower","Golden Idol","Symbiotic Virus"],"potions_floor_usage":[4,10],"damage_taken":[{"damage":0,"enemies":"Cultist","floor":1,"turns":4},{"damage":0,"enemies":"Small Slimes","floor":2,"turns":2},{"damage":14,"enemies":"2 Louse","floor":4,"turns":3},{"damage":8,"enemies":"Blue Slaver","floor":5,"turns":2},{"damage":10,"enemies":"Gremlin Gang","floor":10,"turns":3},{"damage":17,"enemies":"Large Slime","floor":11,"turns":5},{"damage":10,"enemies":"The Mushroom Lair","floor":12,"turns":2}],"seed_played":"1914035685766502538","potions_obtained":[{"floor":1,"key":"FairyPotion"},{"floor":4,"key":"Fruit Juice"},{"floor":5,"key":"AttackPotion"},{"floor":11,"key":"Strength Potion"}],"is_trial":false,"path_per_floor":["M","M","$","M","M","R","?","R","T","M","M","?"],"character_chosen":"DEFECT","items_purchased":[],"campfire_rested":0,"item_purchase_floors":[],"current_hp_per_floor":[64,64,64,55,47,47,21,21,21,11,3,0],"gold":104,"neow_bonus":"RANDOM_COMMON_RELIC","is_prod":false,"is_daily":false,"chose_seed":false,"campfire_upgraded":2,"win_rate":0,"timestamp":1549670315,"path_taken":["M","?","$","M","M","R","?","R","T","M","M","?"],"build_version":"2019-01-23","purchased_purges":1,"victory":false,"max_hp_per_floor":[71,71,71,76,76,76,76,76,76,76,76,76],"card_choices":[{"not_picked":["Gash","Barrage"],"picked":"White Noise","floor":1},{"not_picked":["Stack","Recycle"],"picked":"Rebound","floor":2},{"not_picked":["Rainbow","Barrage"],"picked":"Rip and Tear","floor":4},{"not_picked":["White Noise","Darkness"],"picked":"Conserve Battery","floor":5},{"not_picked":["Chaos","Streamline"],"picked":"Cold Snap","floor":10},{"not_picked":["Force Field","Reboot"],"picked":"Hologram","floor":11}],"player_experience":586247,"relics_obtained":[{"floor":9,"key":"Symbiotic Virus"}],"event_choices":[{"damage_healed":0,"gold_gain":0,"player_choice":"Take Damage","damage_taken":26,"relics_obtained":["Golden Idol"],"max_hp_gain":0,"max_hp_loss":0,"event_name":"Golden Idol","floor":7,"gold_loss":0},{"damage_healed":0,"gold_gain":0,"player_choice":"Fought Mushrooms","damage_taken":0,"max_hp_gain":0,"max_hp_loss":0,"event_name":"Mushrooms","floor":12,"gold_loss":0}],"is_beta":false,"boss_relics":[],"items_purged_floors":[3],"is_endless":false,"potions_floor_spawned":[1,4,5,11],"killed_by":"The Mushroom Lair","ascension_level":15}