{"gold_per_floor":[114,114,39,39,39,39,49,79,105,132,159,176,176,176],"floor_reached":14,"playtime":363,"items_purged":[],"score":236,"play_id":"56598a8a-6d6e-4957-854a-a97b2f788773","local_time":"20190302235822","is_ascension_mode":true,"campfire_choices":[{"data":"Neutralize","floor":6,"key":"SMITH"},{"floor":13,"key":"REST"}],"neow_cost":"NONE","seed_source_timestamp":1264895856120668,"circlet_count":0,"master_deck":["AscendersBane","Defend_G","Defend_G","Defend_G","Defend_G","Defend_G","Strike_G+1","Strike_G","Strike_G","Strike_G","Survivor","Neutralize+1","Dash","Riddle With Holes+1","Backflip","Leg Sweep","Cloak And Dagger"],"relics":["Ring of the Snake","NeowsBlessing","Gremlin Horn","Whetstone","Happy Flower","Smiling Mask","Strawberry"],"potions_floor_usage":[11,14],"damage_taken":[{"damage":0,"enemies":"Cultist","floor":1,"turns":1},{"damage":0,"enemies":"Jaw Worm","floor":7,"turns":1},{"damage":0,"enemies":"3 Sentries","floor":8,"turns":1},{"damage":53,"enemies":"Gremlin Nob","floor":11,"turns":5},{"damage":0,"enemies":"Small Slimes","floor":12,"turns":4},{"damage":29,"enemies":"Lagavulin","floor":14,"turns":8}],"seed_played":"4191207524408697176","potions_obtained":[{"floor":1,"key":"AttackPotion"},{"floor":12,"key":"Energy Potion"}],"is_trial":false,"path_per_floor":["M","?","?","$","?","R","M","E","T","T","E","M","R","E"],"character_chosen":"THE_SILENT","items_purchased":[],"campfire_rested":1,"item_purchase_floors":[],"current_hp_per_floor":[59,59,59,59,54,54,54,54,54,54,8,8,29,0],"gold":176,"neow_bonus":"THREE_ENEMY_KILL","is_prod":false,"is_daily":false,"chose_seed":false,"campfire_upgraded":1,"win_rate":0,"timestamp":1551538702,"path_taken":["M","?","?","$","?","R","M","E","T","?","E","M","R","E"],"build_version":"2019-01-23","purchased_purges":0,"victory":false,"max_hp_per_floor":[66,66,66,66,66,66,66,66,66,66,73,73,73,73],"card_choices":[{"not_picked":["Deflect","Escape Plan"],"picked":"Dash","floor":1},{"not_picked":["Dagger Spray","Deadly Poison"],"picked":"Riddle With Holes","floor":7},{"not_picked":["Underhanded Strike","Infinite Blades"],"picked":"Backflip","floor":8},{"not_picked":["Deflect","Eviscerate"],"picked":"Leg Sweep","floor":11},{"not_picked":["Flechettes","Reflex"],"picked":"Cloak And Dagger","floor":12}],"player_experience":697991,"relics_obtained":[{"floor":8,"key":"Whetstone"},{"floor":9,"key":"Happy Flower"},{"floor":10,"key":"Smiling Mask"},{"floor":11,"key":"Strawberry"}],"event_choices":[{"damage_healed":0,"gold_gain":0,"player_choice":"Ignored","damage_taken":0,"max_hp_gain":0,"max_hp_loss":0,"event_name":"Liars Game","floor":2,"gold_loss":0},{"cards_removed":["Strike_G"],"damage_healed":0,"gold_gain":0,"player_choice":"Card Removal","damage_taken":0,"max_hp_gain":0,"max_hp_loss":0,"event_name":"The Cleric","floor":3,"gold_loss":75},{"damage_healed":0,"gold_gain":0,"player_choice":"Success","damage_taken":5,"relics_obtained":["Gremlin Horn"],"max_hp_gain":0,"max_hp_loss":0,"event_name":"Scrap Ooze","floor":5,"gold_loss":0}],"is_beta":false,"boss_relics":[],"items_purged_floors":[],"is_endless":false,"potions_floor_spawned":[1,12],"killed_by":"Lagavulin","ascension_level":19}