{"gold_per_floor":[109,126,136,151,226,226,236,236,283,208,208,224,238,251,251,251],"floor_reached":16,"playtime":382,"items_purged":[],"score":192,"play_id":"0ae0a21e-fa30-4848-9f0a-120c7e730680","local_time":"20190505024009","is_ascension_mode":true,"campfire_choices":[{"floor":6,"key":"REST"},{"data":"Hologram","floor":15,"key":"SMITH"}],"neow_cost":"PERCENT_DAMAGE","seed_source_timestamp":1208189129861300,"circlet_count":0,"master_deck":["AscendersBane","Strike_B","Defend_B","Defend_B","Defend_B","Defend_B","Zap","Dualcast","Gash","Rebound","Compile Driver","Core Surge","Chill","Parasite","Ball Lightning","Coolheaded","Hologram+1"],"relics":["Cracked Core","Darkstone Periapt","Centennial Puzzle"],"potions_floor_usage":[16,16],"damage_taken":[{"damage":1,"enemies":"2 Louse","floor":1,"turns":3},{"damage":4,"enemies":"Small Slimes","floor":2,"turns":4},{"damage":2,"enemies":"Jaw Worm","floor":3,"turns":2},{"damage":13,"enemies":"Lots of Slimes","floor":4,"turns":5},{"damage":16,"enemies":"Exordium Wildlife","floor":7,"turns":5},{"damage":10,"enemies":"Exordium Thugs","floor":12,"turns":4},{"damage":2,"enemies":"Blue Slaver","floor":13,"turns":3},{"damage":3,"enemies":"2 Fungi Beasts","floor":14,"turns":2},{"damage":10,"enemies":"Hexaghost","floor":16,"turns":9}],"seed_played":"-3196974141716499210","potions_obtained":[{"floor":2,"key":"Dexterity Potion"},{"floor":7,"key":"Ancient Potion"},{"floor":14,"key":"SkillPotion"}],"is_trial":false,"path_per_floor":["M","M","M","M","?","R","M","?","T","?","?","M","M","M","R","B"],"character_chosen":"DEFECT","items_purchased":[],"campfire_rested":1,"item_purchase_floors":[],"current_hp_per_floor":[45,41,39,26,15,36,20,2,2,2,25,15,13,10,10,0],"gold":251,"neow_bonus":"REMOVE_TWO","is_prod":false,"is_daily":false,"chose_seed":false,"campfire_upgraded":1,"win_rate":0,"timestamp":1556991609,"path_taken":["M","M","M","M","?","R","M","?","T","?","?","?","M","M","R","BOSS"],"build_version":"2019-01-23","purchased_purges":0,"victory":false,"max_hp_per_floor":[71,71,71,71,71,71,71,71,71,71,77,77,77,77,77,77],"card_choices":[{"not_picked":["Compile Driver","Conserve Battery"],"picked":"Gash","floor":1},{"not_picked":["Stack","Turbo"],"picked":"Rebound","floor":2},{"not_picked":["Ball Lightning","Rebound"],"picked":"Compile Driver","floor":3},{"not_picked":["Beam Cell","Consume"],"picked":"Core Surge","floor":4},{"not_picked":["Streamline","Stack"],"picked":"Chill","floor":7},{"not_picked":["Hello World","Leap"],"picked":"Ball Lightning","floor":12},{"not_picked":["Double Energy","Glacier"],"picked":"Coolheaded","floor":13},{"not_picked":["Reprogram","Sweeping Beam"],"picked":"Hologram","floor":14}],"player_experience":4918809,"relics_obtained":[{"floor":9,"key":"Centennial Puzzle"}],"event_choices":[{"damage_healed":0,"gold_gain":75,"player_choice":"Gather Gold","damage_taken":11,"max_hp_gain":0,"max_hp_loss":0,"event_name":"World of Goop","floor":5,"gold_loss":0},{"damage_healed":0,"gold_gain":0,"player_choice":"Success","damage_taken":18,"relics_obtained":["Darkstone Periapt"],"max_hp_gain":0,"max_hp_loss":0,"event_name":"Scrap Ooze","floor":8,"gold_loss":0},{"cards_removed":["Strike_B"],"damage_healed":0,"gold_gain":0,"player_choice":"Card Removal","damage_taken":0,"max_hp_gain":0,"max_hp_loss":0,"event_name":"The Cleric","floor":10,"gold_loss":75},{"damage_healed":17,"gold_gain":0,"player_choice":"Healed and dodged fight","damage_taken":0,"max_hp_gain":0,"max_hp_loss":0,"event_name":"Mushrooms","floor":11,"gold_loss":0,"cards_obtained":["Parasite"]}],"is_beta":false,"boss_relics":[],"items_purged_floors":[],"is_endless":false,"potions_floor_spawned":[2,7,14],"killed_by":"Hexaghost","ascension_level":20}