{"gold_per_floor":[15,25,44,44,59,59,91,91,91,101,101,129,129,54,54,127,127],"floor_reached":17,"playtime":775,"items_purged":[],"score":305,"play_id":"56bb68c7-8310-46ce-94e3-ad3b603417b2","local_time":"20190522120711","is_ascension_mode":true,"campfire_choices":[{"data":"Bash","floor":6,"key":"SMITH"},{"data":"Fiend Fire","floor":8,"key":"SMITH"},{"floor":11,"key":"REST"},{"floor":13,"key":"REST"},{"data":"Battle Trance","floor":15,"key":"SMITH"}],"neow_cost":"NO_GOLD","seed_source_timestamp":273685112500830,"circlet_count":0,"master_deck":["AscendersBane","Bash+1","Iron Wave","Reckless Charge","Hemokinesis","Ghostly Armor","Fiend Fire+1","Battle Trance+1","Exhume","Juggernaut","Havoc","Rupture","Whirlwind","Wild Strike","Dual Wield","Clash","Rampage","Thunderclap"],"relics":["Burning Blood","Paper Frog","Smiling Mask","Mummified Hand","Centennial Puzzle","Pandora\u0027s Box"],"potions_floor_usage":[7,12,12,16],"damage_taken":[{"damage":4,"enemies":"2 Louse","floor":1,"turns":3},{"damage":13,"enemies":"Jaw Worm","floor":2,"turns":6},{"damage":4,"enemies":"Small Slimes","floor":3,"turns":3},{"damage":19,"enemies":"Blue Slaver","floor":5,"turns":3},{"damage":23,"enemies":"Lagavulin","floor":7,"turns":7},{"damage":15,"enemies":"3 Louse","floor":10,"turns":3},{"damage":11,"enemies":"3 Sentries","floor":12,"turns":7},{"damage":59,"enemies":"The Guardian","floor":16,"turns":18}],"seed_played":"2805524046855415240","potions_obtained":[{"floor":2,"key":"SpeedPotion"},{"floor":5,"key":"Swift Potion"},{"floor":7,"key":"LiquidBronze"},{"floor":12,"key":"Weak Potion"}],"is_trial":false,"path_per_floor":["M","M","M","?","M","R","E","R","T","M","R","E","R","?","R","B",null],"character_chosen":"IRONCLAD","items_purchased":[],"campfire_rested":2,"item_purchase_floors":[],"current_hp_per_floor":[84,77,79,53,40,40,23,23,23,14,40,35,61,61,61,8,8],"gold":127,"neow_bonus":"TWENTY_PERCENT_HP_BONUS","is_prod":false,"is_daily":false,"chose_seed":false,"campfire_upgraded":3,"win_rate":0,"timestamp":1558494431,"path_taken":["M","M","M","?","M","R","E","R","T","M","R","E","R","?","R","BOSS"],"build_version":"2019-05-07","purchased_purges":0,"victory":false,"max_hp_per_floor":[89,89,89,89,89,89,89,89,89,89,89,89,89,89,89,89,89],"card_choices":[{"not_picked":["Heavy Blade","Burning Pact"],"picked":"Iron Wave","floor":1},{"not_picked":["Headbutt","Entrench"],"picked":"Reckless Charge","floor":2},{"not_picked":["Sword Boomerang","Headbutt"],"picked":"Hemokinesis","floor":3},{"not_picked":["Iron Wave","Havoc"],"picked":"Ghostly Armor","floor":5},{"not_picked":["Shrug It Off","Wild Strike"],"picked":"Fiend Fire","floor":7},{"not_picked":["Twin Strike","Body Slam"],"picked":"Battle Trance","floor":10},{"not_picked":["Anger","Warcry"],"picked":"Exhume","floor":12},{"not_picked":["Limit Break","Bludgeon"],"picked":"Juggernaut","floor":16}],"player_experience":3308453,"relics_obtained":[{"floor":7,"key":"Smiling Mask"},{"floor":9,"key":"Mummified Hand"},{"floor":12,"key":"Centennial Puzzle"}],"event_choices":[{"damage_healed":0,"gold_gain":0,"player_choice":"Success","damage_taken":26,"relics_obtained":["Paper Frog"],"max_hp_gain":0,"max_hp_loss":0,"event_name":"Scrap Ooze","floor":4,"gold_loss":0},{"cards_removed":["Strike_R"],"damage_healed":0,"gold_gain":0,"player_choice":"Card Removal","damage_taken":0,"max_hp_gain":0,"max_hp_loss":0,"event_name":"The Cleric","floor":14,"gold_loss":75}],"is_beta":true,"boss_relics":[{"not_picked":["Eternal Feather","Ectoplasm"],"picked":"Pandora\u0027s Box"}],"items_purged_floors":[],"is_endless":false,"potions_floor_spawned":[2,5,7,12],"ascension_level":17}