{"gold_per_floor":[367,367,209,222,238,238,138,138,138,151,181,192,22,22,22,147,147,166,200,200,214,144,144],"floor_reached":23,"playtime":2279,"items_purged":["Decay","Strike_R","Strike_R"],"score":189,"play_id":"cfc83204-3662-43e0-a251-db9def300c80","local_time":"20181125225835","is_ascension_mode":false,"campfire_choices":[{"data":"Headbutt","floor":6,"key":"SMITH"},{"data":"Rampage","floor":8,"key":"SMITH"},{"data":"Infernal Blade","floor":15,"key":"SMITH"}],"neow_cost":"CURSE","seed_source_timestamp":880586466102296,"circlet_count":0,"master_deck":["Strike_R","Strike_R","Strike_R","Defend_R","Defend_R","Defend_R","Defend_R","Bash","Seeing Red","Headbutt+1","Rampage+1","Iron Wave","Pommel Strike","Infernal Blade+1","Impervious","Metallicize","Anger","Injury","Demon Form","Infernal Blade","Flex","Shrug It Off+1","Rampage"],"relics":["Black Blood","Bag of Preparation","Pantograph","Bloody Idol","Red Mask"],"potions_floor_usage":[16,16,23],"damage_taken":[{"damage":15,"enemies":"Jaw Worm","floor":1,"turns":4},{"damage":10,"enemies":"Cultist","floor":4,"turns":4},{"damage":8,"enemies":"Small Slimes","floor":5,"turns":3},{"damage":5,"enemies":"Looter","floor":10,"turns":2},{"damage":8,"enemies":"Gremlin Nob","floor":11,"turns":3},{"damage":11,"enemies":"Large Slime","floor":12,"turns":3},{"damage":56,"enemies":"Hexaghost","floor":16,"turns":10},{"damage":16,"enemies":"Shell Parasite","floor":18,"turns":4},{"damage":21,"enemies":"Masked Bandits","floor":19,"turns":6},{"damage":32,"enemies":"3 Byrds","floor":21,"turns":7},{"damage":61,"enemies":"Gremlin Leader","floor":23,"turns":6}],"seed_played":"-4136641852798611900","potions_obtained":[{"floor":2,"key":"LiquidBronze"},{"floor":2,"key":"LiquidBronze"},{"floor":2,"key":"Ancient Potion"},{"floor":10,"key":"Explosive Potion"},{"floor":11,"key":"Weak Potion"},{"floor":18,"key":"Dexterity Potion"}],"is_trial":false,"path_per_floor":["M","?","$","M","M","R","$","R","T","M","E","M","$","?","R","B",null,"M","?","?","M","$","E"],"character_chosen":"IRONCLAD","items_purchased":["Headbutt","Rampage","Anger","Rampage"],"campfire_rested":0,"item_purchase_floors":[3,3,13,22],"current_hp_per_floor":[71,71,71,67,65,65,65,65,65,66,64,59,59,59,59,30,80,74,63,63,46,46,0],"gold":144,"neow_bonus":"TWO_FIFTY_GOLD","is_prod":false,"is_daily":false,"chose_seed":false,"campfire_upgraded":3,"win_rate":0.0,"timestamp":1543154315,"path_taken":["M","?","$","M","M","R","?","R","T","M","E","M","$","?","R","BOSS","M","?","?","M","$","E"],"build_version":"2018-11-15","purchased_purges":3,"victory":false,"max_hp_per_floor":[80,80,80,80,80,80,80,80,80,80,80,80,80,80,80,80,80,80,80,80,80,80,80],"card_choices":[{"not_picked":["Anger","Twin Strike"],"picked":"Seeing Red","floor":1},{"not_picked":["Shrug It Off","Thunderclap"],"picked":"Iron Wave","floor":4},{"not_picked":["Entrench","Ghostly Armor"],"picked":"Pommel Strike","floor":5},{"not_picked":["Pommel Strike","Fire Breathing"],"picked":"Infernal Blade","floor":10},{"not_picked":["Feel No Pain","Sword Boomerang"],"picked":"Impervious","floor":11},{"not_picked":["Iron Wave","Dual Wield"],"picked":"Metallicize","floor":12},{"not_picked":["Bludgeon","Barricade"],"picked":"Demon Form","floor":16},{"not_picked":["Whirlwind","Battle Trance"],"picked":"Infernal Blade","floor":18},{"not_picked":["Body Slam+1","Clash"],"picked":"Flex","floor":19},{"not_picked":["Clothesline","Body Slam"],"picked":"Shrug It Off+1","floor":21}],"player_experience":3636,"relics_obtained":[{"floor":9,"key":"Bag of Preparation"},{"floor":11,"key":"Pantograph"},{"floor":19,"key":"Red Mask"}],"event_choices":[{"damage_healed":0,"gold_gain":0,"player_choice":"Got Potions","damage_taken":0,"max_hp_gain":0,"max_hp_loss":0,"event_name":"Lab","floor":2,"gold_loss":0},{"damage_healed":0,"gold_gain":0,"player_choice":"Take Wound","damage_taken":0,"relics_obtained":["Golden Idol"],"max_hp_gain":0,"max_hp_loss":0,"event_name":"Golden Idol","floor":14,"gold_loss":0,"cards_obtained":["Injury"]},{"damage_healed":0,"gold_gain":0,"player_choice":"Fought Bandits","damage_taken":0,"max_hp_gain":0,"max_hp_loss":0,"event_name":"Masked Bandits","floor":19,"gold_loss":0},{"damage_healed":0,"gold_gain":0,"player_choice":"Gave Idol","damage_taken":0,"relics_obtained":["Bloody Idol"],"max_hp_gain":0,"max_hp_loss":0,"event_name":"Forgotten Altar","floor":20,"relics_lost":["Golden Idol"],"gold_loss":0}],"is_beta":false,"boss_relics":[{"not_picked":["Black Star","Mark of Pain"],"picked":"Black Blood"}],"items_purged_floors":[3,7,13],"is_endless":false,"potions_floor_spawned":[5,10,11,18],"killed_by":"Gremlin Leader","ascension_level":0}