{"gold_per_floor":[114,114,114,114,114,114,125,125,125,125,145,145,69,23,23,23],"floor_reached":16,"playtime":379,"items_purged":[],"score":151,"play_id":"c56dab87-b5b6-4d6d-8cba-b079265ac2ee","local_time":"20181209083455","is_ascension_mode":true,"campfire_choices":[{"data":"Whirlwind","floor":6,"key":"SMITH"},{"data":"Offering","floor":10,"key":"SMITH"},{"data":"Intimidate","floor":12,"key":"SMITH"},{"data":"True Grit","floor":15,"key":"SMITH"}],"neow_cost":"NONE","seed_source_timestamp":462818771715101,"circlet_count":0,"master_deck":["AscendersBane","Strike_R","Strike_R","Strike_R","Strike_R","Strike_R","Defend_R","Defend_R","Defend_R","Defend_R","Bash+1","Offering+1","Whirlwind+1","Intimidate+1","Inflame","True Grit+1"],"relics":["Burning Blood","Juzu Bracelet","Calipers","Mummified Hand"],"potions_floor_usage":[],"damage_taken":[{"damage":6,"enemies":"Cultist","floor":1,"turns":2},{"damage":0,"enemies":"2 Louse","floor":7,"turns":2},{"damage":7,"enemies":"Jaw Worm","floor":11,"turns":2},{"damage":77,"enemies":"Hexaghost","floor":16,"turns":11}],"seed_played":"1619692643059430065","potions_obtained":[{"floor":1,"key":"SteroidPotion"}],"is_trial":false,"path_per_floor":["M","T","$","?","?","R","M","?","T","R","M","R","$","$","R","B"],"character_chosen":"IRONCLAD","items_purchased":["Inflame","True Grit"],"campfire_rested":0,"item_purchase_floors":[13,14],"current_hp_per_floor":[68,68,68,68,68,68,74,74,74,74,73,73,73,73,73,0],"gold":23,"neow_bonus":"ONE_RANDOM_RARE_CARD","is_prod":false,"is_daily":false,"chose_seed":false,"campfire_upgraded":4,"win_rate":0,"timestamp":1544312095,"path_taken":["M","?","$","?","?","R","M","?","T","R","M","R","?","$","R","BOSS"],"build_version":"2018-12-06","purchased_purges":0,"victory":false,"max_hp_per_floor":[75,75,75,75,75,75,75,75,75,75,75,75,75,75,75,75],"card_choices":[{"not_picked":["Perfected Strike","Ghostly Armor"],"picked":"Whirlwind","floor":1},{"not_picked":["Clash","Reckless Charge","Heavy Blade"],"picked":"SKIP","floor":7},{"not_picked":["Iron Wave","Cleave"],"picked":"Intimidate","floor":11}],"player_experience":2535984,"relics_obtained":[{"floor":2,"key":"Juzu Bracelet"},{"floor":9,"key":"Mummified Hand"}],"event_choices":[{"damage_healed":0,"gold_gain":0,"player_choice":"Gave Potion","damage_taken":0,"relics_obtained":["Calipers"],"max_hp_gain":0,"max_hp_loss":0,"event_name":"WeMeetAgain","floor":4,"gold_loss":0},{"damage_healed":0,"gold_gain":0,"player_choice":"0 cards matched","damage_taken":0,"max_hp_gain":0,"max_hp_loss":0,"event_name":"Match and Keep!","floor":5,"gold_loss":0,"cards_obtained":[]},{"damage_healed":0,"gold_gain":0,"player_choice":"Upgraded","damage_taken":0,"max_hp_gain":0,"max_hp_loss":0,"event_name":"Upgrade Shrine","floor":8,"gold_loss":0,"cards_upgraded":["Bash"]}],"is_beta":true,"boss_relics":[],"items_purged_floors":[],"is_endless":false,"potions_floor_spawned":[1],"killed_by":"Hexaghost","ascension_level":15}