{"gold_per_floor":[112,129,142,157,176,176,195,225,225,225,253,253,263,294,294,369,369,381,395,410,410,425,425,444,462,462,462,462,494,494,504,504,578,578,592,606,224,224],"floor_reached":38,"playtime":1506,"items_purged":["Strike_B"],"score":944,"play_id":"7f87ef8d-15ac-42c7-bfdd-f3504f5eeedb","local_time":"20190407003936","is_ascension_mode":true,"campfire_choices":[{"floor":6,"key":"REST"},{"floor":12,"key":"REST"},{"data":"Barrage","floor":15,"key":"SMITH"},{"data":"Dualcast","floor":23,"key":"SMITH"},{"floor":28,"key":"REST"},{"data":"Capacitor","floor":30,"key":"SMITH"},{"floor":32,"key":"REST"}],"neow_cost":"TEN_PERCENT_HP_LOSS","seed_source_timestamp":366985786008200,"circlet_count":0,"master_deck":["AscendersBane","Strike_B","Strike_B","Defend_B","Zap","Dualcast+1","Rebound","Chill","Barrage+1","Rip and Tear","Ball Lightning","Glacier","Ball Lightning","White Noise","Genetic Algorithm+1","Reboot+1","Hologram+1","Doom and Gloom+1","Genetic Algorithm+1","Double Energy+1","Genetic Algorithm+1","Coolheaded+1","Genetic Algorithm+1","Capacitor+1","Turbo+1","Electrodynamics","Hologram+1","Chaos+1","Self Repair","Static Discharge+1","Ball Lightning","Capacitor","Ball Lightning"],"relics":["Cracked Core","Torii","Happy Flower","Pear","Toxic Egg 2","Nuclear Battery","PreservedInsect","Strawberry","Orrery","Membership Card","Tiny Chest"],"potions_floor_usage":[16,18,29,33,38,38],"damage_taken":[{"damage":1,"enemies":"Cultist","floor":1,"turns":3},{"damage":5,"enemies":"2 Louse","floor":2,"turns":2},{"damage":2,"enemies":"Jaw Worm","floor":3,"turns":3},{"damage":5,"enemies":"Looter","floor":4,"turns":4},{"damage":4,"enemies":"Gremlin Gang","floor":5,"turns":5},{"damage":7,"enemies":"2 Fungi Beasts","floor":7,"turns":3},{"damage":12,"enemies":"3 Sentries","floor":8,"turns":8},{"damage":8,"enemies":"Gremlin Nob","floor":11,"turns":3},{"damage":1,"enemies":"3 Louse","floor":13,"turns":2},{"damage":17,"enemies":"Lagavulin","floor":14,"turns":6},{"damage":4,"enemies":"The Guardian","floor":16,"turns":10},{"damage":1,"enemies":"2 Thieves","floor":18,"turns":2},{"damage":0,"enemies":"Spheric Guardian","floor":19,"turns":3},{"damage":0,"enemies":"Centurion and Healer","floor":20,"turns":7},{"damage":8,"enemies":"Sentry and Sphere","floor":22,"turns":4},{"damage":24,"enemies":"Snake Plant","floor":24,"turns":3},{"damage":1,"enemies":"3 Cultists","floor":25,"turns":5},{"damage":0,"enemies":"Slavers","floor":29,"turns":3},{"damage":37,"enemies":"Shelled Parasite and Fungi","floor":31,"turns":4},{"damage":41,"enemies":"Automaton","floor":33,"turns":11},{"damage":10,"enemies":"3 Darklings","floor":35,"turns":4},{"damage":7,"enemies":"3 Shapes","floor":36,"turns":3},{"damage":72,"enemies":"Maw","floor":38,"turns":7}],"seed_played":"-7507609887374194958","potions_obtained":[{"floor":2,"key":"LiquidBronze"},{"floor":7,"key":"Fire Potion"},{"floor":11,"key":"Fire Potion"},{"floor":16,"key":"Strength Potion"},{"floor":24,"key":"SteroidPotion"},{"floor":27,"key":"Strength Potion"},{"floor":29,"key":"Block Potion"},{"floor":35,"key":"Regen Potion"}],"is_trial":false,"path_per_floor":["M","M","M","M","M","R","M","E","T","?","E","R","M","E","R","B",null,"M","M","M","?","M","R","M","M","T","?","R","E","R","M","R","B",null,"M","M","$","M"],"character_chosen":"DEFECT","items_purchased":["Membership Card","Tiny Chest","Capacitor","Ball Lightning"],"campfire_rested":4,"item_purchase_floors":[37,37,37,37],"current_hp_per_floor":[63,58,56,51,47,64,57,45,45,34,36,58,57,40,40,36,65,64,64,64,64,56,56,32,31,31,31,53,60,60,23,47,6,62,52,52,52,0],"gold":224,"neow_bonus":"REMOVE_TWO","is_prod":false,"is_daily":false,"chose_seed":false,"campfire_upgraded":3,"win_rate":0,"timestamp":1554565176,"path_taken":["M","M","?","M","M","R","?","E","T","?","E","R","M","E","R","BOSS","M","M","M","?","M","R","M","M","T","?","R","E","R","M","R","BOSS","M","?","$","M"],"build_version":"2019-01-23","purchased_purges":1,"victory":false,"max_hp_per_floor":[64,64,64,64,64,64,64,64,64,64,74,74,74,74,74,74,74,74,74,74,74,74,74,74,74,74,74,74,81,81,81,81,81,81,81,81,81,81],"card_choices":[{"not_picked":["Conserve Battery","Stack"],"picked":"Rebound","floor":1},{"not_picked":["BootSequence","Steam"],"picked":"Chill","floor":2},{"not_picked":["Skim","Steam"],"picked":"Barrage","floor":3},{"not_picked":["Lockon","Loop"],"picked":"Rip and Tear","floor":4},{"not_picked":["Conserve Battery","Redo"],"picked":"Ball Lightning","floor":5},{"not_picked":["Gash","Cold Snap","Rebound"],"picked":"SKIP","floor":7},{"not_picked":["Compile Driver","Cold Snap"],"picked":"Glacier","floor":8},{"not_picked":["Chill","Aggregate"],"picked":"Ball Lightning","floor":11},{"not_picked":["Stack","Beam Cell"],"picked":"White Noise","floor":13},{"not_picked":["Machine Learning","Force Field"],"picked":"Genetic Algorithm","floor":14},{"not_picked":["Meteor Strike","Machine Learning"],"picked":"Reboot+1","floor":16},{"not_picked":["Stack+1","Cold Snap"],"picked":"Hologram+1","floor":18},{"not_picked":["Defragment","Steam+1"],"picked":"Doom and Gloom+1","floor":19},{"not_picked":["Sweeping Beam","Coolheaded+1"],"picked":"Genetic Algorithm+1","floor":20},{"not_picked":["Stack+1","Reprogram+1","Rebound"],"picked":"SKIP","floor":22},{"not_picked":["Recycle+1","Fusion+1"],"picked":"Coolheaded+1","floor":24},{"not_picked":["Sunder","White Noise+1"],"picked":"Genetic Algorithm+1","floor":25},{"not_picked":["Beam Cell","Leap+1"],"picked":"Capacitor","floor":29},{"not_picked":["Gash","Streamline+1"],"picked":"Turbo+1","floor":31},{"not_picked":["Rainbow+1","Meteor Strike"],"picked":"Electrodynamics","floor":33},{"not_picked":["Steam+1","Sweeping Beam"],"picked":"Hologram+1","floor":34},{"not_picked":["Barrage+1","Chill+1"],"picked":"Chaos+1","floor":34},{"not_picked":["Scrape","Compile Driver"],"picked":"Self Repair","floor":34},{"not_picked":["Cold Snap","Beam Cell+1"],"picked":"Static Discharge+1","floor":34},{"not_picked":["Hello World+1","Leap+1"],"picked":"Ball Lightning","floor":35},{"not_picked":["Steam+1","Force Field+1","Aggregate+1"],"picked":"SKIP","floor":36}],"player_experience":4715760,"relics_obtained":[{"floor":8,"key":"Torii"},{"floor":11,"key":"Pear"},{"floor":14,"key":"Toxic Egg 2"},{"floor":26,"key":"PreservedInsect"},{"floor":29,"key":"Strawberry"}],"event_choices":[{"damage_healed":0,"gold_gain":0,"player_choice":"Success","damage_taken":11,"relics_obtained":["Happy Flower"],"max_hp_gain":0,"max_hp_loss":0,"event_name":"Scrap Ooze","floor":10,"gold_loss":0},{"damage_healed":0,"gold_gain":0,"cards_transformed":["Defend_B","Defend_B"],"player_choice":"Became Test Subject","damage_taken":0,"max_hp_gain":0,"max_hp_loss":0,"event_name":"Drug Dealer","floor":21,"gold_loss":0,"cards_obtained":["Double Energy","Genetic Algorithm"]},{"damage_healed":0,"gold_gain":0,"player_choice":"Got Potions","damage_taken":0,"max_hp_gain":0,"max_hp_loss":0,"event_name":"Lab","floor":27,"gold_loss":0}],"is_beta":false,"boss_relics":[{"not_picked":["Velvet Choker","Lizard Tail"],"picked":"Nuclear Battery"},{"not_picked":["Astrolabe","Runic Pyramid"],"picked":"Orrery"}],"items_purged_floors":[37],"is_endless":false,"potions_floor_spawned":[2,7,8,11,13,16,24,29,31,35],"killed_by":"Maw","ascension_level":20}