{"gold_per_floor":[110,110,126,126,142,172,172,191,191,191,220,23,23,39,39,115,115,115,115,115,115,115],"floor_reached":22,"playtime":1004,"items_purged":[],"score":396,"play_id":"702f3ab5-c285-455c-95ab-fa395b8e89f6","local_time":"20190913103235","is_ascension_mode":true,"campfire_choices":[{"data":"Bash","floor":7.0,"key":"SMITH"},{"data":"Wild Strike","floor":10.0,"key":"SMITH"},{"data":"Evolve","floor":15.0,"key":"SMITH"}],"neow_cost":"NONE","seed_source_timestamp":94721769843300,"circlet_count":0,"master_deck":["AscendersBane","Strike_R","Strike_R","Strike_R","Strike_R","Strike_R","Defend_R","Defend_R","Defend_R","Defend_R","Bash+1","Reaper","Wild Strike+1","Sword Boomerang","Ghostly Armor","Thunderclap","Dropkick","Power Through","Evolve+1","Immolate+1","Shrug It Off","Barricade","Metallicize","True Grit","Corruption+1"],"special_seed":0,"relics":["Burning Blood","Question Card","Kunai","Gremlin Horn","Ectoplasm"],"potions_floor_usage":[16],"damage_taken":[{"damage":11.0,"enemies":"Jaw Worm","floor":1.0,"turns":5.0},{"damage":17.0,"enemies":"Small Slimes","floor":3.0,"turns":4.0},{"damage":1.0,"enemies":"Cultist","floor":5.0,"turns":3.0},{"damage":32.0,"enemies":"Gremlin Nob","floor":6.0,"turns":4.0},{"damage":13.0,"enemies":"3 Louse","floor":8.0,"turns":4.0},{"damage":36.0,"enemies":"3 Sentries","floor":11.0,"turns":9.0},{"damage":0.0,"enemies":"Lots of Slimes","floor":14.0,"turns":1.0},{"damage":22,"enemies":"The Guardian","floor":16,"turns":18},{"damage":6,"enemies":"3 Byrds","floor":18,"turns":5},{"damage":6,"enemies":"Chosen","floor":19,"turns":5},{"damage":31,"enemies":"Snake Plant","floor":20,"turns":10},{"damage":44,"enemies":"Sentry and Sphere","floor":21,"turns":16},{"damage":14,"enemies":"Shelled Parasite and Fungi","floor":22,"turns":2}],"seed_played":"-3436149566104640508","potions_obtained":[{"floor":8.0,"key":"Poison Potion"},{"floor":11.0,"key":"SpeedPotion"},{"floor":14.0,"key":"SteroidPotion"},{"floor":16,"key":"Ancient Potion"}],"is_trial":false,"path_per_floor":["M","?","M","?","M","E","R","M","T","R","E","$","?","M","R","B",null,"M","M","M","M","M"],"character_chosen":"IRONCLAD","items_purchased":["Evolve","Immolate"],"campfire_rested":0,"item_purchase_floors":[12,12],"current_hp_per_floor":[63,68,57,57,62,36,36,37,37,37,19,19,19,25,25,15,64,68,68,44,10,0],"gold":115,"neow_bonus":"ONE_RANDOM_RARE_CARD","is_prod":false,"is_daily":false,"chose_seed":false,"campfire_upgraded":3,"win_rate":0,"timestamp":1568395955,"path_taken":["M","?","M","?","?","E","R","M","T","R","E","$","?","M","R","BOSS","M","M","M","M","M"],"build_version":"2019-07-17","purchased_purges":0,"victory":false,"max_hp_per_floor":[75,80,80,80,80,80,80,80,80,80,80,80,80,80,80,80,80,80,80,80,80,80],"card_choices":[{"not_picked":["Headbutt","Sever Soul"],"picked":"Wild Strike","floor":1.0},{"not_picked":["Sever Soul","Twin Strike"],"picked":"Sword Boomerang","floor":3.0},{"not_picked":["Infernal Blade","True Grit"],"picked":"Thunderclap","floor":5.0},{"not_picked":["Iron Wave","Searing Blow","Burning Pact"],"picked":"SKIP","floor":6.0},{"not_picked":["Pommel Strike","Iron Wave","Bloodletting"],"picked":"Dropkick","floor":8.0},{"not_picked":["Twin Strike","Carnage","Headbutt"],"picked":"Power Through","floor":11.0},{"not_picked":["Warcry","Armaments","Dual Wield"],"picked":"Shrug It Off","floor":14.0},{"not_picked":["Offering","Exhume","Double Tap"],"picked":"Barricade","floor":16},{"not_picked":["Heavy Blade+1","Thunderclap","Armaments","Perfected Strike"],"picked":"SKIP","floor":18},{"not_picked":["Pommel Strike","Cleave","Reckless Charge"],"picked":"Metallicize","floor":19},{"not_picked":["Perfected Strike","Headbutt","Flex"],"picked":"True Grit","floor":20},{"not_picked":["Headbutt","Ghostly Armor","Rupture"],"picked":"Corruption+1","floor":21}],"player_experience":733739,"relics_obtained":[{"floor":6.0,"key":"Question Card"},{"floor":9.0,"key":"Kunai"},{"floor":11.0,"key":"Gremlin Horn"}],"event_choices":[{"damage_healed":0.0,"max_hp_gain":5.0,"max_hp_loss":0.0,"gold_gain":0.0,"event_name":"Big Fish","player_choice":"Donut","floor":2.0,"gold_loss":0.0,"damage_taken":0.0},{"damage_healed":0.0,"max_hp_gain":0.0,"max_hp_loss":0.0,"gold_gain":0.0,"event_name":"Match and Keep!","player_choice":"1 cards matched","floor":4.0,"gold_loss":0.0,"damage_taken":0.0,"cards_obtained":["Ghostly Armor"]},{"damage_healed":0.0,"max_hp_gain":0.0,"max_hp_loss":0.0,"gold_gain":0.0,"event_name":"Upgrade Shrine","player_choice":"Upgraded","floor":13.0,"gold_loss":0.0,"damage_taken":0.0,"cards_upgraded":["Immolate"]}],"is_beta":false,"boss_relics":[{"not_picked":["Calling Bell","Astrolabe"],"picked":"Ectoplasm"}],"items_purged_floors":[],"is_endless":false,"potions_floor_spawned":[8,11,14,16,19,20],"killed_by":"Shelled Parasite and Fungi","ascension_level":20}