{"gold_per_floor":[115,131,151,151,168,168,181,201,227,254,269,269,280,311,311,385,385,398,376,24,24],"floor_reached":21,"playtime":669,"items_purged":[],"score":390,"play_id":"3dab67e3-1156-4ac8-a8f0-bdd69f5f3969","local_time":"20190911170955","is_ascension_mode":true,"campfire_choices":[{"data":"Bash","floor":6.0,"key":"SMITH"},{"data":"Perfected Strike","floor":12.0,"key":"SMITH"},{"data":"Perfected Strike","floor":15.0,"key":"SMITH"}],"neow_cost":"NONE","seed_source_timestamp":177489462514200,"circlet_count":0,"master_deck":["AscendersBane","Strike_R","Strike_R","Strike_R","Strike_R","Strike_R","Defend_R","Defend_R","Defend_R","Defend_R","Bash+1","Wild Strike","Rampage","Battle Trance","Headbutt","Shrug It Off","Perfected Strike+1","Perfected Strike+1","Double Tap","Perfected Strike","Metallicize"],"special_seed":0,"relics":["Burning Blood","Strawberry","CultistMask","Centennial Puzzle","Bird Faced Urn","Vajra","Eternal Feather","Self Forming Clay"],"potions_floor_usage":[18],"damage_taken":[{"damage":13.0,"enemies":"Cultist","floor":1.0,"turns":5.0},{"damage":6.0,"enemies":"2 Louse","floor":2.0,"turns":3.0},{"damage":14.0,"enemies":"Small Slimes","floor":3.0,"turns":3.0},{"damage":12.0,"enemies":"3 Louse","floor":5.0,"turns":4.0},{"damage":7.0,"enemies":"Looter","floor":7.0,"turns":3.0},{"damage":8.0,"enemies":"Blue Slaver","floor":8.0,"turns":3.0},{"damage":41.0,"enemies":"Lagavulin","floor":10.0,"turns":7.0},{"damage":0.0,"enemies":"3 Louse","floor":11.0,"turns":3.0},{"damage":6.0,"enemies":"Red Slaver","floor":13.0,"turns":2.0},{"damage":12.0,"enemies":"Gremlin Nob","floor":14.0,"turns":3.0},{"damage":24,"enemies":"Slime Boss","floor":16,"turns":7},{"damage":21,"enemies":"Shell Parasite","floor":18,"turns":2},{"damage":23,"enemies":"2 Thieves","floor":19,"turns":4},{"damage":38,"enemies":"Shelled Parasite and Fungi","floor":21,"turns":2}],"seed_played":"-488659278133934978","potions_obtained":[{"floor":2.0,"key":"SpeedPotion"},{"floor":3.0,"key":"Regen Potion"},{"floor":7.0,"key":"Regen Potion"},{"floor":8.0,"key":"PowerPotion"},{"floor":16,"key":"Energy Potion"}],"is_trial":false,"path_per_floor":["M","M","M","?","M","R","M","M","T","E","M","R","M","E","R","B",null,"M","M","$","M"],"character_chosen":"IRONCLAD","items_purchased":["Self Forming Clay","Metallicize"],"campfire_rested":0,"item_purchase_floors":[20,20],"current_hp_per_floor":[68,68,60,60,54,54,62,60,60,40,46,46,46,42,42,24,68,53,36,36,0],"gold":24,"neow_bonus":"RANDOM_COMMON_RELIC","is_prod":false,"is_daily":false,"chose_seed":false,"campfire_upgraded":3,"win_rate":0,"timestamp":1568246995,"path_taken":["M","?","?","?","M","R","M","M","T","E","M","R","M","E","R","BOSS","M","M","$","M"],"build_version":"2019-07-17","purchased_purges":0,"victory":false,"max_hp_per_floor":[82,82,82,82,82,82,82,82,82,82,82,82,82,82,82,82,82,82,82,82,82],"card_choices":[{"not_picked":["Heavy Blade","Pummel"],"picked":"Wild Strike","floor":1.0},{"not_picked":["Whirlwind","Sentinel"],"picked":"Rampage","floor":2.0},{"not_picked":["Havoc","Blood for Blood"],"picked":"Battle Trance","floor":3.0},{"not_picked":["Clash","Second Wind"],"picked":"Headbutt","floor":5.0},{"not_picked":["Havoc","Anger"],"picked":"Shrug It Off","floor":7.0},{"not_picked":["Fiend Fire","Shrug It Off"],"picked":"Perfected Strike","floor":8.0},{"not_picked":["Infernal Blade","Clash","Sword Boomerang"],"picked":"SKIP","floor":10.0},{"not_picked":["Entrench","Headbutt"],"picked":"Perfected Strike","floor":11.0},{"not_picked":["Warcry","Sword Boomerang","Clothesline"],"picked":"SKIP","floor":13.0},{"not_picked":["Clash","Fire Breathing","Flex"],"picked":"SKIP","floor":14.0},{"not_picked":["Berserk","Immolate"],"picked":"Double Tap","floor":16},{"not_picked":["Blood for Blood","Flex"],"picked":"Perfected Strike","floor":18},{"not_picked":["Thunderclap+1","Spot Weakness","Sentinel"],"picked":"SKIP","floor":19}],"player_experience":668534,"relics_obtained":[{"floor":9.0,"key":"Centennial Puzzle"},{"floor":10.0,"key":"Bird Faced Urn"},{"floor":14.0,"key":"Vajra"}],"event_choices":[{"damage_healed":0.0,"max_hp_gain":0.0,"max_hp_loss":0.0,"gold_gain":0.0,"event_name":"FaceTrader","player_choice":"Trade","floor":4.0,"gold_loss":0.0,"damage_taken":0.0,"relics_obtained":["CultistMask"]}],"is_beta":false,"boss_relics":[{"not_picked":["Calling Bell","Lizard Tail"],"picked":"Eternal Feather"}],"items_purged_floors":[],"is_endless":false,"potions_floor_spawned":[2,3,7,8,16],"killed_by":"Shelled Parasite and Fungi","ascension_level":20}