{"gold_per_floor":[109,109,122,134,148,148,164,196,196,196,196,222,222,249,249,249],"floor_reached":16,"playtime":385,"items_purged":[],"score":240,"play_id":"c8ce9679-3912-4dc1-8fa8-f835eb053909","local_time":"20190921190232","is_ascension_mode":true,"campfire_choices":[{"data":"Wild Strike","floor":6,"key":"SMITH"},{"data":"Berserk","floor":10,"key":"SMITH"},{"data":"Perfected Strike","floor":13,"key":"SMITH"},{"floor":15,"key":"REST"}],"neow_cost":"TEN_PERCENT_HP_LOSS","seed_source_timestamp":413356967583700,"circlet_count":0,"master_deck":["AscendersBane","Strike_R","Strike_R","Strike_R","Strike_R","Strike_R","Defend_R","Defend_R","Defend_R","Defend_R","Bash+1","Headbutt","Wild Strike+1","True Grit","Perfected Strike+1","Berserk+1","Pommel Strike","Twin Strike"],"relics":["Burning Blood","Ginger","The Courier","Eternal Feather","Frozen Egg 2","Letter Opener"],"potions_floor_usage":[5,12],"damage_taken":[{"damage":13,"enemies":"Small Slimes","floor":1,"turns":4},{"damage":6,"enemies":"Cultist","floor":3,"turns":3},{"damage":0,"enemies":"2 Louse","floor":4,"turns":2},{"damage":9,"enemies":"Lots of Slimes","floor":5,"turns":3},{"damage":0,"enemies":"2 Fungi Beasts","floor":7,"turns":4},{"damage":40,"enemies":"Lagavulin","floor":8,"turns":5},{"damage":24,"enemies":"Gremlin Nob","floor":12,"turns":4},{"damage":33,"enemies":"Lagavulin","floor":14,"turns":7},{"damage":30,"enemies":"The Guardian","floor":16,"turns":9}],"seed_played":"5657185870610123781","potions_obtained":[{"floor":1,"key":"Ancient Potion"},{"floor":3,"key":"DuplicationPotion"},{"floor":12,"key":"ElixirPotion"}],"is_trial":false,"path_per_floor":["M","?","M","M","M","R","M","E","T","R","?","E","R","E","R","B"],"character_chosen":"IRONCLAD","items_purchased":[],"campfire_rested":1,"item_purchase_floors":[],"current_hp_per_floor":[61,61,61,67,64,64,68,34,34,43,43,25,34,7,36,6],"gold":249,"neow_bonus":"ONE_RARE_RELIC","is_prod":false,"is_daily":false,"chose_seed":false,"campfire_upgraded":3,"win_rate":0,"timestamp":1569117752,"path_taken":["M","?","M","M","?","R","M","E","T","R","?","E","R","E","R","BOSS"],"build_version":"2019-09-20","purchased_purges":0,"victory":false,"max_hp_per_floor":[68,68,68,68,68,68,68,68,68,68,68,68,68,68,68,68],"card_choices":[{"not_picked":["Burning Pact","Heavy Blade"],"picked":"Headbutt","floor":1},{"not_picked":["Havoc","Hemokinesis"],"picked":"Wild Strike","floor":3},{"not_picked":["Flex","Iron Wave","Thunderclap"],"picked":"SKIP","floor":4},{"not_picked":["Body Slam","Cleave"],"picked":"True Grit","floor":5},{"not_picked":["Cleave","True Grit"],"picked":"Perfected Strike","floor":7},{"not_picked":["Anger","Shockwave"],"picked":"Berserk","floor":8},{"not_picked":["Searing Blow","Intimidate"],"picked":"Pommel Strike","floor":12},{"not_picked":["Second Wind","Flex"],"picked":"Twin Strike","floor":14}],"player_experience":938482,"relics_obtained":[{"floor":8,"key":"The Courier"},{"floor":9,"key":"Eternal Feather"},{"floor":12,"key":"Frozen Egg 2"},{"floor":14,"key":"Letter Opener"}],"event_choices":[{"damage_healed":0,"gold_gain":0,"player_choice":"Upgraded","damage_taken":0,"max_hp_gain":0,"max_hp_loss":0,"event_name":"Upgrade Shrine","floor":2,"gold_loss":0,"cards_upgraded":["Bash"]},{"damage_healed":0,"gold_gain":0,"player_choice":"Ignored","damage_taken":0,"max_hp_gain":0,"max_hp_loss":0,"event_name":"Liars Game","floor":11,"gold_loss":0}],"is_beta":true,"boss_relics":[],"items_purged_floors":[],"is_endless":false,"potions_floor_spawned":[1,3,12],"killed_by":"The Guardian","ascension_level":20}