{"gold_per_floor":[117,117,117,117,137,169,169,191,245,264,17,17,37,53,53,124,124,138,188,222,222,222,222,222,222,268,281,281,196,296,314,314,389,389,408,427,527,527,546,566,318,347,427,427,89,100,127,127,127,127,127],"floor_reached":52,"playtime":2177,"items_purged":["Strike_R+1","Strike_R+1"],"score":2037,"play_id":"a17e11ea-2a62-4f05-a5cc-03ea850c6f11","local_time":"20190913111247","is_ascension_mode":true,"campfire_choices":[{"data":"Uppercut","floor":7.0,"key":"SMITH"},{"data":"Feel No Pain","floor":12.0,"key":"SMITH"},{"floor":15.0,"key":"REST"},{"floor":23.0,"key":"REST"},{"floor":25.0,"key":"REST"},{"floor":32.0,"key":"REST"},{"floor":44.0,"key":"RECALL"},{"floor":49,"key":"REST"}],"neow_cost":"NONE","seed_source_timestamp":96092095345300,"circlet_count":0,"master_deck":["AscendersBane","Strike_R+1","Strike_R+1","Strike_R+1","Defend_R+1","Defend_R+1","Defend_R+1","Defend_R+1","Bash","Uppercut+1","Shrug It Off","Feel No Pain+1","Shrug It Off+1","Corruption","Offering","Shrug It Off","Seeing Red","Exhume","Body Slam","Demon Form","Warcry+1","Barricade","Offering","Reaper","Feel No Pain","Body Slam","Offering","Seeing Red","Shockwave","Shrug It Off+1","Body Slam+1","Entrench","The Bomb","Offering"],"special_seed":0,"relics":["Burning Blood","NeowsBlessing","Pen Nib","Juzu Bracelet","Odd Mushroom","Oddly Smooth Stone","Fusion Hammer","Red Mask","Happy Flower","Nloth\u0027s Gift","Bronze Scales","Mercury Hourglass","Incense Burner","Paper Frog","Orrery","Turnip","War Paint","Bottled Lightning","Sundial"],"potions_floor_usage":[50],"damage_taken":[{"damage":0.0,"enemies":"2 Louse","floor":1.0,"turns":1.0},{"damage":0.0,"enemies":"Small Slimes","floor":5.0,"turns":1.0},{"damage":0.0,"enemies":"3 Sentries","floor":6.0,"turns":1.0},{"damage":40.0,"enemies":"The Mushroom Lair","floor":8.0,"turns":6.0},{"damage":6.0,"enemies":"Jaw Worm","floor":10.0,"turns":4.0},{"damage":26.0,"enemies":"Lots of Slimes","floor":13.0,"turns":6.0},{"damage":15.0,"enemies":"Large Slime","floor":14.0,"turns":7.0},{"damage":32.0,"enemies":"Slime Boss","floor":16.0,"turns":13.0},{"damage":6.0,"enemies":"Chosen","floor":18.0,"turns":6.0},{"damage":49.0,"enemies":"Masked Bandits","floor":20.0,"turns":7.0},{"damage":0.0,"enemies":"3 Byrds","floor":27.0,"turns":3.0},{"damage":6.0,"enemies":"Colosseum Slavers","floor":30.0,"turns":4.0},{"damage":40.0,"enemies":"Colosseum Nobs","floor":30.0,"turns":4.0},{"damage":20.0,"enemies":"Snake Plant","floor":31.0,"turns":4.0},{"damage":16.0,"enemies":"Champ","floor":33.0,"turns":23.0},{"damage":12.0,"enemies":"3 Shapes","floor":35.0,"turns":6.0},{"damage":7.0,"enemies":"Orb Walker","floor":36.0,"turns":4.0},{"damage":18.0,"enemies":"Mind Bloom Boss Battle","floor":37.0,"turns":3.0},{"damage":2.0,"enemies":"3 Darklings","floor":39.0,"turns":6.0},{"damage":7.0,"enemies":"Writhing Mass","floor":40.0,"turns":5.0},{"damage":12.0,"enemies":"Giant Head","floor":42.0,"turns":4.0},{"damage":21.0,"enemies":"Transient","floor":46.0,"turns":6.0},{"damage":12.0,"enemies":"Nemesis","floor":47.0,"turns":5.0},{"damage":29,"enemies":"Time Eater","floor":50,"turns":12},{"damage":42,"enemies":"Donu and Deca","floor":51,"turns":6}],"seed_played":"-5303551102284796757","potions_obtained":[{"floor":5.0,"key":"Dexterity Potion"},{"floor":6.0,"key":"Energy Potion"},{"floor":13.0,"key":"Fruit Juice"},{"floor":14.0,"key":"Strength Potion"},{"floor":18.0,"key":"Swift Potion"},{"floor":31.0,"key":"GamblersBrew"},{"floor":33.0,"key":"Fire Potion"},{"floor":39.0,"key":"SkillPotion"}],"is_trial":false,"path_per_floor":["M","?","?","T","M","E","R","?","T","M","$","R","M","M","R","B",null,"M","?","?","?","?","R","?","R","T","M","?","?","?","M","R","B",null,"M","M","?","?","M","M","$","E","T","R","$","M","E","?","R","B","B",null],"character_chosen":"IRONCLAD","items_purchased":["Corruption","Offering","War Paint","Entrench","The Bomb"],"campfire_rested":5,"item_purchase_floors":[11,11,41,45,45],"current_hp_per_floor":[74,69,74,74,80,82,82,48,48,48,48,48,33,24,50,24,71,71,71,28,28,28,54,54,80,80,86,86,86,52,38,64,54,79,82,87,75,75,87,86,86,87,87,87,87,87,81,81,87,87,51],"gold":127,"neow_bonus":"THREE_ENEMY_KILL","is_prod":false,"is_daily":false,"chose_seed":false,"campfire_upgraded":2,"win_rate":0,"timestamp":1568398367,"path_taken":["M","?","?","?","M","E","R","?","T","M","$","R","M","M","R","BOSS","BOSS","M","?","?","?","?","R","?","R","T","M","?","?","?","M","R","BOSS","M","M","?","?","M","M","$","E","T","R","$","M","E","?","R","BOSS","BOSS"],"build_version":"2019-07-17","purchased_purges":2,"victory":true,"max_hp_per_floor":[75,75,80,80,80,82,82,82,82,82,82,82,87,87,87,87,87,87,87,87,87,87,87,87,87,87,87,87,87,87,87,87,87,87,87,87,87,87,87,87,87,87,87,87,87,87,87,87,87,87,87],"card_choices":[{"not_picked":["Shrug It Off","Clothesline"],"picked":"Uppercut","floor":1.0},{"not_picked":["Thunderclap","Inflame"],"picked":"Shrug It Off","floor":5.0},{"not_picked":["Clash","Corruption","Heavy Blade"],"picked":"Singing Bowl","floor":6.0},{"not_picked":["Fire Breathing","Entrench"],"picked":"Feel No Pain","floor":8.0},{"not_picked":["Twin Strike","Thunderclap"],"picked":"Shrug It Off","floor":10.0},{"not_picked":["Iron Wave","Clothesline"],"picked":"Shrug It Off","floor":13.0},{"not_picked":["Warcry","Hemokinesis"],"picked":"Seeing Red","floor":14.0},{"not_picked":["Limit Break","Fiend Fire"],"picked":"Exhume","floor":16.0},{"not_picked":["Clash","Wild Strike"],"picked":"Body Slam","floor":18.0},{"not_picked":["Body Slam","Pommel Strike"],"picked":"Demon Form","floor":20.0},{"not_picked":["Clash","Twin Strike+1"],"picked":"Warcry","floor":27.0},{"not_picked":["Armaments","Wild Strike"],"picked":"Barricade","floor":31.0},{"not_picked":["Berserk","Exhume"],"picked":"Offering","floor":33.0},{"not_picked":["Sword Boomerang","Anger"],"picked":"Reaper","floor":34.0},{"not_picked":["True Grit","Battle Trance"],"picked":"Feel No Pain","floor":34.0},{"not_picked":["True Grit","Sword Boomerang"],"picked":"Body Slam","floor":34.0},{"not_picked":["Whirlwind","Searing Blow"],"picked":"Offering","floor":34.0},{"not_picked":["Dual Wield","Flex"],"picked":"Seeing Red","floor":34.0},{"not_picked":["Pommel Strike","Shrug It Off+1"],"picked":"Shockwave","floor":35.0},{"not_picked":["Hemokinesis+1","Pommel Strike","Sever Soul"],"picked":"SKIP","floor":36.0},{"not_picked":["Heavy Blade","Fire Breathing+1","Pommel Strike"],"picked":"SKIP","floor":39.0},{"not_picked":["Evolve","Exhume"],"picked":"Shrug It Off+1","floor":40.0},{"not_picked":["Flex","Barricade"],"picked":"Body Slam+1","floor":42.0},{"not_picked":["Clash+1","Rampage","Perfected Strike"],"picked":"SKIP","floor":46.0},{"not_picked":["Pommel Strike","Carnage+1"],"picked":"Offering","floor":47}],"player_experience":734743,"relics_obtained":[{"floor":4.0,"key":"Pen Nib"},{"floor":6.0,"key":"Juzu Bracelet"},{"floor":8.0,"key":"Odd Mushroom"},{"floor":9.0,"key":"Oddly Smooth Stone"},{"floor":20.0,"key":"Red Mask"},{"floor":26.0,"key":"Bronze Scales"},{"floor":30.0,"key":"Incense Burner"},{"floor":30.0,"key":"Paper Frog"},{"floor":37.0,"key":"Turnip"},{"floor":42.0,"key":"Bottled Lightning"},{"floor":43.0,"key":"Sundial"}],"event_choices":[{"damage_healed":0.0,"max_hp_gain":0.0,"max_hp_loss":0.0,"gold_gain":0.0,"event_name":"Scrap Ooze","player_choice":"Success","floor":2.0,"gold_loss":0.0,"damage_taken":5.0,"relics_obtained":["Singing Bowl"]},{"damage_healed":0.0,"max_hp_gain":5.0,"max_hp_loss":0.0,"gold_gain":0.0,"event_name":"Big Fish","player_choice":"Donut","floor":3.0,"gold_loss":0.0,"damage_taken":0.0},{"damage_healed":0.0,"max_hp_gain":0.0,"max_hp_loss":0.0,"gold_gain":0.0,"event_name":"Mushrooms","player_choice":"Fought Mushrooms","floor":8.0,"gold_loss":0.0,"damage_taken":0.0},{"damage_healed":0.0,"max_hp_gain":0.0,"max_hp_loss":0.0,"gold_gain":100.0,"event_name":"The Joust","player_choice":"Bet on Murderer","floor":19.0,"gold_loss":50.0,"damage_taken":0.0},{"damage_healed":0.0,"max_hp_gain":0.0,"max_hp_loss":0.0,"gold_gain":0.0,"event_name":"Masked Bandits","player_choice":"Fought Bandits","floor":20.0,"gold_loss":0.0,"damage_taken":0.0},{"damage_healed":0.0,"max_hp_gain":0.0,"max_hp_loss":0.0,"gold_gain":0.0,"event_name":"The Mausoleum","player_choice":"Opened","floor":21.0,"gold_loss":0.0,"damage_taken":0.0,"relics_obtained":["Happy Flower"],"cards_obtained":["Writhe"]},{"damage_healed":0.0,"max_hp_gain":0.0,"max_hp_loss":0.0,"gold_gain":0.0,"event_name":"Back to Basics","player_choice":"Simplicity","floor":22.0,"gold_loss":0.0,"damage_taken":0.0,"cards_upgraded":["Strike_R","Strike_R","Strike_R","Strike_R","Strike_R","Defend_R","Defend_R","Defend_R","Defend_R"]},{"damage_healed":0.0,"max_hp_gain":0.0,"max_hp_loss":0.0,"gold_gain":0.0,"event_name":"N\u0027loth","player_choice":"Traded Relic","floor":24.0,"relics_lost":["Singing Bowl"],"gold_loss":0.0,"damage_taken":0.0,"relics_obtained":["Nloth\u0027s Gift"]},{"damage_healed":0.0,"max_hp_gain":0.0,"max_hp_loss":0.0,"gold_gain":0.0,"event_name":"Ghosts","player_choice":"Ignored","floor":28.0,"gold_loss":0.0,"damage_taken":0.0},{"damage_healed":0.0,"max_hp_gain":0.0,"max_hp_loss":0.0,"gold_gain":0.0,"event_name":"Addict","player_choice":"Obtained Relic","floor":29.0,"gold_loss":85.0,"damage_taken":0.0,"relics_obtained":["Mercury Hourglass"]},{"damage_healed":0.0,"max_hp_gain":0.0,"max_hp_loss":0.0,"gold_gain":0.0,"event_name":"Colosseum","player_choice":"Fight","floor":30.0,"gold_loss":0.0,"damage_taken":0.0},{"damage_healed":0.0,"max_hp_gain":0.0,"max_hp_loss":0.0,"gold_gain":0.0,"event_name":"Colosseum","player_choice":"Fought Nobs","floor":30.0,"gold_loss":0.0,"damage_taken":0.0},{"damage_healed":0.0,"max_hp_gain":0.0,"max_hp_loss":0.0,"gold_gain":0.0,"event_name":"MindBloom","player_choice":"Fight","floor":37.0,"gold_loss":0.0,"damage_taken":0.0},{"cards_removed":["Writhe"],"damage_healed":0.0,"max_hp_gain":0.0,"max_hp_loss":0.0,"gold_gain":0.0,"event_name":"Purifier","player_choice":"Purged","floor":38.0,"gold_loss":0.0,"damage_taken":0.0},{"damage_healed":0,"gold_gain":0,"player_choice":"0 cards matched","damage_taken":0,"max_hp_gain":0,"max_hp_loss":0,"event_name":"Match and Keep!","floor":48,"gold_loss":0,"cards_obtained":[]}],"is_beta":false,"boss_relics":[{"not_picked":["Ectoplasm","Coffee Dripper"],"picked":"Fusion Hammer"},{"not_picked":["Pandora\u0027s Box","Runic Dome"],"picked":"Orrery"}],"items_purged_floors":[41,45],"is_endless":false,"potions_floor_spawned":[5,6,13,14,18,20,31,33,37,39,42],"ascension_level":20}