{"gold_per_floor":[114,129,129,144,159,189,21,36,111,126,126,141,106,121,121,221,221,236,251,251,281,356,356],"floor_reached":23,"playtime":1172,"items_purged":[],"score":195,"play_id":"237a2a07-533a-4ef9-bb18-6a6fd67b0c5a","local_time":"20190609211300","daily_mods":["Heirloom","Uncertain Future","Night Terrors"],"is_ascension_mode":false,"campfire_choices":[{"data":"Mayhem","floor":11,"key":"SMITH"},{"data":"Bouncing Flask","floor":15,"key":"SMITH"}],"neow_cost":"","seed_source_timestamp":0,"circlet_count":0,"master_deck":["Defend_G","Defend_G","Defend_G","Defend_G","Defend_G","Strike_G","Strike_G","Strike_G","Strike_G","Strike_G","Survivor","Neutralize","Flying Knee","Blur","Dagger Spray","Deadly Poison","Bouncing Flask+1","Mayhem+1","Dagger Spray+1","Poisoned Stab+1","Prepared","Underhanded Strike+1","After Image","Sucker Punch+1","Outmaneuver","Shame"],"special_seed":18057,"relics":["Ring of the Snake","Torii","Anchor","Molten Egg 2","Matryoshka","Black Star","Regal Pillow","Tiny Chest","Darkstone Periapt","Paper Crane","Bottled Tornado"],"potions_floor_usage":[6,16,16,16,23],"damage_taken":[{"damage":0,"enemies":"Cultist","floor":1,"turns":4},{"damage":0,"enemies":"Jaw Worm","floor":2,"turns":3},{"damage":0,"enemies":"Small Slimes","floor":4,"turns":4},{"damage":0,"enemies":"Looter","floor":5,"turns":4},{"damage":1,"enemies":"3 Sentries","floor":6,"turns":6},{"damage":9,"enemies":"Exordium Thugs","floor":8,"turns":5},{"damage":1,"enemies":"Blue Slaver","floor":10,"turns":3},{"damage":0,"enemies":"Red Slaver","floor":12,"turns":2},{"damage":0,"enemies":"2 Fungi Beasts","floor":14,"turns":3},{"damage":20,"enemies":"The Guardian","floor":16,"turns":9},{"damage":24,"enemies":"2 Thieves","floor":18,"turns":5},{"damage":9,"enemies":"Shell Parasite","floor":19,"turns":5},{"damage":43,"enemies":"Slavers","floor":23,"turns":4}],"seed_played":"-5273660921694775926","potions_obtained":[{"floor":2,"key":"FearPotion"},{"floor":5,"key":"AttackPotion"},{"floor":6,"key":"GamblersBrew"},{"floor":10,"key":"GamblersBrew"},{"floor":14,"key":"Poison Potion"},{"floor":19,"key":"AttackPotion"}],"is_trial":false,"path_per_floor":["M","M","?","M","M","E","$","M","T","M","R","M","?","M","R","B",null,"M","M","?","T","T","E"],"character_chosen":"THE_SILENT","items_purchased":["Mayhem"],"campfire_rested":0,"item_purchase_floors":[7],"current_hp_per_floor":[70,70,63,63,63,62,62,53,53,52,52,52,69,69,69,49,70,46,37,37,37,37,0],"gold":356,"neow_bonus":"","is_prod":false,"is_daily":true,"chose_seed":false,"campfire_upgraded":2,"win_rate":0,"timestamp":1560129180,"path_taken":["M","?","?","M","M","E","$","M","T","M","R","M","?","M","R","BOSS","M","M","?","?","?","E"],"build_version":"2019-01-23","purchased_purges":0,"victory":false,"max_hp_per_floor":[70,70,70,70,70,70,70,70,70,70,70,70,70,70,70,70,70,70,70,70,70,70,70],"card_choices":[{"not_picked":["Sucker Punch","Dash"],"picked":"Flying Knee","floor":1},{"not_picked":["Flying Knee","Quick Slash"],"picked":"Blur","floor":2},{"not_picked":["Tactician","Expertise"],"picked":"Dagger Spray","floor":4},{"not_picked":["Terror","Phantasmal Killer"],"picked":"Deadly Poison","floor":5},{"not_picked":["Burst","Dagger Throw"],"picked":"Bouncing Flask","floor":6},{"not_picked":["Backflip","Reflex"],"picked":"Dagger Spray+1","floor":8},{"not_picked":["Acrobatics","Terror"],"picked":"Poisoned Stab+1","floor":10},{"not_picked":["Cloak And Dagger","Burst"],"picked":"Prepared","floor":12},{"not_picked":["Concentrate","Blade Dance"],"picked":"Underhanded Strike+1","floor":14},{"not_picked":["Glass Knife+1","Malaise"],"picked":"After Image","floor":16},{"not_picked":["Tactician","Deadly Poison"],"picked":"Sucker Punch+1","floor":18},{"not_picked":["Flying Knee+1","All Out Attack+1"],"picked":"Outmaneuver","floor":19}],"player_experience":749770,"relics_obtained":[{"floor":6,"key":"Molten Egg 2"},{"floor":9,"key":"Matryoshka"},{"floor":21,"key":"Tiny Chest"},{"floor":21,"key":"Darkstone Periapt"},{"floor":22,"key":"Paper Crane"},{"floor":22,"key":"Bottled Tornado"}],"event_choices":[{"damage_healed":0,"gold_gain":0,"player_choice":"Success","damage_taken":7,"relics_obtained":["Anchor"],"max_hp_gain":0,"max_hp_loss":0,"event_name":"Scrap Ooze","floor":3,"gold_loss":0},{"damage_healed":17,"gold_gain":0,"player_choice":"Healed","damage_taken":0,"max_hp_gain":0,"max_hp_loss":0,"event_name":"The Cleric","floor":13,"gold_loss":35},{"damage_healed":0,"gold_gain":0,"player_choice":"Stole Relic","damage_taken":0,"relics_obtained":["Regal Pillow"],"max_hp_gain":0,"max_hp_loss":0,"event_name":"Addict","floor":20,"gold_loss":0,"cards_obtained":["Shame"]}],"is_beta":false,"boss_relics":[{"not_picked":["Philosopher\u0027s Stone","Ring of the Serpent"],"picked":"Black Star"}],"items_purged_floors":[],"is_endless":false,"potions_floor_spawned":[2,5,6,10,14,19],"killed_by":"Slavers","ascension_level":0}