{"gold_per_floor":[113,129,139,154,167,167,196,196,270,305,305,320,331,331],"floor_reached":14,"playtime":493,"items_purged":[],"score":233,"play_id":"12b8d45f-9b6d-49dd-8942-b122138e9397","local_time":"20190917002039","is_ascension_mode":true,"campfire_choices":[{"data":"Combust","floor":6,"key":"SMITH"},{"floor":8,"key":"REST"},{"data":"Rage","floor":11,"key":"SMITH"}],"neow_cost":"NONE","seed_source_timestamp":334015082300,"circlet_count":0,"master_deck":["AscendersBane","Strike_R","Strike_R","Strike_R","Strike_R","Strike_R","Defend_R","Defend_R","Defend_R","Defend_R","Bash","Seeing Red","Combust+1","Rampage","Shrug It Off","Rage+1","Rupture","Rage"],"relics":["Burning Blood","Gremlin Horn","Mercury Hourglass","Mango"],"potions_floor_usage":[10,14],"damage_taken":[{"damage":2,"enemies":"Cultist","floor":1,"turns":4},{"damage":9,"enemies":"Small Slimes","floor":2,"turns":6},{"damage":15,"enemies":"2 Louse","floor":3,"turns":3},{"damage":13,"enemies":"Exordium Wildlife","floor":4,"turns":5},{"damage":7,"enemies":"Blue Slaver","floor":5,"turns":4},{"damage":45,"enemies":"Lagavulin","floor":7,"turns":8},{"damage":26,"enemies":"3 Sentries","floor":10,"turns":5},{"damage":11,"enemies":"Large Slime","floor":12,"turns":4},{"damage":1,"enemies":"Gremlin Gang","floor":13,"turns":4},{"damage":51,"enemies":"Gremlin Nob","floor":14,"turns":4}],"seed_played":"1339181530333293382","potions_obtained":[{"floor":2,"key":"Dexterity Potion"},{"floor":7,"key":"SpeedPotion"},{"floor":13,"key":"SteroidPotion"}],"is_trial":false,"path_per_floor":["M","M","M","M","M","R","E","R","T","E","R","M","M","E"],"character_chosen":"IRONCLAD","items_purchased":[],"campfire_rested":1,"item_purchase_floors":[],"current_hp_per_floor":[79,76,67,60,59,59,20,44,44,38,38,33,38,0],"gold":331,"neow_bonus":"TEN_PERCENT_HP_BONUS","is_prod":false,"is_daily":false,"chose_seed":false,"campfire_upgraded":2,"win_rate":0,"timestamp":1568704839,"path_taken":["M","M","M","M","?","R","E","R","T","E","R","M","M","E"],"build_version":"2019-07-17","purchased_purges":0,"victory":false,"max_hp_per_floor":[82,82,82,82,82,82,82,82,82,96,96,96,96,96],"card_choices":[{"not_picked":["Armaments","Cleave"],"picked":"Seeing Red","floor":1},{"not_picked":["Blood for Blood","Sword Boomerang"],"picked":"Combust","floor":2},{"not_picked":["Havoc","Pommel Strike"],"picked":"Rampage","floor":3},{"not_picked":["Thunderclap","Exhume"],"picked":"Shrug It Off","floor":4},{"not_picked":["Intimidate","Thunderclap","Clash"],"picked":"SKIP","floor":5},{"not_picked":["Shrug It Off","Heavy Blade"],"picked":"Rage","floor":7},{"not_picked":["Sword Boomerang","Blood for Blood"],"picked":"Rupture","floor":10},{"not_picked":["Bloodletting","Flex"],"picked":"Rage","floor":12},{"not_picked":["Body Slam","Whirlwind","Havoc"],"picked":"SKIP","floor":13}],"player_experience":798887,"relics_obtained":[{"floor":7,"key":"Gremlin Horn"},{"floor":9,"key":"Mercury Hourglass"},{"floor":10,"key":"Mango"}],"event_choices":[],"is_beta":false,"boss_relics":[],"items_purged_floors":[],"is_endless":false,"potions_floor_spawned":[2,7,13],"killed_by":"Gremlin Nob","ascension_level":20}