{"gold_per_floor":[366,378,378,248,259,259,291,291,291,291,291,303,329,340,340,413,413,413,413,326,326,326,326,326,326,326,326,326,24,24,24,24,24,24,24,0,0,0,0],"floor_reached":39,"playtime":1869,"items_purged":["Strike_R","Strike_R"],"score":876,"play_id":"7d2ef337-a2ac-4cac-8b28-992ab5dd99f0","local_time":"20190920232006","is_ascension_mode":true,"campfire_choices":[{"data":"Wild Strike","floor":6.0,"key":"SMITH"},{"data":"Fire Breathing","floor":8.0,"key":"SMITH"},{"data":"Bash","floor":10.0,"key":"SMITH"},{"data":"Berserk","floor":15.0,"key":"SMITH"},{"data":"Barricade","floor":23.0,"key":"SMITH"},{"data":"Entrench","floor":27,"key":"SMITH"},{"floor":32,"key":"REST"}],"neow_cost":"CURSE","seed_source_timestamp":340870159716100,"circlet_count":0,"master_deck":["AscendersBane","Defend_R","Defend_R","Bash+1","Power Through","Wild Strike+1","Fire Breathing+1","Battle Trance","True Grit","Berserk+1","Impervious","Exhume","Flame Barrier","Barricade+1","Entrench+1","Shrug It Off","Wild Strike+1","Corruption","Body Slam+1","Metallicize","Offering","Body Slam+1","Body Slam+1","Dark Embrace","Offering+1","Armaments+1","Corruption+1","Fire Breathing"],"special_seed":0,"relics":["Burning Blood","Singing Bowl","Lantern","Happy Flower","Molten Egg 2","Ectoplasm","Tiny Chest","Smiling Mask","Astrolabe","Red Mask"],"potions_floor_usage":[30,39],"damage_taken":[{"damage":8.0,"enemies":"Cultist","floor":1.0,"turns":5.0},{"damage":10.0,"enemies":"Small Slimes","floor":2.0,"turns":5.0},{"damage":0.0,"enemies":"2 Louse","floor":5.0,"turns":2.0},{"damage":32.0,"enemies":"Lagavulin","floor":7.0,"turns":8.0},{"damage":0.0,"enemies":"Exordium Wildlife","floor":12.0,"turns":3.0},{"damage":8.0,"enemies":"3 Sentries","floor":13.0,"turns":4.0},{"damage":0.0,"enemies":"2 Fungi Beasts","floor":14.0,"turns":3.0},{"damage":57.0,"enemies":"The Guardian","floor":16.0,"turns":13.0},{"damage":12.0,"enemies":"3 Byrds","floor":18.0,"turns":4.0},{"damage":9.0,"enemies":"Shell Parasite","floor":21.0,"turns":8.0},{"damage":0.0,"enemies":"3 Cultists","floor":22.0,"turns":5.0},{"damage":45,"enemies":"Slavers","floor":24,"turns":5},{"damage":1,"enemies":"Sentry and Sphere","floor":25,"turns":6},{"damage":8,"enemies":"Centurion and Healer","floor":28,"turns":8},{"damage":9,"enemies":"3 Cultists","floor":30,"turns":5},{"damage":6,"enemies":"Snake Plant","floor":31,"turns":4},{"damage":90,"enemies":"Collector","floor":33,"turns":12},{"damage":35,"enemies":"3 Darklings","floor":35,"turns":4},{"damage":12,"enemies":"3 Shapes","floor":38,"turns":1},{"damage":66,"enemies":"Spire Growth","floor":39,"turns":5}],"seed_played":"7969530774077181808","potions_obtained":[{"floor":1.0,"key":"Weak Potion"},{"floor":12.0,"key":"Weak Potion"},{"floor":16.0,"key":"Fire Potion"},{"floor":18.0,"key":"Regen Potion"},{"floor":25,"key":"FairyPotion"},{"floor":28,"key":"Explosive Potion"},{"floor":35,"key":"SkillPotion"}],"is_trial":false,"path_per_floor":["M","M","?","$","M","R","E","R","T","R","?","M","E","M","R","B",null,"M","?","$","M","M","R","E","M","T","R","M","$","M","M","R","B",null,"M","?","?","M","M"],"character_chosen":"IRONCLAD","items_purchased":["BloodPotion","Barricade","Metallicize","Offering","Body Slam+1"],"campfire_rested":1,"item_purchase_floors":[4,20,29,29,29],"current_hp_per_floor":[66,62,62,62,68,68,42,42,42,42,31,52,50,58,58,7,60,56,56,56,53,68,68,29,34,34,34,32,32,29,31,55,10,63,34,34,66,62,0],"gold":0,"neow_bonus":"TWO_FIFTY_GOLD","is_prod":false,"is_daily":false,"chose_seed":false,"campfire_upgraded":6,"win_rate":0,"timestamp":1569046806,"path_taken":["M","?","?","$","M","R","E","R","T","R","?","M","E","M","R","BOSS","M","?","$","M","M","R","E","M","T","R","M","$","M","M","R","BOSS","M","?","?","M","M"],"build_version":"2019-09-20","purchased_purges":2,"victory":false,"max_hp_per_floor":[75,75,75,75,75,75,75,75,75,75,75,75,75,77,77,77,77,79,79,79,79,79,79,79,79,79,79,79,79,79,81,81,81,81,81,81,66,68,68],"card_choices":[{"not_picked":["Clash","Shrug It Off"],"picked":"Power Through","floor":1.0},{"not_picked":["Combust","Clash"],"picked":"Wild Strike","floor":2.0},{"not_picked":["Sword Boomerang","Reckless Charge"],"picked":"Fire Breathing","floor":5.0},{"not_picked":["Pommel Strike","Flex"],"picked":"Battle Trance","floor":7.0},{"not_picked":["Pummel","Sever Soul"],"picked":"True Grit","floor":12.0},{"not_picked":["Rampage","Body Slam"],"picked":"Berserk","floor":13.0},{"not_picked":["Havoc","Cleave+1","True Grit"],"picked":"Singing Bowl","floor":14.0},{"not_picked":["Double Tap","Berserk"],"picked":"Impervious","floor":16.0},{"not_picked":["Thunderclap+1","Iron Wave+1","Perfected Strike+1"],"picked":"Singing Bowl","floor":18.0},{"not_picked":["Havoc+1","Armaments"],"picked":"Entrench","floor":21.0},{"not_picked":["Bloodletting","Heavy Blade+1"],"picked":"Shrug It Off","floor":22.0},{"not_picked":["Blood for Blood+1","Fiend Fire+1"],"picked":"Wild Strike+1","floor":24},{"not_picked":["Heavy Blade+1","Anger+1"],"picked":"Corruption","floor":25},{"not_picked":["Cleave+1","Clash+1"],"picked":"Body Slam+1","floor":28},{"not_picked":["Demon Form","Twin Strike+1"],"picked":"Body Slam+1","floor":30},{"not_picked":["Bloodletting","Sever Soul+1","Pummel+1"],"picked":"Singing Bowl","floor":31},{"not_picked":["Brutality","Reaper+1"],"picked":"Dark Embrace","floor":33},{"not_picked":["Headbutt+1","Perfected Strike+1"],"picked":"Fire Breathing","floor":35},{"not_picked":["Clash+1","Hemokinesis+1","Clothesline+1"],"picked":"Singing Bowl","floor":38}],"player_experience":907547,"relics_obtained":[{"floor":7.0,"key":"Singing Bowl"},{"floor":9.0,"key":"Lantern"},{"floor":13.0,"key":"Molten Egg 2"},{"floor":24,"key":"Tiny Chest"},{"floor":26,"key":"Smiling Mask"}],"event_choices":[{"cards_removed":["Writhe"],"damage_healed":0.0,"max_hp_gain":0.0,"max_hp_loss":0.0,"gold_gain":0.0,"event_name":"Living Wall","player_choice":"Forget","floor":3.0,"gold_loss":0.0,"damage_taken":0.0},{"damage_healed":0.0,"max_hp_gain":0.0,"max_hp_loss":0.0,"gold_gain":0.0,"event_name":"Scrap Ooze","player_choice":"Success","floor":11.0,"gold_loss":0.0,"damage_taken":11.0,"relics_obtained":["Happy Flower"]},{"damage_healed":0.0,"max_hp_gain":0.0,"max_hp_loss":0.0,"gold_gain":0.0,"cards_transformed":["Strike_R","Strike_R"],"event_name":"Drug Dealer","player_choice":"Became Test Subject","floor":19.0,"gold_loss":0.0,"damage_taken":0.0,"cards_obtained":["Exhume","Flame Barrier"]},{"damage_healed":0,"gold_gain":0,"player_choice":"Paid","damage_taken":0,"relics_obtained":["Red Mask"],"max_hp_gain":0,"max_hp_loss":0,"event_name":"Tomb of Lord Red Mask","floor":36,"gold_loss":24},{"damage_healed":66,"gold_gain":0,"player_choice":"Heal","damage_taken":0,"max_hp_gain":0,"max_hp_loss":15,"event_name":"The Moai Head","floor":37,"gold_loss":0}],"is_beta":true,"boss_relics":[{"not_picked":["Runic Cube","Black Blood"],"picked":"Ectoplasm"},{"not_picked":["Tiny House","Cursed Key"],"picked":"Astrolabe"}],"items_purged_floors":[4,29],"is_endless":false,"potions_floor_spawned":[1,5,12,16,18,21,25,28,35],"killed_by":"Spire Growth","ascension_level":20}