{"gold_per_floor":[114,214,239,254,254,254,254,292,367,0,19,38,76,95,95,220,220,239,258,258,258,277,277,296,219,294,294,34,34,53,53],"floor_reached":31,"playtime":1427,"items_purged":[],"score":420,"play_id":"b5dee2b7-4b26-4f9c-a443-f83bee34a828","local_time":"20180720023337","daily_mods":["Diverse","Cursed Run","Night Terrors"],"is_ascension_mode":false,"campfire_choices":[{"data":"Zap","floor":6,"key":"SMITH"},{"data":"Dualcast","floor":15,"key":"SMITH"},{"data":"After Image","floor":23,"key":"SMITH"}],"neow_cost":"","seed_source_timestamp":0,"circlet_count":0,"master_deck":["Strike_B","Strike_B","Strike_B","Strike_B","Defend_B","Defend_B","Defend_B","Defend_B","Zap+1","Dualcast+1","Self Repair","Clumsy","Deadly Poison","Injury","Regret","Bludgeon","Normality","Rainbow","Compile Driver","Infinite Blades","Anger","Seeing Red","Dagger Spray","Pain","After Image+1","Cloak And Dagger","Cold Snap","Go for the Eyes","Cleave","Feel No Pain","Scrape+1","Eviscerate+1","BootSequence","RitualDagger","Outmaneuver","Redo+1","J.A.X.","Regret","Steam Power","Backstab","Flash of Steel","Purity","Purity","Trip","Trip","Turbo+1"],"special_seed":17732,"relics":["Cursed Key","Darkstone Periapt","Du-Vu Doll","Anchor","Golden Idol","Gremlin Horn","DataDisk","Mummified Hand","Symbiotic Virus","Emotion Chip","Orrery","Matryoshka","Nilry\u0027s Codex","Boot"],"potions_floor_usage":[8,16,30,31,31],"damage_taken":[{"damage":2,"enemies":"Small Slimes","floor":1,"turns":2},{"damage":0,"enemies":"Cultist","floor":4,"turns":3},{"damage":33,"enemies":"Gremlin Nob","floor":8,"turns":5},{"damage":2,"enemies":"Jaw Worm","floor":11,"turns":2},{"damage":4,"enemies":"Gremlin Gang","floor":12,"turns":3},{"damage":10,"enemies":"3 Sentries","floor":13,"turns":4},{"damage":2,"enemies":"3 Louse","floor":14,"turns":2},{"damage":45,"enemies":"The Guardian","floor":16,"turns":7},{"damage":0,"enemies":"Spheric Guardian","floor":18,"turns":2},{"damage":5,"enemies":"2 Thieves","floor":19,"turns":2},{"damage":6,"enemies":"3 Cultists","floor":22,"turns":3},{"damage":3,"enemies":"Snake Plant","floor":24,"turns":3},{"damage":16,"enemies":"Slaver and Parasite","floor":30,"turns":4},{"damage":17,"enemies":"Book of Stabbing","floor":31,"turns":3}],"seed_played":"-1497029972376068251","potions_obtained":[{"floor":1,"key":"Block Potion"},{"floor":14,"key":"Fire Potion"},{"floor":16,"key":"EssenceOfSteel"},{"floor":19,"key":"Weak Potion"},{"floor":30,"key":"PowerPotion"}],"is_trial":false,"path_per_floor":["M","?","T","M","?","R","T","E","T","$","M","M","E","M","R","B",null,"M","M","?","?","M","R","M","?","T","?","$","?","M"],"character_chosen":"DEFECT","items_purchased":["Symbiotic Virus","Rainbow","Compile Driver","Boot","Steam Power","Backstab"],"campfire_rested":0,"item_purchase_floors":[10,10,10,28,28,28],"current_hp_per_floor":[73,73,79,81,87,87,93,67,73,73,71,74,71,76,76,44,105,105,105,105,99,93,93,97,97,103,87,87,21,12,0],"gold":53,"neow_bonus":"","is_prod":false,"is_daily":true,"chose_seed":false,"campfire_upgraded":3,"win_rate":0,"timestamp":1532068417,"path_taken":["M","?","?","?","?","R","?","E","T","$","M","?","E","M","R","BOSS","M","M","?","?","M","R","?","?","T","?","?","?","?","E"],"build_version":"2018-07-19v2","purchased_purges":0,"victory":false,"max_hp_per_floor":[75,75,81,81,87,87,93,93,99,99,99,99,99,99,99,105,105,105,105,105,105,105,105,105,105,111,111,111,111,111,111],"card_choices":[{"not_picked":["Spot Weakness","Pommel Strike"],"picked":"Self Repair","floor":1},{"not_picked":["Prepared","Clash"],"picked":"Deadly Poison","floor":4},{"not_picked":["Thunderclap","Shockwave"],"picked":"Bludgeon","floor":8},{"not_picked":["Second Wind","Burning Pact"],"picked":"Infinite Blades","floor":11},{"not_picked":["Clothesline","Second Wind"],"picked":"Anger","floor":12},{"not_picked":["Steam","True Grit"],"picked":"Seeing Red","floor":13},{"not_picked":["Clash","Compile Driver"],"picked":"Dagger Spray","floor":14},{"not_picked":["All For One","Night Terror"],"picked":"After Image","floor":16},{"not_picked":["True Grit","Heavy Blade"],"picked":"Cloak And Dagger","floor":17},{"not_picked":["Battle Trance","Bane"],"picked":"Cold Snap","floor":17},{"not_picked":["Havoc","Tempest"],"picked":"Go for the Eyes","floor":17},{"not_picked":["After Image","Havoc"],"picked":"Cleave","floor":17},{"not_picked":["Headbutt","Bane"],"picked":"Feel No Pain","floor":17},{"not_picked":["Recycle+1","Reprogram"],"picked":"Scrape+1","floor":18},{"not_picked":["Infinite Blades","Heel Hook+1"],"picked":"Eviscerate+1","floor":19},{"not_picked":["Dual Wield","Shrug It Off"],"picked":"Outmaneuver","floor":22},{"not_picked":["Blood for Blood","Glass Knife"],"picked":"Redo+1","floor":24},{"not_picked":["Skewer","Outmaneuver"],"picked":"Turbo+1","floor":30}],"player_experience":311724,"relics_obtained":[{"floor":3,"key":"Anchor"},{"floor":7,"key":"Gremlin Horn"},{"floor":8,"key":"DataDisk"},{"floor":9,"key":"Mummified Hand"},{"floor":13,"key":"Emotion Chip"},{"floor":26,"key":"Matryoshka"},{"floor":27,"key":"Nilry\u0027s Codex"}],"event_choices":[{"event_name":"Wheel of Change","player_choice":"Gold","floor":2,"damage_taken":0},{"event_name":"Golden Idol","player_choice":"Take Wound","floor":5,"damage_taken":0},{"event_name":"The Library","player_choice":"Read","floor":20,"damage_taken":0},{"event_name":"Nest","player_choice":"Joined the Cult","floor":21,"damage_taken":0},{"event_name":"Drug Dealer","player_choice":"Got JAXXED","floor":25,"damage_taken":0},{"event_name":"Cursed Tome","player_choice":"Obtained Book","floor":27,"damage_taken":0},{"event_name":"Knowing Skull","player_choice":"CARD CARD CARD CARD CARD ","floor":29,"damage_taken":0}],"is_beta":false,"boss_relics":[{"not_picked":["Pandora\u0027s Box","Coffee Dripper"],"picked":"Orrery"}],"items_purged_floors":[],"is_endless":false,"potions_floor_spawned":[1,14,16,19,30],"killed_by":"Book of Stabbing","ascension_level":0}