{"gold_per_floor":[117,133,98,98,115,115,130,164,232,9,25,35,35,10,10,107,107,120,133,133,166,166,23,41,60,84,119,119,119,152,152,152,152],"floor_reached":33,"playtime":1571,"items_purged":[],"score":299,"play_id":"30fa5be5-67cf-4a14-a71e-d9f3f9c53027","local_time":"20180721053244","is_ascension_mode":true,"campfire_choices":[{"data":"Zap","floor":6,"key":"SMITH"},{"data":"Scrape","floor":15,"key":"SMITH"},{"data":"Turbo","floor":28,"key":"SMITH"},{"data":"Dualcast","floor":32,"key":"SMITH"}],"neow_cost":"NONE","seed_source_timestamp":8370405675344,"circlet_count":0,"master_deck":["Strike_B","Strike_B","Strike_B+1","Strike_B","Defend_B","Defend_B","Defend_B","Defend_B","Zap+1","Dualcast+1","White Noise+1","Go for the Eyes","FTL+1","Doom and Gloom","Turbo+1","Rip and Tear","Scrape+1","Doom and Gloom","Conserve Battery","Reboot","Gash+1","Fusion","Turbo","Streamline+1","Cold Snap+1","Turbo","Stack+1"],"relics":["Cracked Core","Du-Vu Doll","Meat on the Bone","Whetstone","Inserter","Anchor","Red Mask","Enchiridion","Bronze Scales","Art of War","Omamori","Ancient Tea Set","Strawberry"],"potions_floor_usage":[16,24,25,30,30],"damage_taken":[{"damage":1,"enemies":"Jaw Worm","floor":1,"turns":3},{"damage":3,"enemies":"Small Slimes","floor":2,"turns":3},{"damage":0,"enemies":"2 Louse","floor":5,"turns":2},{"damage":4,"enemies":"Large Slime","floor":7,"turns":6},{"damage":45,"enemies":"Gremlin Nob","floor":8,"turns":5},{"damage":11,"enemies":"2 Fungi Beasts","floor":11,"turns":3},{"damage":10,"enemies":"Looter","floor":12,"turns":2},{"damage":15,"enemies":"Hexaghost","floor":16,"turns":9},{"damage":10,"enemies":"Shell Parasite","floor":18,"turns":3},{"damage":5,"enemies":"3 Byrds","floor":19,"turns":4},{"damage":19,"floor":21,"turns":3},{"damage":12,"enemies":"Centurion and Healer","floor":24,"turns":5},{"damage":16,"enemies":"Cultist and Chosen","floor":25,"turns":4},{"damage":15,"enemies":"Gremlin Leader","floor":27,"turns":5},{"damage":18,"enemies":"Book of Stabbing","floor":30,"turns":4},{"damage":47,"enemies":"Automaton","floor":33,"turns":6}],"seed_played":"6904501021105975585","potions_obtained":[{"floor":1,"key":"Swift Potion"},{"floor":2,"key":"Poison Potion"},{"floor":8,"key":"SkillPotion"},{"floor":19,"key":"PowerPotion"},{"floor":24,"key":"Strength Potion"}],"is_trial":false,"path_per_floor":["M","M","?","?","M","R","M","E","T","$","M","M","?","$","R","B",null,"M","M","T","?","?","$","M","M","T","E","R","?","E","?","R"],"character_chosen":"DEFECT","items_purchased":["Whetstone","Rip and Tear","Conserve Battery","Bronze Scales"],"campfire_rested":0,"item_purchase_floors":[10,10,14,23],"current_hp_per_floor":[81,78,82,82,82,82,78,33,33,33,41,43,43,43,43,40,82,72,67,67,48,32,32,39,42,42,39,39,39,33,40,40,0],"gold":152,"neow_bonus":"TEN_PERCENT_HP_BONUS","is_prod":false,"is_daily":false,"chose_seed":false,"campfire_upgraded":4,"win_rate":0,"timestamp":1532165564,"path_taken":["M","M","?","?","M","R","M","E","T","$","M","M","?","?","R","BOSS","M","M","?","?","?","$","M","?","T","E","R","?","E","?","R","BOSS"],"build_version":"2018-07-19v2","purchased_purges":0,"victory":false,"max_hp_per_floor":[82,82,82,82,82,82,82,82,82,82,82,82,82,82,82,82,82,82,82,82,82,82,82,82,82,82,82,82,82,82,89,89,89],"card_choices":[{"not_picked":["Heatsinks","Sweeping Beam"],"picked":"White Noise","floor":1},{"not_picked":["Rebound","Heatsinks"],"picked":"Go for the Eyes","floor":2},{"not_picked":["Compile Driver","Rebound"],"picked":"FTL","floor":5},{"not_picked":["Redo","Beam Cell"],"picked":"Doom and Gloom","floor":7},{"not_picked":["Glacier","All For One"],"picked":"Turbo","floor":8},{"not_picked":["Conserve Battery","Go for the Eyes"],"picked":"Scrape","floor":11},{"not_picked":["Reinforced Body","Lockon"],"picked":"Rebound","floor":12},{"not_picked":["Hyperbeam","Core Surge"],"picked":"Reboot","floor":16},{"not_picked":["Sweeping Beam","Cold Snap"],"picked":"Gash+1","floor":18},{"not_picked":["Hologram+1","Redo"],"picked":"Fusion","floor":19},{"not_picked":["Gash","Doom and Gloom"],"picked":"Turbo","floor":21},{"not_picked":["Ball Lightning","Cold Snap"],"picked":"Streamline+1","floor":24},{"not_picked":["Ball Lightning+1","Meteor Strike"],"picked":"Cold Snap+1","floor":25},{"not_picked":["Skim","Coolheaded"],"picked":"Turbo","floor":27},{"not_picked":["Hologram","Sweeping Beam"],"picked":"Stack+1","floor":30}],"player_experience":320796,"relics_obtained":[{"floor":8,"key":"Du-Vu Doll"},{"floor":9,"key":"Meat on the Bone"},{"floor":20,"key":"Anchor"},{"floor":21,"key":"Red Mask"},{"floor":22,"key":"Enchiridion"},{"floor":26,"key":"Art of War"},{"floor":27,"key":"Omamori"},{"floor":30,"key":"Ancient Tea Set"}],"event_choices":[{"event_name":"The Cleric","player_choice":"Healed","floor":3,"damage_taken":0},{"event_name":"Living Wall","player_choice":"Grow","floor":4,"damage_taken":0},{"event_name":"Transmorgrifier","player_choice":"Transform","floor":13,"damage_taken":0},{"event_name":"Masked Bandits","player_choice":"Fought over 133 gold","floor":21,"damage_taken":0},{"event_name":"Cursed Tome","player_choice":"Obtained Book","floor":22,"damage_taken":0},{"event_name":"Forgotten Altar","player_choice":"Smashed Altar","floor":29,"damage_taken":0},{"event_name":"Accursed Blacksmith","player_choice":"Rummage","floor":31,"damage_taken":0}],"is_beta":false,"boss_relics":[{"not_picked":["White Beast Statue","Nuclear Battery"],"picked":"Inserter"}],"items_purged_floors":[],"is_endless":false,"potions_floor_spawned":[1,2,8,19,21,24],"killed_by":"Automaton","ascension_level":1}