{"gold_per_floor":[114,129,144,6,21,21,51,51,76,91,106,121,121,121,121,221,221,236,221,236,36,36,36],"floor_reached":23,"playtime":2268,"items_purged":[],"score":195,"play_id":"96599671-3f93-47c8-a23a-0c3597aad030","local_time":"20190506225853","daily_mods":["Draft","Green Cards","Binary"],"is_ascension_mode":false,"campfire_choices":[{"data":"Hello World","floor":6,"key":"SMITH"},{"data":"Outmaneuver","floor":8,"key":"SMITH"},{"floor":15,"key":"REST"}],"neow_cost":"","seed_source_timestamp":0,"circlet_count":0,"master_deck":["Rip and Tear","Self Repair+1","Deadly Poison","Conserve Battery","Deflect","Hello World+1","Beam Cell","Go for the Eyes","Backflip","Turbo","Conserve Battery","Loop","Conserve Battery","Turbo","Outmaneuver+1","Deep Breath","Dagger Throw","Quick Slash","Slice","Go for the Eyes","Sweeping Beam","Slice","Envenom","Footwork+1","Doom and Gloom","Genetic Algorithm","Auto Shields"],"special_seed":18023,"relics":["Cracked Core","Question Card","Blood Vial","Oddly Smooth Stone","Empty Cage","TheAbacus"],"potions_floor_usage":[12,16,16,19,20],"damage_taken":[{"damage":0,"enemies":"Small Slimes","floor":1,"turns":3},{"damage":0,"enemies":"2 Louse","floor":2,"turns":2},{"damage":0,"enemies":"Cultist","floor":3,"turns":3},{"damage":6,"enemies":"Lots of Slimes","floor":5,"turns":4},{"damage":15,"enemies":"3 Sentries","floor":7,"turns":7},{"damage":18,"enemies":"3 Louse","floor":10,"turns":3},{"damage":13,"enemies":"Red Slaver","floor":11,"turns":3},{"damage":0,"enemies":"Lots of Slimes","floor":12,"turns":2},{"damage":29,"enemies":"Hexaghost","floor":16,"turns":8},{"damage":23,"enemies":"Spheric Guardian","floor":18,"turns":6},{"damage":18,"enemies":"2 Thieves","floor":19,"turns":4},{"damage":11,"enemies":"Snecko","floor":20,"turns":5},{"damage":63,"enemies":"Gremlin Leader","floor":23,"turns":4}],"seed_played":"-4448055644271088173","potions_obtained":[{"floor":1,"key":"Dexterity Potion"},{"floor":2,"key":"Explosive Potion"},{"floor":3,"key":"Swift Potion"},{"floor":16,"key":"Swift Potion"},{"floor":19,"key":"Regen Potion"}],"is_trial":false,"path_per_floor":["M","M","M","$","M","R","E","R","T","M","M","M","?","?","R","B",null,"M","M","M","$","?","E"],"character_chosen":"DEFECT","items_purchased":["Deep Breath","Dagger Throw","TheAbacus"],"campfire_rested":1,"item_purchase_floors":[4,4,21],"current_hp_per_floor":[75,75,75,75,75,75,67,67,67,58,47,49,46,46,68,51,75,62,46,61,61,61,0],"gold":36,"neow_bonus":"","is_prod":false,"is_daily":true,"chose_seed":false,"campfire_upgraded":2,"win_rate":0,"timestamp":1557197933,"path_taken":["M","M","M","$","M","R","E","R","T","M","M","M","?","?","R","BOSS","M","?","M","?","?","E"],"build_version":"2019-01-23","purchased_purges":0,"victory":false,"max_hp_per_floor":[75,75,75,75,75,75,75,75,75,75,75,75,75,75,75,75,75,75,75,75,75,75,75],"card_choices":[{"not_picked":["Predator","Bane"],"picked":"Endless Agony","floor":0},{"not_picked":["Eviscerate","Leap"],"picked":"Rip and Tear","floor":0},{"not_picked":["White Noise","Infinite Blades"],"picked":"Self Repair","floor":0},{"not_picked":["Backflip","Underhanded Strike"],"picked":"Deadly Poison","floor":0},{"not_picked":["Tempest","Sweeping Beam"],"picked":"Conserve Battery","floor":0},{"not_picked":["Beam Cell","Sucker Punch"],"picked":"Deflect","floor":0},{"not_picked":["Dagger Spray","Flying Knee"],"picked":"Hello World","floor":0},{"not_picked":["Rebound","Acrobatics"],"picked":"Underhanded Strike","floor":0},{"not_picked":["Skim","Poisoned Stab"],"picked":"Beam Cell","floor":0},{"not_picked":["Caltrops","Cold Snap"],"picked":"Go for the Eyes","floor":0},{"not_picked":["Bane","Stack"],"picked":"Backflip","floor":0},{"not_picked":["Genetic Algorithm","Coolheaded"],"picked":"Turbo","floor":0},{"not_picked":["Self Repair","Cold Snap"],"picked":"Conserve Battery","floor":0},{"not_picked":["Sweeping Beam","Poisoned Stab"],"picked":"Loop","floor":0},{"not_picked":["Rebound","Redo"],"picked":"Conserve Battery","floor":0},{"not_picked":["Masterful Stab"],"picked":"Turbo","floor":1},{"not_picked":["Lockon"],"picked":"Outmaneuver","floor":2},{"not_picked":["Doppelganger"],"picked":"Prepared","floor":3},{"not_picked":["Compile Driver"],"picked":"Quick Slash","floor":5},{"not_picked":["Leap"],"picked":"Slice","floor":7},{"not_picked":["Poisoned Stab","Sucker Punch"],"picked":"Go for the Eyes","floor":10},{"not_picked":["PiercingWail","Backflip"],"picked":"Sweeping Beam","floor":11},{"not_picked":["Underhanded Strike","Finisher"],"picked":"Slice","floor":12},{"not_picked":["Thunder Strike","Machine Learning"],"picked":"Envenom","floor":16},{"not_picked":["Blizzard","BootSequence"],"picked":"Footwork+1","floor":18},{"not_picked":["Steam","Calculated Gamble"],"picked":"Doom and Gloom","floor":19},{"not_picked":["Melter","Prepared"],"picked":"Genetic Algorithm","floor":20}],"player_experience":641108,"relics_obtained":[{"floor":7,"key":"Question Card"},{"floor":9,"key":"Blood Vial"}],"event_choices":[{"damage_healed":0,"gold_gain":0,"player_choice":"Success","damage_taken":3,"relics_obtained":["Oddly Smooth Stone"],"max_hp_gain":0,"max_hp_loss":0,"event_name":"Scrap Ooze","floor":13,"gold_loss":0},{"damage_healed":0,"gold_gain":0,"player_choice":"Upgraded","damage_taken":0,"max_hp_gain":0,"max_hp_loss":0,"event_name":"Upgrade Shrine","floor":14,"gold_loss":0,"cards_upgraded":["Self Repair"]},{"damage_healed":0,"gold_gain":0,"cards_transformed":["Prepared"],"player_choice":"Transformed","damage_taken":0,"max_hp_gain":0,"max_hp_loss":0,"event_name":"Transmorgrifier","floor":22,"gold_loss":0,"cards_obtained":["Auto Shields"]}],"is_beta":false,"boss_relics":[{"not_picked":["Runic Dome","Ectoplasm"],"picked":"Empty Cage"}],"items_purged_floors":[],"is_endless":false,"potions_floor_spawned":[1,2,3,16,19],"killed_by":"Gremlin Leader","ascension_level":0}