{"gold_per_floor":[118,118,118,137,137,137,169,169,196,196,214,225,241,255,255,328,328,338,32,32,32,32,67,77,94,94,94,106,141,157,170,170,170],"floor_reached":33,"playtime":1383,"items_purged":["Strike_R"],"score":728,"play_id":"6355b13f-242a-44f2-9d48-246848f39337","local_time":"20190920165754","is_ascension_mode":true,"campfire_choices":[{"data":"Rage","floor":6,"key":"SMITH"},{"data":"Shockwave","floor":8,"key":"SMITH"},{"data":"Reckless Charge","floor":10,"key":"SMITH"},{"data":"Uppercut","floor":15,"key":"SMITH"},{"floor":27,"key":"REST"},{"floor":32,"key":"REST"}],"neow_cost":"NONE","seed_source_timestamp":318483328600600,"circlet_count":0,"master_deck":["AscendersBane","Strike_R","Strike_R","Strike_R+1","Defend_R","Defend_R+1","Defend_R","Defend_R","Bash","Shockwave+1","Rage+1","Reckless Charge+1","Feel No Pain","Uppercut+1","Dropkick","Immolate","Reckless Charge","Feel No Pain","Writhe","Bash","Power Through+1","Disarm","Metallicize","True Grit","Feed"],"relics":["Burning Blood","NeowsBlessing","Blood Vial","Red Skull","Centennial Puzzle","SacredBark","Potion Belt","Oddly Smooth Stone","Orichalcum","Ancient Tea Set"],"potions_floor_usage":[16,16,23,23,29,33,33,33],"damage_taken":[{"damage":0,"enemies":"Jaw Worm","floor":1,"turns":1},{"damage":0,"enemies":"Small Slimes","floor":4,"turns":1},{"damage":0,"enemies":"3 Sentries","floor":7,"turns":2},{"damage":2,"enemies":"2 Louse","floor":11,"turns":2},{"damage":12,"enemies":"Lots of Slimes","floor":12,"turns":5},{"damage":0,"enemies":"Red Slaver","floor":13,"turns":3},{"damage":0,"enemies":"3 Louse","floor":14,"turns":3},{"damage":0,"enemies":"The Guardian","floor":16,"turns":14},{"damage":13,"enemies":"2 Thieves","floor":18,"turns":4},{"damage":37,"enemies":"Gremlin Leader","floor":23,"turns":7},{"damage":20,"enemies":"3 Byrds","floor":24,"turns":7},{"damage":0,"enemies":"Centurion and Healer","floor":25,"turns":5},{"damage":8,"enemies":"Shelled Parasite and Fungi","floor":28,"turns":6},{"damage":39,"enemies":"Book of Stabbing","floor":29,"turns":10},{"damage":20,"enemies":"Cultist and Chosen","floor":30,"turns":8},{"damage":4,"enemies":"Centurion and Healer","floor":31,"turns":4},{"damage":51,"enemies":"Automaton","floor":33,"turns":6}],"seed_played":"9834994993113247","potions_obtained":[{"floor":4,"key":"DuplicationPotion"},{"floor":12,"key":"Dexterity Potion"},{"floor":13,"key":"HeartOfIron"},{"floor":16,"key":"FearPotion"},{"floor":18,"key":"ElixirPotion"},{"floor":23,"key":"Dexterity Potion"},{"floor":28,"key":"SkillPotion"},{"floor":29,"key":"Dexterity Potion"},{"floor":31,"key":"PowerPotion"}],"is_trial":false,"path_per_floor":["M","?","?","M","?","R","E","R","T","R","M","M","M","M","R","B",null,"M","$","?","?","?","E","M","M","T","R","M","E","M","M","R","B"],"character_chosen":"IRONCLAD","items_purchased":["Reckless Charge","Feel No Pain","PowerPotion"],"campfire_rested":2,"item_purchase_floors":[19,19,19],"current_hp_per_floor":[74,67,44,50,39,39,47,47,47,47,53,49,57,65,65,73,75,68,68,68,68,68,39,27,35,35,57,57,26,14,21,44,0],"gold":170,"neow_bonus":"THREE_ENEMY_KILL","is_prod":false,"is_daily":false,"chose_seed":false,"campfire_upgraded":4,"win_rate":0,"timestamp":1569023874,"path_taken":["M","?","?","M","?","R","E","R","T","R","M","M","M","M","R","BOSS","M","$","?","?","?","E","M","M","T","R","M","E","?","M","R","BOSS"],"build_version":"2019-09-20","purchased_purges":1,"victory":false,"max_hp_per_floor":[75,75,75,75,75,75,75,75,75,75,75,75,75,75,75,75,75,75,75,75,75,75,75,75,75,75,75,75,75,75,78,78,78],"card_choices":[{"not_picked":["Warcry","Shrug It Off"],"picked":"Shockwave","floor":1},{"not_picked":["Cleave","Entrench"],"picked":"Rage","floor":4},{"not_picked":["Thunderclap","Rupture"],"picked":"Reckless Charge","floor":7},{"not_picked":["Pommel Strike","Wild Strike"],"picked":"Feel No Pain","floor":11},{"not_picked":["Warcry","Body Slam"],"picked":"Uppercut","floor":12},{"not_picked":["Warcry","Shockwave","Intimidate"],"picked":"SKIP","floor":13},{"not_picked":["Clash","Wild Strike"],"picked":"Dropkick","floor":14},{"not_picked":["Offering","Exhume"],"picked":"Immolate","floor":16},{"not_picked":["Twin Strike+1","Armaments","Flex"],"picked":"SKIP","floor":18},{"not_picked":["Wild Strike","Intimidate"],"picked":"Power Through+1","floor":23},{"not_picked":["Sword Boomerang","Iron Wave"],"picked":"Disarm","floor":24},{"not_picked":["Perfected Strike+1","Clothesline"],"picked":"Metallicize","floor":25},{"not_picked":["Sword Boomerang","Wild Strike"],"picked":"True Grit","floor":28},{"not_picked":["Flex+1","Thunderclap"],"picked":"Feed","floor":29},{"not_picked":["Searing Blow","Pommel Strike","Headbutt"],"picked":"SKIP","floor":30},{"not_picked":["Perfected Strike","Flex","Infernal Blade"],"picked":"SKIP","floor":31}],"player_experience":894096,"relics_obtained":[{"floor":7,"key":"Red Skull"},{"floor":9,"key":"Centennial Puzzle"},{"floor":23,"key":"Oddly Smooth Stone"},{"floor":26,"key":"Orichalcum"},{"floor":29,"key":"Ancient Tea Set"}],"event_choices":[{"cards_removed":["Strike_R"],"damage_healed":0,"gold_gain":0,"player_choice":"Card Removal","damage_taken":7,"max_hp_gain":0,"max_hp_loss":0,"event_name":"Golden Wing","floor":2,"gold_loss":0},{"damage_healed":0,"gold_gain":0,"player_choice":"Entered Light","damage_taken":23,"max_hp_gain":0,"max_hp_loss":0,"event_name":"Shining Light","floor":3,"gold_loss":0,"cards_upgraded":["Defend_R","Strike_R"]},{"damage_healed":0,"gold_gain":0,"player_choice":"Success","damage_taken":11,"relics_obtained":["Blood Vial"],"max_hp_gain":0,"max_hp_loss":0,"event_name":"Scrap Ooze","floor":5,"gold_loss":0},{"damage_healed":0,"gold_gain":0,"player_choice":"Opened","damage_taken":0,"relics_obtained":["Potion Belt"],"max_hp_gain":0,"max_hp_loss":0,"event_name":"The Mausoleum","floor":21,"gold_loss":0,"cards_obtained":["Writhe"]},{"damage_healed":0,"gold_gain":0,"player_choice":"1 cards matched","damage_taken":0,"max_hp_gain":0,"max_hp_loss":0,"event_name":"Match and Keep!","floor":22,"gold_loss":0,"cards_obtained":["Bash"]}],"is_beta":true,"boss_relics":[{"not_picked":["Black Blood","Tiny House"],"picked":"SacredBark"}],"items_purged_floors":[19],"is_endless":false,"potions_floor_spawned":[4,12,13,14,16,18,23,28,29,31],"killed_by":"Automaton","ascension_level":20}