{"gold_per_floor":[114,129,129,204,219,219,249,324,324,354,54,54,69,84,96,208,220,247,259,286,6,21,21,21,51,51,51,66,81,131,131,131,231,231,246,246,291,291,306,336,336,336,411,426,26,101,131,146,146,146],"floor_reached":51,"playtime":4270,"items_purged":[],"score":1185,"play_id":"c44f141b-fa9d-4900-813f-b7e076ee8f89","local_time":"20180721050523","daily_mods":["Insanity","Time Dilation","Vintage"],"is_ascension_mode":false,"campfire_choices":[{"data":"Creative AI","floor":6,"key":"SMITH"},{"data":"Buffer","floor":12,"key":"SMITH"},{"data":"White Noise","floor":15,"key":"SMITH"},{"data":"Turbo","floor":23,"key":"SMITH"},{"data":"Hello World","floor":32,"key":"SMITH"},{"data":"Sunder","floor":41,"key":"SMITH"},{"floor":49,"key":"DIG"}],"neow_cost":"","seed_source_timestamp":0,"circlet_count":0,"master_deck":["Leap","Auto Shields","Creative AI+1","Conserve Battery","Ball Lightning","Leap","Seek","All For One+1","Buffer+1","BootSequence","Sunder+1","White Noise+1","Rip and Tear","Aggregate+1","Redo","Scrape","Barrage","Aggregate","Steam Power+1","Steam","Chill","Capacitor","Stack","Chill","Chill","Sweeping Beam","Turbo","Heatsinks","Steam Power","Cold Snap","Meteor Strike+1","Hyperbeam","Machine Learning","Leap","Auto Shields","Chill","Doom and Gloom","All For One","Echo Form","Fission","Sunder","Aggregate+1","Self Repair","Zap","Amplify","Darkness","Turbo+1","Reboot","Buffer","Dramatic Entrance","Turbo","Hello World+1","Thunder Strike","All For One+1","Genetic Algorithm+1","Coolheaded+1","Ball Lightning+1","Compile Driver+1","White Noise+1","Go for the Eyes+1"],"special_seed":17733,"relics":["FrozenCore","Smiling Mask","Bottled Lightning","Centennial Puzzle","Bird Faced Urn","Potion Belt","Letter Opener","Symbiotic Virus","Calipers","Torii","Bag of Marbles","MawBank","Ornamental Fan","Art of War","DataDisk","Lee\u0027s Waffle","Gremlin Horn","Mango","Ancient Tea Set","Matryoshka","Dream Catcher","Oddly Smooth Stone","Blood Vial","The Courier","Astrolabe","Whetstone","Tiny Chest","Happy Flower","War Paint","Incense Burner","Orichalcum","Bottled Tornado","Vajra","Ginger","DollysMirror","Molten Egg 2","Prayer Wheel","Shovel","Darkstone Periapt"],"potions_floor_usage":[16,16,22,25,33,50,50,50,50,50],"damage_taken":[{"damage":2,"enemies":"Jaw Worm","floor":1,"turns":4},{"damage":4,"enemies":"2 Louse","floor":2,"turns":3},{"damage":0,"enemies":"Small Slimes","floor":5,"turns":2},{"damage":13,"enemies":"Lagavulin","floor":7,"turns":6},{"damage":0,"enemies":"3 Sentries","floor":10,"turns":2},{"damage":0,"enemies":"Blue Slaver","floor":13,"turns":3},{"damage":1,"enemies":"Red Slaver","floor":14,"turns":3},{"damage":25,"enemies":"The Guardian","floor":16,"turns":4},{"damage":0,"enemies":"Spheric Guardian","floor":18,"turns":2},{"damage":0,"enemies":"Shell Parasite","floor":20,"turns":3},{"damage":0,"enemies":"Cultist and Chosen","floor":22,"turns":5},{"damage":35,"enemies":"Slavers","floor":25,"turns":5},{"damage":7,"enemies":"Centurion and Healer","floor":28,"turns":2},{"damage":1,"enemies":"Snecko","floor":29,"turns":4},{"damage":1,"enemies":"Collector","floor":33,"turns":7},{"damage":3,"enemies":"3 Shapes","floor":35,"turns":1},{"damage":7,"enemies":"Flame Bruiser 1 Orb","floor":37,"turns":4},{"damage":5,"enemies":"Sphere and 2 Shapes","floor":39,"turns":7},{"damage":11,"enemies":"2 Orb Walkers","floor":40,"turns":3},{"damage":0,"floor":42,"turns":5},{"damage":19,"enemies":"Maw","floor":44,"turns":5},{"damage":1,"enemies":"Nemesis","floor":47,"turns":9},{"damage":0,"enemies":"Spire Growth","floor":48,"turns":4},{"damage":6,"enemies":"Donu and Deca","floor":50,"turns":7}],"seed_played":"5511659171679018982","potions_obtained":[{"floor":2,"key":"SkillPotion"},{"floor":5,"key":"AttackPotion"},{"floor":7,"key":"Ancient Potion"},{"floor":20,"key":"PowerPotion"},{"floor":22,"key":"AttackPotion"},{"floor":28,"key":"Explosive Potion"},{"floor":33,"key":"Regen Potion"},{"floor":39,"key":"Regen Potion"},{"floor":40,"key":"SpeedPotion"},{"floor":42,"key":"SpeedPotion"},{"floor":44,"key":"Poison Potion"}],"is_trial":false,"path_per_floor":["M","M","?","?","M","R","E","T","T","E","$","R","M","M","R","B",null,"M","?","M","$","M","R","?","E","T","?","M","M","T","?","R","B",null,"M","?","M","?","M","E","R","?","T","M","$","T","E","M","R","B"],"character_chosen":"DEFECT","items_purchased":["Torii","Lee\u0027s Waffle","Dramatic Entrance","Ginger","DollysMirror"],"campfire_rested":0,"item_purchase_floors":[11,21,21,45,45],"current_hp_per_floor":[73,69,51,51,51,51,53,53,53,55,55,55,65,75,75,56,75,75,75,75,82,82,82,82,80,80,80,79,94,94,94,94,96,96,95,95,96,96,96,93,93,96,96,86,86,86,96,96,96,96],"gold":146,"neow_bonus":"","is_prod":false,"is_daily":true,"chose_seed":false,"campfire_upgraded":6,"win_rate":0,"timestamp":1532163923,"path_taken":["M","M","?","?","?","R","E","?","T","E","$","R","M","?","R","BOSS","M","?","?","$","M","R","?","E","T","?","M","?","?","?","R","BOSS","M","?","?","?","M","E","R","?","T","?","$","?","E","M","R","BOSS"],"build_version":"2018-07-19v2","purchased_purges":0,"victory":true,"max_hp_per_floor":[75,75,75,75,75,75,75,75,75,75,75,75,75,75,75,75,75,75,75,75,82,82,82,82,96,96,96,96,96,96,96,96,96,96,96,96,96,96,96,96,96,96,96,96,96,96,96,96,96,96],"card_choices":[{"not_picked":["All For One","Hyperbeam"],"picked":"Turbo","floor":7},{"not_picked":["Lockon","Doom and Gloom"],"picked":"Reboot","floor":10},{"not_picked":["Creative AI","Meteor Strike"],"picked":"Buffer","floor":16},{"not_picked":["Leap","BootSequence"],"picked":"Hello World","floor":25},{"not_picked":["Biased Cognition","All For One"],"picked":"Thunder Strike","floor":33},{"not_picked":["Sweeping Beam","Stack"],"picked":"Ball Lightning+1","floor":40},{"not_picked":["Streamline","Chaos"],"picked":"Compile Driver+1","floor":42},{"not_picked":["Machine Learning","Cold Snap+1"],"picked":"Go for the Eyes+1","floor":47}],"player_experience":316526,"relics_obtained":[{"floor":1,"key":"Smiling Mask"},{"floor":2,"key":"Bottled Lightning"},{"floor":5,"key":"Bird Faced Urn"},{"floor":7,"key":"Potion Belt"},{"floor":8,"key":"Letter Opener"},{"floor":9,"key":"Symbiotic Virus"},{"floor":10,"key":"Calipers"},{"floor":13,"key":"Bag of Marbles"},{"floor":14,"key":"MawBank"},{"floor":16,"key":"Ornamental Fan"},{"floor":18,"key":"Art of War"},{"floor":20,"key":"DataDisk"},{"floor":22,"key":"Gremlin Horn"},{"floor":25,"key":"Mango"},{"floor":26,"key":"Ancient Tea Set"},{"floor":28,"key":"Matryoshka"},{"floor":29,"key":"Dream Catcher"},{"floor":30,"key":"Oddly Smooth Stone"},{"floor":30,"key":"Blood Vial"},{"floor":33,"key":"The Courier"},{"floor":35,"key":"Whetstone"},{"floor":37,"key":"Tiny Chest"},{"floor":39,"key":"Happy Flower"},{"floor":40,"key":"War Paint"},{"floor":42,"key":"Incense Burner"},{"floor":43,"key":"Orichalcum"},{"floor":43,"key":"Bottled Tornado"},{"floor":44,"key":"Vajra"},{"floor":46,"key":"Molten Egg 2"},{"floor":47,"key":"Prayer Wheel"},{"floor":48,"key":"Shovel"},{"floor":49,"key":"Darkstone Periapt"}],"event_choices":[{"event_name":"Scrap Ooze","player_choice":"success","floor":3,"damage_taken":18},{"event_name":"Golden Wing","player_choice":"Gained Gold","floor":4,"damage_taken":0},{"event_name":"Upgrade Shrine","player_choice":"Upgraded","floor":19,"damage_taken":0},{"event_name":"The Library","player_choice":"Read","floor":24,"damage_taken":0},{"event_name":"Ghosts","player_choice":"Ignored","floor":27,"damage_taken":0},{"event_name":"Back to Basics","player_choice":"Simplicity","floor":31,"damage_taken":0},{"event_name":"Falling","player_choice":"Removed Attack","floor":36,"damage_taken":0},{"event_name":"Purifier","player_choice":"Skipped","floor":38,"damage_taken":0},{"event_name":"MindBloom","player_choice":"Fight","floor":42,"damage_taken":0}],"is_beta":false,"boss_relics":[{"not_picked":["Runic Dome","Empty Cage"],"picked":"FrozenCore"},{"not_picked":["Coffee Dripper","Velvet Choker"],"picked":"Astrolabe"}],"items_purged_floors":[],"is_endless":false,"potions_floor_spawned":[2,5,7,20,22,28,33,39,40,42,44],"ascension_level":0}