{"path_per_floor":["M","?","M","M","$","R","?","E","T","?","$","M","M","M","R","B",null,"M","$","?","M","M","R"],"character_chosen":"DEFECT","items_purchased":["Ornamental Fan","BootSequence","Reboot","Pen Nib","Storm","Dramatic Entrance","Stack"],"gold_per_floor":[211,286,297,309,2,2,2,36,88,263,35,52,64,78,78,183,183,193,3,3,17,34,34,34],"floor_reached":24,"campfire_rested":0,"playtime":2157,"item_purchase_floors":[5,5,11,11,19,19,19],"current_hp_per_floor":[68,57,52,49,49,49,49,39,39,39,39,34,32,30,30,30,75,55,55,49,46,22,22,0],"items_purged":[],"gold":34,"score":248,"play_id":"2dbd174d-a950-4c7e-8c44-6fcd4bb833e4","local_time":"20180615054956","is_prod":false,"is_daily":false,"chose_seed":false,"is_ascension_mode":false,"campfire_upgraded":3,"win_rate":0.0,"timestamp":1529056196,"campfire_choices":[{"data":"Go for the Eyes","floor":6,"key":"SMITH"},{"data":"Streamline","floor":15,"key":"SMITH"},{"data":"Turbo","floor":23,"key":"SMITH"}],"path_taken":["M","?","M","M","$","R","?","E","T","?","?","M","M","M","R","BOSS","M","$","?","M","?","R","E"],"build_version":"2018-06-14v2","seed_source_timestamp":13952108066185,"purchased_purges":0,"victory":false,"master_deck":["Strike_B","Strike_B","Strike_B","Strike_B","Defend_B","Defend_B","Defend_B","Defend_B","Zap","Static Discharge","Go for the Eyes+1","Cold Snap","BootSequence","Rip and Tear","Electrodynamics","Reboot","Streamline+1","Redo","Gash","Thunder Strike","Genetic Algorithm","Auto Shields","Recycle","Glacier","Sweeping Beam","Conserve Battery","Storm","Dramatic Entrance","Stack","RitualDagger","Undo+1","Turbo+1"],"max_hp_per_floor":[75,75,75,75,75,75,75,75,75,75,75,75,75,75,75,75,75,75,75,75,75,75,75,75],"relics":["Cracked Core","Ornamental Fan","Omamori","Bag of Marbles","Pen Nib","Orrery"],"card_choices":[{"not_picked":["Consume","Cold Snap"],"picked":"Static Discharge","floor":1},{"not_picked":["Genetic Algorithm","Beam Cell"],"picked":"Go for the Eyes","floor":3},{"not_picked":["Static Discharge","Gash"],"picked":"Cold Snap","floor":4},{"not_picked":["Cold Snap","Steam"],"picked":"Electrodynamics","floor":8},{"not_picked":["Compile Driver","Ball Lightning"],"picked":"Streamline","floor":12},{"not_picked":["Steam","Barrage"],"picked":"Redo","floor":13},{"not_picked":["Barrage","Reinforced Body"],"picked":"Gash","floor":14},{"not_picked":["Biased Cognition","Machine Learning"],"picked":"Thunder Strike","floor":16},{"not_picked":["Redo","Compile Driver"],"picked":"Genetic Algorithm","floor":17},{"not_picked":["Steam","Barrage"],"picked":"Auto Shields","floor":17},{"not_picked":["Lockon","Rebound"],"picked":"Recycle","floor":17},{"not_picked":["Barrage","Tempest"],"picked":"Glacier","floor":17},{"not_picked":["Redo","Barrage"],"picked":"Sweeping Beam","floor":17},{"not_picked":["Compile Driver","Gash+1"],"picked":"Conserve Battery","floor":18},{"not_picked":["Reprogram","Barrage"],"picked":"Undo+1","floor":21},{"not_picked":["Scrape","BootSequence+1"],"picked":"Turbo","floor":22}],"player_experience":207359,"potions_floor_usage":[16,16,18,22],"damage_taken":[{"damage":7,"enemies":"Small Slimes","floor":1,"turns":3},{"damage":5,"enemies":"Cultist","floor":3,"turns":4},{"damage":3,"enemies":"Jaw Worm","floor":4,"turns":3},{"damage":10,"enemies":"Lagavulin","floor":8,"turns":6},{"damage":5,"enemies":"Looter","floor":12,"turns":3},{"damage":2,"enemies":"Large Slime","floor":13,"turns":5},{"damage":2,"enemies":"2 Fungi Beasts","floor":14,"turns":3},{"damage":0,"enemies":"Hexaghost","floor":16,"turns":9},{"damage":20,"enemies":"Spheric Guardian","floor":18,"turns":4},{"damage":3,"enemies":"Chosen","floor":21,"turns":6},{"damage":24,"enemies":"3 Cultists","floor":22,"turns":4},{"damage":27,"enemies":"Gremlin Leader","floor":24,"turns":4}],"relics_obtained":[{"floor":8,"key":"Omamori"},{"floor":9,"key":"Bag of Marbles"}],"event_choices":[{"event_name":"World of Goop","player_choice":"Gather Gold","floor":2,"damage_taken":0},{"event_name":"Living Wall","player_choice":"Change","floor":7,"damage_taken":0},{"event_name":"Liars Game","player_choice":"agreed","floor":10,"damage_taken":0},{"event_name":"Nest","player_choice":"Joined the Cult","floor":20,"damage_taken":0}],"boss_relics":[{"not_picked":["Empty Cage","Ectoplasm"],"picked":"Orrery"}],"items_purged_floors":[],"is_endless":false,"potions_floor_spawned":[1,3,14,16,18],"seed_played":"-1824776031518592427","killed_by":"Gremlin Leader","ascension_level":0,"potions_obtained":[{"floor":1,"key":"SpeedPotion"},{"floor":3,"key":"GamblersBrew"},{"floor":14,"key":"Block Potion"},{"floor":16,"key":"Poison Potion"},{"floor":18,"key":"LiquidBronze"}],"is_trial":false}