{"gold_per_floor":[111,126,138,153,168,168,203,203,250,227,245,272,284,284,284,361,361,372,386,225,225,37,37,37,56,79,29,29],"floor_reached":28,"playtime":2715,"items_purged":["Strike_R","Shame"],"score":464,"play_id":"0d7b6c6a-0db3-41d9-91ea-3d8ad337aa01","local_time":"20190921112617","is_ascension_mode":true,"campfire_choices":[{"data":"Demon Form","floor":6.0,"key":"SMITH"},{"data":"Shockwave","floor":8.0,"key":"SMITH"},{"floor":15.0,"key":"REST"},{"data":"Evolve","floor":23,"key":"SMITH"}],"neow_cost":"NONE","seed_source_timestamp":383571409929900,"circlet_count":0,"master_deck":["AscendersBane","Strike_R","Strike_R","Strike_R","Strike_R","Defend_R","Defend_R","Defend_R","Defend_R","Bash","Shockwave+1","Ghostly Armor","Anger","Evolve+1","Demon Form+1","Disarm","Anger","True Grit+1","Offering+1","Sword Boomerang","Fire Breathing","Power Through+1","Wild Strike"],"special_seed":0,"relics":["Burning Blood","Art of War","Self Forming Clay","Strawberry","Toxic Egg 2","Mark of Pain","Boot","Juzu Bracelet"],"potions_floor_usage":[16,16,19,28],"damage_taken":[{"damage":8.0,"enemies":"Jaw Worm","floor":1.0,"turns":5.0},{"damage":0.0,"enemies":"Cultist","floor":2.0,"turns":3.0},{"damage":4.0,"enemies":"2 Louse","floor":3.0,"turns":4.0},{"damage":12.0,"enemies":"Exordium Wildlife","floor":4.0,"turns":6.0},{"damage":16.0,"enemies":"3 Louse","floor":5.0,"turns":6.0},{"damage":5.0,"enemies":"Lagavulin","floor":7.0,"turns":6.0},{"damage":17.0,"enemies":"Exordium Thugs","floor":10.0,"turns":4.0},{"damage":2.0,"enemies":"Red Slaver","floor":11.0,"turns":6.0},{"damage":26.0,"enemies":"Gremlin Nob","floor":12.0,"turns":4.0},{"damage":27.0,"enemies":"Gremlin Gang","floor":13.0,"turns":6.0},{"damage":7,"enemies":"The Guardian","floor":16,"turns":8},{"damage":9,"enemies":"Chosen","floor":18,"turns":4},{"damage":19,"enemies":"Spheric Guardian","floor":19,"turns":5},{"damage":24,"enemies":"Centurion and Healer","floor":25,"turns":6},{"damage":15,"enemies":"Colosseum Slavers","floor":28,"turns":1}],"seed_played":"8281168654389295688","potions_obtained":[{"floor":2.0,"key":"PowerPotion"},{"floor":3.0,"key":"AttackPotion"},{"floor":7.0,"key":"ElixirPotion"},{"floor":14.0,"key":"PowerPotion"},{"floor":16,"key":"LiquidBronze"},{"floor":18,"key":"AttackPotion"},{"floor":19,"key":"Energy Potion"}],"is_trial":false,"path_per_floor":["M","M","M","M","M","R","E","R","T","M","M","E","M","?","R","B",null,"M","M","$","?","$","R","?","M","T","?","?"],"character_chosen":"IRONCLAD","items_purchased":["Fire Breathing","Power Through+1"],"campfire_rested":1,"item_purchase_floors":[20,22],"current_hp_per_floor":[66,72,74,68,58,58,59,59,66,55,59,39,18,18,42,41,72,69,56,56,56,56,56,32,14,14,14,0],"gold":29,"neow_bonus":"RANDOM_COMMON_RELIC","is_prod":false,"is_daily":false,"chose_seed":false,"campfire_upgraded":3,"win_rate":0,"timestamp":1569090377,"path_taken":["M","M","M","M","M","R","E","R","T","M","M","E","M","?","R","BOSS","M","?","$","?","$","R","?","M","T","?","?"],"build_version":"2019-09-20","purchased_purges":2,"victory":false,"max_hp_per_floor":[75,75,75,75,75,75,75,75,82,82,82,82,82,82,82,82,82,82,82,82,82,82,82,87,87,87,87,87],"card_choices":[{"not_picked":["Wild Strike","Pommel Strike"],"picked":"Shockwave","floor":1.0},{"not_picked":["Twin Strike","Iron Wave"],"picked":"Ghostly Armor","floor":2.0},{"not_picked":["Evolve","Sword Boomerang"],"picked":"Anger","floor":3.0},{"not_picked":["Thunderclap","Iron Wave"],"picked":"Evolve","floor":4.0},{"not_picked":["True Grit","Entrench"],"picked":"Demon Form","floor":5.0},{"not_picked":["Shockwave","Flex"],"picked":"Disarm","floor":7.0},{"not_picked":["Headbutt","Rupture","Clothesline"],"picked":"SKIP","floor":10.0},{"not_picked":["Flex","Perfected Strike"],"picked":"Anger","floor":11.0},{"not_picked":["Perfected Strike","Sever Soul","Evolve"],"picked":"SKIP","floor":12.0},{"not_picked":["Iron Wave","Headbutt"],"picked":"True Grit+1","floor":13.0},{"not_picked":["Demon Form","Exhume+1"],"picked":"Offering+1","floor":16},{"not_picked":["Havoc+1","Flex+1","Pommel Strike"],"picked":"SKIP","floor":18},{"not_picked":["Iron Wave+1","Wild Strike"],"picked":"Sword Boomerang","floor":19},{"not_picked":["Sever Soul","Hemokinesis"],"picked":"Wild Strike","floor":25}],"player_experience":910871,"relics_obtained":[{"floor":7.0,"key":"Self Forming Clay"},{"floor":9.0,"key":"Strawberry"},{"floor":12.0,"key":"Toxic Egg 2"},{"floor":26,"key":"Juzu Bracelet"}],"event_choices":[{"damage_healed":0.0,"max_hp_gain":0.0,"max_hp_loss":0.0,"gold_gain":0.0,"event_name":"Lab","player_choice":"Got Potions","floor":14.0,"gold_loss":0.0,"damage_taken":0.0},{"damage_healed":0,"gold_gain":0,"player_choice":"Stole Relic","damage_taken":0,"relics_obtained":["Boot"],"max_hp_gain":0,"max_hp_loss":0,"event_name":"Addict","floor":21,"gold_loss":0,"cards_obtained":["Shame"]},{"damage_healed":0,"gold_gain":0,"player_choice":"Shed Blood","damage_taken":29,"max_hp_gain":5,"max_hp_loss":0,"event_name":"Forgotten Altar","floor":24,"gold_loss":0},{"damage_healed":0,"gold_gain":0,"player_choice":"Bet on Murderer","damage_taken":0,"max_hp_gain":0,"max_hp_loss":0,"event_name":"The Joust","floor":27,"gold_loss":50},{"damage_healed":0,"gold_gain":0,"player_choice":"Fight","damage_taken":0,"max_hp_gain":0,"max_hp_loss":0,"event_name":"Colosseum","floor":28,"gold_loss":0}],"is_beta":true,"boss_relics":[{"not_picked":["Astrolabe","Velvet Choker"],"picked":"Mark of Pain"}],"items_purged_floors":[20,22],"is_endless":false,"potions_floor_spawned":[2,3,5,7,13,16,18,19],"killed_by":"Colosseum Slavers","ascension_level":20}