{"path_per_floor":["M","?","$","M","M","R","M","M","T","M","R","M","M","?","R","B",null,"M","$","?","$","M","R"],"character_chosen":"THE_SILENT","items_purchased":["Outmaneuver","Distraction","Meat on the Bone","Backstab","Bouncing Flask","Well Laid Plans"],"gold_per_floor":[114,114,21,36,51,51,66,81,106,121,121,136,151,151,151,251,281,296,8,108,2,17,17,17],"floor_reached":24,"campfire_rested":1,"playtime":6735,"current_hp_per_floor":[68,67,66,65,60,60,26,25,32,32,51,51,51,62,61,3,64,43,43,43,43,23,23,0],"items_purged":[],"gold":17,"score":240,"play_id":"62e94249-2e4c-481c-a304-28686260eb70","local_time":"20180520192717","daily_mods":["Specialized","Binary","Terminal"],"is_prod":false,"is_daily":true,"chose_seed":false,"is_ascension_mode":false,"campfire_upgraded":3,"timestamp":1526858837,"campfire_choices":[{"data":"Distraction","floor":6,"key":"SMITH"},{"floor":11,"key":"REST"},{"data":"Backstab","floor":15,"key":"SMITH"},{"data":"Bouncing Flask","floor":23,"key":"SMITH"}],"path_taken":["M","?","$","M","M","R","M","M","T","M","R","M","?","?","R","BOSS","M","$","?","$","M","R","E"],"build_version":"2018-05-17","seed_source_timestamp":0,"purchased_purges":0,"victory":false,"master_deck":["Defend_G","Defend_G","Defend_G","Defend_G","Defend_G","Strike_G","Strike_G","Strike_G","Strike_G","Strike_G","Survivor","Neutralize","A Thousand Cuts","A Thousand Cuts","A Thousand Cuts","A Thousand Cuts","A Thousand Cuts","Quick Slash+1","Outmaneuver+1","Distraction+1","Setup","Blade Dance","Dodge and Roll","Sucker Punch","Cloak And Dagger","Flechettes","Backstab+1","Parasite","Bullet Time","Underhanded Strike","Underhanded Strike+1","Backstab","Bouncing Flask+1","Well Laid Plans","Dagger Spray"],"max_hp_per_floor":[68,67,66,65,64,63,62,61,67,66,65,64,63,62,61,60,64,63,62,61,60,59,58,58],"relics":["Ring of the Snake","Strawberry","Tiny House","Meat on the Bone"],"card_choices":[{"not_picked":["Dagger Throw"],"picked":"Quick Slash","floor":1},{"not_picked":["Reflex"],"picked":"Setup","floor":4},{"not_picked":["Dagger Spray"],"picked":"Blade Dance","floor":5},{"not_picked":["Sucker Punch"],"picked":"Dodge and Roll","floor":7},{"not_picked":["Masterful Stab"],"picked":"Sucker Punch","floor":8},{"not_picked":["Sucker Punch"],"picked":"Cloak And Dagger","floor":10},{"not_picked":["Sucker Punch"],"picked":"Flechettes","floor":12},{"not_picked":["Outmaneuver"],"picked":"Backstab","floor":13},{"not_picked":["Doppelganger"],"picked":"Bullet Time","floor":16},{"not_picked":["Bane"],"picked":"Underhanded Strike","floor":17},{"not_picked":["All Out Attack+1"],"picked":"Underhanded Strike+1","floor":18},{"not_picked":["Calculated Gamble"],"picked":"Dagger Spray","floor":22}],"player_experience":13136,"potions_floor_usage":[16,16],"damage_taken":[{"damage":1,"enemies":"Jaw Worm","floor":1,"turns":5},{"damage":0,"enemies":"Cultist","floor":4,"turns":4},{"damage":5,"enemies":"2 Louse","floor":5,"turns":4},{"damage":34,"enemies":"Gremlin Gang","floor":7,"turns":7},{"damage":1,"enemies":"Looter","floor":8,"turns":3},{"damage":0,"enemies":"2 Fungi Beasts","floor":10,"turns":3},{"damage":0,"enemies":"Exordium Wildlife","floor":12,"turns":4},{"damage":0,"enemies":"Looter","floor":13,"turns":4},{"damage":58,"enemies":"Hexaghost","floor":16,"turns":12},{"damage":21,"enemies":"Chosen","floor":18,"turns":7},{"damage":32,"enemies":"2 Thieves","floor":22,"turns":4},{"damage":24,"enemies":"Book of Stabbing","floor":24,"turns":5}],"relics_obtained":[{"floor":9,"key":"Strawberry"}],"event_choices":[{"event_name":"Upgrade Shrine","player_choice":"Upgraded","floor":2,"damage_taken":0},{"event_name":"Mushrooms","player_choice":"Healed and dodged fight","floor":14,"damage_taken":0},{"event_name":"Golden Shrine","player_choice":"Pray","floor":20,"damage_taken":0}],"boss_relics":[{"not_picked":["Velvet Choker","Runic Dome"],"picked":"Tiny House"}],"potions_floor_spawned":[1,7,8,10,16,18],"seed_played":"5982385652797705941","killed_by":"Book of Stabbing","ascension_level":0,"potions_obtained":[{"floor":1,"key":"Swift Potion"},{"floor":7,"key":"Weak Potion"},{"floor":8,"key":"FearPotion"},{"floor":16,"key":"GamblersBrew"},{"floor":17,"key":"SmokeBomb"},{"floor":18,"key":"Regen Potion"}],"is_trial":false}