{"gold_per_floor":[116,128,128,152,167,167,206,206,206,281,281,356,356],"floor_reached":13,"playtime":203,"items_purged":[],"score":166,"play_id":"7b955e23-0bb7-4c92-8b3f-8fd3356ec419","local_time":"20190922170801","is_ascension_mode":true,"campfire_choices":[{"data":"Shockwave","floor":6,"key":"SMITH"},{"data":"Barricade","floor":8,"key":"SMITH"}],"neow_cost":"NONE","seed_source_timestamp":493069205186700,"circlet_count":0,"master_deck":["AscendersBane","Strike_R","Strike_R","Strike_R","Strike_R","Strike_R","Defend_R","Defend_R","Defend_R","Defend_R","Bash","Anger","Shockwave+1","Barricade+1","Body Slam"],"relics":["Burning Blood","NeowsBlessing","Golden Idol","Turnip","Toxic Egg 2","Frozen Egg 2"],"potions_floor_usage":[5,7],"damage_taken":[{"damage":0,"enemies":"Cultist","floor":1,"turns":1},{"damage":0,"enemies":"2 Louse","floor":2,"turns":1},{"damage":0,"enemies":"Jaw Worm","floor":4,"turns":1},{"damage":6,"enemies":"Looter","floor":5,"turns":5},{"damage":25,"enemies":"Lagavulin","floor":7,"turns":8},{"damage":10,"enemies":"3 Sentries","floor":13,"turns":2}],"seed_played":"8194849173413089824","potions_obtained":[{"floor":1,"key":"Swift Potion"},{"floor":2,"key":"SpeedPotion"},{"floor":7,"key":"FearPotion"}],"is_trial":false,"path_per_floor":["M","M","?","M","M","R","E","R","T","T","?","?","E"],"character_chosen":"IRONCLAD","items_purchased":[],"campfire_rested":0,"item_purchase_floors":[],"current_hp_per_floor":[74,75,49,55,55,55,36,36,36,36,36,25,15],"gold":356,"neow_bonus":"THREE_ENEMY_KILL","is_prod":false,"is_daily":false,"chose_seed":false,"campfire_upgraded":2,"win_rate":0,"timestamp":1569197281,"path_taken":["M","?","?","M","M","R","E","R","T","?","?","?","E"],"build_version":"2019-09-20","purchased_purges":0,"victory":false,"max_hp_per_floor":[75,75,75,75,75,75,75,75,75,75,75,75,75],"card_choices":[{"not_picked":["Cleave","Armaments"],"picked":"Anger","floor":1},{"not_picked":["Heavy Blade","Armaments"],"picked":"Shockwave","floor":2},{"not_picked":["Thunderclap","Warcry","Bloodletting"],"picked":"SKIP","floor":4},{"not_picked":["Rampage","Shockwave"],"picked":"Barricade","floor":5},{"not_picked":["Cleave","Armaments"],"picked":"Body Slam","floor":7}],"player_experience":977825,"relics_obtained":[{"floor":7,"key":"Turnip"},{"floor":9,"key":"Toxic Egg 2"},{"floor":10,"key":"Frozen Egg 2"}],"event_choices":[{"damage_healed":0,"gold_gain":0,"player_choice":"Take Damage","damage_taken":26,"relics_obtained":["Golden Idol"],"max_hp_gain":0,"max_hp_loss":0,"event_name":"Golden Idol","floor":3,"gold_loss":0},{"damage_healed":0,"gold_gain":0,"player_choice":"Ignored","damage_taken":0,"max_hp_gain":0,"max_hp_loss":0,"event_name":"Golden Wing","floor":11,"gold_loss":0},{"damage_healed":0,"gold_gain":75,"player_choice":"Gather Gold","damage_taken":11,"max_hp_gain":0,"max_hp_loss":0,"event_name":"World of Goop","floor":12,"gold_loss":0}],"is_beta":true,"boss_relics":[],"items_purged_floors":[],"is_endless":false,"potions_floor_spawned":[1,2,7],"killed_by":"3 Sentries","ascension_level":20}