{"gold_per_floor":[115,131,131,42,53,53,83,4,83,98,126,139,189,19,19,92,92,111,33,8,19,69,69,104,27,75,75,92,119,119,135,135,211,211,222,240,257,307,47,79,96,146,146,160,160,74,92,109,109,109,109],"floor_reached":51,"playtime":7235,"items_purged":["Strike_R"],"score":1504,"play_id":"2925732b-c81b-45b1-b6c8-e8ec18c46bc1","local_time":"20190917213810","is_ascension_mode":true,"campfire_choices":[{"data":"Anger","floor":6.0,"key":"SMITH"},{"data":"Evolve","floor":15.0,"key":"SMITH"},{"data":"Sentinel","floor":23.0,"key":"SMITH"},{"floor":27.0,"key":"REST"},{"floor":30.0,"key":"REST"},{"floor":32.0,"key":"REST"},{"floor":45.0,"key":"REST"},{"floor":49.0,"key":"REST"}],"neow_cost":"NONE","seed_source_timestamp":0,"circlet_count":0,"master_deck":["AscendersBane","Defend_R","Defend_R","Defend_R","Defend_R","Bash","Fiend Fire","Shrug It Off","Feel No Pain","Anger+1","Seeing Red","Evolve+1","Second Wind","Ghostly Armor","Offering","Power Through","Juggernaut+1","Dark Embrace+1","Feel No Pain+1","Sentinel+1","Carnage","Second Wind","Wild Strike","Seeing Red","Corruption+1","Feel No Pain+1","Offering","Evolve+1","Disarm","Madness","Madness","Master of Strategy","Impervious","Body Slam","Sentinel","Armaments+1","Exhume"],"special_seed":0,"relics":["Burning Blood","SsserpentHead","Juzu Bracelet","Bottled Lightning","Gremlin Horn","Frozen Egg 2","Smiling Mask","Centennial Puzzle","Omamori","Fusion Hammer","Letter Opener","Prayer Wheel"],"potions_floor_usage":[],"damage_taken":[{"damage":4.0,"enemies":"Jaw Worm","floor":1.0,"turns":6.0},{"damage":1.0,"enemies":"Cultist","floor":2.0,"turns":3.0},{"damage":0.0,"enemies":"Small Slimes","floor":5.0,"turns":3.0},{"damage":28.0,"enemies":"3 Sentries","floor":7.0,"turns":17.0},{"damage":16.0,"enemies":"Exordium Wildlife","floor":10.0,"turns":4.0},{"damage":18.0,"enemies":"Gremlin Nob","floor":11.0,"turns":5.0},{"damage":6.0,"enemies":"3 Louse","floor":12.0,"turns":5.0},{"damage":26.0,"enemies":"Slime Boss","floor":16.0,"turns":5.0},{"damage":19.0,"enemies":"Shell Parasite","floor":18.0,"turns":5.0},{"damage":6.0,"enemies":"2 Thieves","floor":21.0,"turns":4.0},{"damage":29.0,"enemies":"Book of Stabbing","floor":24.0,"turns":5.0},{"damage":6.0,"enemies":"3 Cultists","floor":28.0,"turns":4.0},{"damage":44.0,"enemies":"Slavers","floor":29.0,"turns":5.0},{"damage":14.0,"enemies":"Snake Plant","floor":31.0,"turns":4.0},{"damage":33.0,"enemies":"Automaton","floor":33.0,"turns":10.0},{"damage":25.0,"enemies":"3 Darklings","floor":35.0,"turns":6.0},{"damage":6.0,"enemies":"3 Shapes","floor":36.0,"turns":1.0},{"damage":12.0,"enemies":"Jaw Worm Horde","floor":37.0,"turns":3.0},{"damage":6.0,"enemies":"Nemesis","floor":40.0,"turns":6.0},{"damage":24.0,"enemies":"Spire Growth","floor":41.0,"turns":4.0},{"damage":0.0,"enemies":"Maw","floor":44.0,"turns":5.0},{"damage":12.0,"enemies":"Sphere and 2 Shapes","floor":47.0,"turns":4.0},{"damage":23.0,"enemies":"Writhing Mass","floor":48.0,"turns":5.0},{"damage":28.0,"enemies":"Awakened One","floor":50.0,"turns":8.0},{"damage":38,"enemies":"Donu and Deca","floor":51,"turns":3}],"seed_played":"-4013896669420808635","potions_obtained":[{"floor":5.0,"key":"Fire Potion"},{"floor":12.0,"key":"Explosive Potion"},{"floor":18.0,"key":"FearPotion"},{"floor":24.0,"key":"Energy Potion"},{"floor":28.0,"key":"BloodPotion"},{"floor":35.0,"key":"GamblersBrew"},{"floor":37.0,"key":"SpeedPotion"},{"floor":44.0,"key":"Block Potion"}],"is_trial":false,"path_per_floor":["M","M","?","$","M","R","E","$","T","M","E","M","T","$","R","B",null,"M","$","?","M","?","R","E","$","T","R","M","E","R","M","R","B",null,"M","M","M","?","$","E","M","?","T","M","R","$","M","M","R","B","B"],"character_chosen":"IRONCLAD","items_purchased":["Feel No Pain","Evolve","Second Wind","Juggernaut+1","BloodPotion","Feel No Pain+1","Seeing Red","Master of Strategy","Impervious","BloodPotion"],"campfire_rested":5,"item_purchase_floors":[4,8,8,14,14,19,25,39,39,46],"current_hp_per_floor":[70,75,75,75,75,75,53,53,53,43,31,31,31,31,31,29,64,51,51,51,51,51,51,28,28,28,50,50,30,52,44,66,39,66,47,47,41,27,27,27,9,9,9,15,37,37,49,32,54,32,0],"gold":109,"neow_bonus":"TRANSFORM_CARD","is_prod":false,"is_daily":false,"chose_seed":false,"campfire_upgraded":3,"win_rate":0,"timestamp":1568781490,"path_taken":["M","M","?","$","M","R","E","?","T","M","E","M","?","$","R","BOSS","M","$","?","M","?","R","E","?","T","R","M","E","R","M","R","BOSS","M","M","M","?","$","E","M","?","T","M","R","$","M","M","R","BOSS","BOSS"],"build_version":"2019-07-17","purchased_purges":1,"victory":false,"max_hp_per_floor":[75,75,75,75,75,75,75,75,75,75,75,75,75,75,75,75,75,75,75,75,75,75,75,75,75,75,75,75,75,75,75,75,75,75,75,75,75,75,75,75,75,75,75,75,75,75,75,75,75,75,75],"card_choices":[{"not_picked":["Heavy Blade","Clash","Warcry"],"picked":"SKIP","floor":1.0},{"not_picked":["Body Slam","Shockwave"],"picked":"Shrug It Off","floor":2.0},{"not_picked":["Shrug It Off","Warcry"],"picked":"Anger","floor":5.0},{"not_picked":["Clash","Headbutt"],"picked":"Seeing Red","floor":7.0},{"not_picked":["Dropkick","Carnage"],"picked":"Ghostly Armor","floor":10.0},{"not_picked":["Armaments","Feel No Pain"],"picked":"Offering","floor":11.0},{"not_picked":["Flex","Cleave"],"picked":"Power Through","floor":12.0},{"not_picked":["Double Tap","Feed"],"picked":"Dark Embrace+1","floor":16.0},{"not_picked":["Clothesline","Sword Boomerang+1","Clash"],"picked":"SKIP","floor":18.0},{"not_picked":["Shrug It Off","Cleave"],"picked":"Sentinel","floor":21.0},{"not_picked":["Spot Weakness","Anger"],"picked":"Wild Strike","floor":24.0},{"not_picked":["Shockwave","Whirlwind+1"],"picked":"Corruption+1","floor":28.0},{"not_picked":["Iron Wave+1","Cleave"],"picked":"Feel No Pain+1","floor":29.0},{"not_picked":["Rampage","Carnage","Sword Boomerang"],"picked":"SKIP","floor":31.0},{"not_picked":["Reaper","Fiend Fire"],"picked":"Offering","floor":33.0},{"not_picked":["Clash","Havoc"],"picked":"Evolve+1","floor":35.0},{"not_picked":["Clash","Anger","Sword Boomerang+1"],"picked":"SKIP","floor":36.0},{"not_picked":["True Grit","Thunderclap"],"picked":"Disarm","floor":37.0},{"not_picked":["Brutality+1","Clash","Armaments"],"picked":"SKIP","floor":40.0},{"not_picked":["Anger","True Grit","Combust+1"],"picked":"SKIP","floor":41.0},{"not_picked":["Heavy Blade","Twin Strike"],"picked":"Body Slam","floor":44.0},{"not_picked":["Wild Strike","Warcry","Cleave+1"],"picked":"SKIP","floor":44.0},{"not_picked":["Wild Strike","Warcry","Cleave+1"],"picked":"SKIP","floor":44.0},{"not_picked":["Havoc+1","Twin Strike"],"picked":"Sentinel","floor":47.0},{"not_picked":["Clash","Demon Form+1","Iron Wave"],"picked":"SKIP","floor":47.0},{"not_picked":["Rupture+1","Warcry"],"picked":"Armaments+1","floor":48.0},{"not_picked":["Thunderclap","Spot Weakness"],"picked":"Exhume","floor":48.0}],"player_experience":822881,"relics_obtained":[{"floor":7.0,"key":"Juzu Bracelet"},{"floor":9.0,"key":"Bottled Lightning"},{"floor":11.0,"key":"Gremlin Horn"},{"floor":13.0,"key":"Frozen Egg 2"},{"floor":24.0,"key":"Smiling Mask"},{"floor":26.0,"key":"Centennial Puzzle"},{"floor":29.0,"key":"Omamori"},{"floor":40.0,"key":"Letter Opener"},{"floor":43.0,"key":"Prayer Wheel"}],"event_choices":[{"damage_healed":0.0,"max_hp_gain":0.0,"max_hp_loss":0.0,"gold_gain":0.0,"event_name":"FaceTrader","player_choice":"Trade","floor":3.0,"gold_loss":0.0,"damage_taken":0.0,"relics_obtained":["SsserpentHead"]},{"cards_removed":["Strike_R"],"damage_healed":0.0,"max_hp_gain":0.0,"max_hp_loss":0.0,"gold_gain":0.0,"event_name":"Beggar","player_choice":"Gave Gold","floor":20.0,"gold_loss":75.0,"damage_taken":0.0},{"damage_healed":0.0,"max_hp_gain":0.0,"max_hp_loss":0.0,"gold_gain":0.0,"cards_transformed":["Strike_R","Strike_R"],"event_name":"Drug Dealer","player_choice":"Became Test Subject","floor":22.0,"gold_loss":0.0,"damage_taken":0.0,"cards_obtained":["Carnage","Second Wind"]},{"damage_healed":0.0,"max_hp_gain":0.0,"max_hp_loss":0.0,"gold_gain":0.0,"event_name":"Winding Halls","player_choice":"Embrace Madness","floor":38.0,"gold_loss":0.0,"damage_taken":14.0,"cards_obtained":["Madness","Madness"]},{"damage_healed":0.0,"max_hp_gain":0.0,"max_hp_loss":0.0,"gold_gain":0.0,"event_name":"Tomb of Lord Red Mask","player_choice":"Ignored","floor":42.0,"gold_loss":0.0,"damage_taken":0.0}],"is_beta":false,"boss_relics":[{"not_picked":["Busted Crown","Coffee Dripper","Velvet Choker"]},{"not_picked":["Snecko Eye","Empty Cage"],"picked":"Fusion Hammer"}],"items_purged_floors":[25],"is_endless":false,"potions_floor_spawned":[5,12,18,24,28,35,37,44],"killed_by":"Donu and Deca","ascension_level":20}