{"gold_per_floor":[119,136,136,154,171,205,216,231,231,231],"floor_reached":10,"playtime":295,"items_purged":[],"score":144,"play_id":"e75b1a6d-4b94-476f-8be3-5c50180ddf92","local_time":"20190920155108","is_ascension_mode":true,"campfire_choices":[],"neow_cost":"NONE","seed_source_timestamp":315564934882500,"circlet_count":0,"master_deck":["AscendersBane","Strike_R","Strike_R","Strike_R","Strike_R","Strike_R","Defend_R","Defend_R","Defend_R","Bash","Perfected Strike","Shrug It Off","Pommel Strike","Battle Trance","Pommel Strike","Feel No Pain"],"relics":["Burning Blood","Calipers","CaptainsWheel"],"potions_floor_usage":[6,6],"damage_taken":[{"damage":18,"enemies":"Cultist","floor":1,"turns":5},{"damage":3,"enemies":"Small Slimes","floor":2,"turns":4},{"damage":4,"enemies":"Jaw Worm","floor":4,"turns":2},{"damage":18,"enemies":"3 Louse","floor":5,"turns":4},{"damage":32,"enemies":"Gremlin Nob","floor":6,"turns":4},{"damage":13,"enemies":"Lots of Slimes","floor":7,"turns":5},{"damage":15,"enemies":"Red Slaver","floor":8,"turns":4},{"damage":0,"enemies":"Blue Slaver","floor":10,"turns":1}],"seed_played":"3395392476977655473","potions_obtained":[{"floor":1,"key":"AttackPotion"},{"floor":2,"key":"PowerPotion"}],"is_trial":false,"path_per_floor":["M","M","?","M","M","E","M","M","T","M"],"character_chosen":"IRONCLAD","items_purchased":[],"campfire_rested":0,"item_purchase_floors":[],"current_hp_per_floor":[63,66,59,61,49,23,16,7,7,7],"gold":231,"neow_bonus":"TEN_PERCENT_HP_BONUS","is_prod":false,"is_daily":false,"chose_seed":false,"campfire_upgraded":0,"win_rate":0,"timestamp":1569019868,"path_taken":["M","M","?","M","M","E","M","M","T","M"],"build_version":"2019-09-20","purchased_purges":0,"victory":false,"max_hp_per_floor":[82,82,82,82,82,82,82,82,82,82],"card_choices":[{"not_picked":["Ghostly Armor","True Grit"],"picked":"Perfected Strike","floor":1},{"not_picked":["Ghostly Armor","Headbutt"],"picked":"Shrug It Off","floor":2},{"not_picked":["Rupture","Havoc"],"picked":"Pommel Strike","floor":4},{"not_picked":["Thunderclap","Sentinel"],"picked":"Battle Trance","floor":5},{"not_picked":["Flex","Anger"],"picked":"Pommel Strike","floor":6},{"not_picked":["Inflame","Body Slam"],"picked":"Feel No Pain","floor":7},{"not_picked":["Havoc","Clothesline","Anger"],"picked":"SKIP","floor":8}],"player_experience":891557,"relics_obtained":[{"floor":6,"key":"Calipers"},{"floor":9,"key":"CaptainsWheel"}],"event_choices":[{"cards_removed":["Defend_R"],"damage_healed":0,"gold_gain":0,"player_choice":"Card Removal","damage_taken":7,"max_hp_gain":0,"max_hp_loss":0,"event_name":"Golden Wing","floor":3,"gold_loss":0}],"is_beta":true,"boss_relics":[],"items_purged_floors":[],"is_endless":false,"potions_floor_spawned":[1,2],"killed_by":"Blue Slaver","ascension_level":20}