{"gold_per_floor":[113,123,142,67,47,47,65,92,119,132,16,44,44,54,54,131,131,146,159,74,92,142,142,152,152,152,152,187,109,135,151,151,151],"floor_reached":33,"playtime":1295,"items_purged":[],"score":644,"play_id":"4f37931e-4319-42ed-ad87-2d6d1cafc006","local_time":"20190912003314","is_ascension_mode":true,"campfire_choices":[{"data":"Feed","floor":6,"key":"SMITH"},{"data":"Uppercut","floor":13,"key":"SMITH"},{"data":"Rage","floor":15,"key":"SMITH"},{"data":"Spot Weakness","floor":23,"key":"SMITH"},{"data":"True Grit","floor":25,"key":"SMITH"},{"data":"Clumsy","floor":27,"key":"PURGE"},{"floor":32,"key":"REST"}],"neow_cost":"NONE","seed_source_timestamp":203516321955700,"circlet_count":0,"master_deck":["AscendersBane","Strike_R","Strike_R","Strike_R","Strike_R","Defend_R","Defend_R","Defend_R","Defend_R","Bash","Feed+1","Thunderclap","Pummel","Power Through","True Grit+1","Feel No Pain","Disarm","Rage+1","Uppercut+1","Feed","Wild Strike+1","Spot Weakness+1","Ghostly Armor","Disarm","Flame Barrier","Clothesline+1"],"relics":["Burning Blood","Anchor","Red Skull","Potion Belt","Cursed Key","PreservedInsect","Peace Pipe","Matryoshka","Dodecahedron"],"potions_floor_usage":[7,8,16,16,18,19,28,28,30,31],"damage_taken":[{"damage":1,"enemies":"2 Louse","floor":1,"turns":4},{"damage":8,"enemies":"Cultist","floor":2,"turns":5},{"damage":2,"enemies":"Jaw Worm","floor":3,"turns":6},{"damage":16,"enemies":"Exordium Wildlife","floor":7,"turns":6},{"damage":48,"enemies":"Lagavulin","floor":8,"turns":8},{"damage":9,"enemies":"Lots of Slimes","floor":10,"turns":4},{"damage":8,"enemies":"Gremlin Nob","floor":12,"turns":3},{"damage":0,"enemies":"3 Louse","floor":14,"turns":3},{"damage":46,"enemies":"Slime Boss","floor":16,"turns":10},{"damage":16,"enemies":"2 Thieves","floor":18,"turns":4},{"damage":27,"enemies":"Shell Parasite","floor":19,"turns":8},{"damage":10,"enemies":"Cultist and Chosen","floor":21,"turns":9},{"damage":24,"enemies":"Centurion and Healer","floor":24,"turns":8},{"damage":66,"enemies":"Slavers","floor":28,"turns":8},{"damage":6,"enemies":"Book of Stabbing","floor":30,"turns":3},{"damage":24,"enemies":"3 Cultists","floor":31,"turns":7},{"damage":73,"enemies":"Collector","floor":33,"turns":6}],"seed_played":"3250154938434991978","potions_obtained":[{"floor":3,"key":"Block Potion"},{"floor":5,"key":"Poison Potion"},{"floor":7,"key":"Energy Potion"},{"floor":8,"key":"FearPotion"},{"floor":12,"key":"Energy Potion"},{"floor":14,"key":"Energy Potion"},{"floor":16,"key":"AttackPotion"},{"floor":18,"key":"Regen Potion"},{"floor":24,"key":"BloodPotion"},{"floor":28,"key":"Block Potion"}],"is_trial":false,"path_per_floor":["M","M","M","?","?","R","M","E","T","M","$","E","R","M","R","B",null,"M","M","?","M","?","R","M","R","T","R","E","$","E","M","R","B"],"character_chosen":"IRONCLAD","items_purchased":["Disarm","Rage","Disarm"],"campfire_rested":1,"item_purchase_floors":[11,11,29],"current_hp_per_floor":[76,74,81,81,81,81,75,33,33,34,34,36,36,46,46,10,78,75,72,72,71,71,71,60,60,60,60,34,34,34,19,57,0],"gold":151,"neow_bonus":"ONE_RANDOM_RARE_CARD","is_prod":false,"is_daily":false,"chose_seed":false,"campfire_upgraded":5,"win_rate":0,"timestamp":1568273594,"path_taken":["M","M","M","?","?","R","M","E","T","?","$","E","R","M","R","BOSS","M","M","?","M","?","R","?","R","T","R","E","$","E","M","R","BOSS"],"build_version":"2019-07-17","purchased_purges":0,"victory":false,"max_hp_per_floor":[78,78,81,81,81,81,85,85,85,89,89,93,93,97,97,101,101,108,111,111,114,114,114,121,121,121,121,125,125,125,128,128,128],"card_choices":[{"not_picked":["Flex","Entrench","Clash"],"picked":"SKIP","floor":1},{"not_picked":["Intimidate","True Grit"],"picked":"Thunderclap","floor":2},{"not_picked":["Sever Soul","Havoc"],"picked":"Pummel","floor":3},{"not_picked":["Fiend Fire","Sever Soul"],"picked":"Power Through","floor":7},{"not_picked":["Havoc","Sever Soul"],"picked":"True Grit","floor":8},{"not_picked":["Pommel Strike","Anger"],"picked":"Feel No Pain","floor":10},{"not_picked":["Anger","Sword Boomerang"],"picked":"Uppercut","floor":12},{"not_picked":["Second Wind","Iron Wave","Pommel Strike"],"picked":"SKIP","floor":14},{"not_picked":["Berserk","Bludgeon"],"picked":"Feed","floor":16},{"not_picked":["Shockwave","Rupture"],"picked":"Wild Strike+1","floor":18},{"not_picked":["Wild Strike+1","Cleave"],"picked":"Spot Weakness","floor":19},{"not_picked":["Hemokinesis","Perfected Strike","Armaments"],"picked":"SKIP","floor":21},{"not_picked":["Dual Wield+1","Bloodletting"],"picked":"Ghostly Armor","floor":24},{"not_picked":["Whirlwind","Havoc","Flex"],"picked":"SKIP","floor":28},{"not_picked":["Armaments","Uppercut"],"picked":"Flame Barrier","floor":30},{"not_picked":["Clash","Entrench"],"picked":"Clothesline+1","floor":31}],"player_experience":691811,"relics_obtained":[{"floor":8,"key":"Anchor"},{"floor":9,"key":"Red Skull"},{"floor":12,"key":"Potion Belt"},{"floor":26,"key":"Peace Pipe"},{"floor":28,"key":"Matryoshka"},{"floor":30,"key":"Dodecahedron"}],"event_choices":[{"cards_removed":["Strike_R"],"damage_healed":0,"gold_gain":0,"player_choice":"Card Removal","damage_taken":0,"max_hp_gain":0,"max_hp_loss":0,"event_name":"The Cleric","floor":4,"gold_loss":75},{"damage_healed":0,"gold_gain":0,"player_choice":"Bought 1 Potion","damage_taken":0,"max_hp_gain":0,"max_hp_loss":0,"event_name":"The Woman in Blue","floor":5,"gold_loss":0},{"damage_healed":0,"gold_gain":0,"player_choice":"Obtained Relic","damage_taken":0,"relics_obtained":["PreservedInsect"],"max_hp_gain":0,"max_hp_loss":0,"event_name":"Addict","floor":20,"gold_loss":85},{"damage_healed":0,"gold_gain":50,"player_choice":"Pray","damage_taken":0,"max_hp_gain":0,"max_hp_loss":0,"event_name":"Golden Shrine","floor":22,"gold_loss":0}],"is_beta":false,"boss_relics":[{"not_picked":["Lizard Tail","Calling Bell"],"picked":"Cursed Key"}],"items_purged_floors":[],"is_endless":false,"potions_floor_spawned":[3,7,8,12,14,16,18,24,28],"killed_by":"Collector","ascension_level":20}