{"gold_per_floor":[114,1,11,111,33,33,50,62,62,23,57,68,80,93,93,188,188,200,210,210,1,1,1,1,1,25,275,305,317,337,337,337,337],"floor_reached":33,"playtime":2221,"items_purged":[],"score":247,"play_id":"9ac326fb-1a47-496e-a6d2-909ff80db4ea","local_time":"20180624232231","is_ascension_mode":false,"campfire_choices":[{"data":"Fusion","floor":6,"key":"SMITH"},{"floor":15,"key":"REST"},{"data":"Creative AI","floor":23,"key":"SMITH"},{"data":"Meteor Strike","floor":25,"key":"SMITH"},{"floor":32,"key":"REST"}],"neow_cost":"NONE","seed_source_timestamp":30757206578768,"circlet_count":0,"master_deck":["Strike_B","Strike_B","Strike_B","Strike_B","Defend_B","Defend_B","Defend_B+1","Defend_B","Zap","Glacier","Gash","Madness","Coolheaded","Fusion+1","Defragment","Stack+1","Leap","Melter","Gash","Sweeping Beam","Creative AI+1","Gash","Meteor Strike+1","FTL+1","Sweeping Beam","Decay","Regret","Turbo","Redo+1"],"relics":["Cracked Core","Bottled Tornado","War Paint","Nuclear Battery","Lee\u0027s Waffle","Juzu Bracelet","Tiny Chest"],"potions_floor_usage":[11,16,16,33],"damage_taken":[{"damage":0,"enemies":"Cultist","floor":1,"turns":5},{"damage":0,"enemies":"2 Louse","floor":3,"turns":2},{"damage":1,"enemies":"Jaw Worm","floor":7,"turns":3},{"damage":6,"enemies":"Red Slaver","floor":8,"turns":5},{"damage":6,"enemies":"Lagavulin","floor":11,"turns":8},{"damage":9,"enemies":"Lots of Slimes","floor":12,"turns":4},{"damage":11,"enemies":"Exordium Thugs","floor":13,"turns":5},{"damage":13,"enemies":"Gremlin Gang","floor":14,"turns":5},{"damage":13,"enemies":"Hexaghost","floor":16,"turns":12},{"damage":60,"enemies":"3 Byrds","floor":18,"turns":7},{"damage":5,"enemies":"Spheric Guardian","floor":19,"turns":4},{"damage":49,"enemies":"Slaver and Parasite","floor":29,"turns":9},{"damage":21,"enemies":"Centurion and Healer","floor":30,"turns":6},{"damage":36,"enemies":"Collector","floor":33,"turns":7}],"seed_played":"-4565366722928800417","potions_obtained":[{"floor":3,"key":"Poison Potion"},{"floor":12,"key":"GamblersBrew"},{"floor":14,"key":"Weak Potion"},{"floor":30,"key":"Ancient Potion"}],"is_trial":false,"path_per_floor":["M","$","M","?","$","R","M","M","T","$","E","M","M","M","R","B",null,"M","M","?","$","?","R","$","R","T","?","?","M","M","?","R"],"character_chosen":"DEFECT","items_purchased":["Madness","Coolheaded","Defragment","Melter","Lee\u0027s Waffle"],"campfire_rested":2,"item_purchase_floors":[2,2,5,10,21],"current_hp_per_floor":[75,75,75,75,75,75,74,68,68,68,62,53,42,29,51,38,75,15,10,10,82,82,82,82,82,82,82,82,33,12,12,36,0],"gold":337,"neow_bonus":"TRANSFORM_CARD","is_prod":false,"is_daily":false,"chose_seed":false,"campfire_upgraded":3,"win_rate":0.0,"timestamp":1529896951,"path_taken":["M","?","M","?","$","R","?","?","T","?","E","M","?","?","R","BOSS","M","M","?","?","?","R","$","R","T","?","?","M","M","?","R","BOSS"],"build_version":"2018-06-21v2","purchased_purges":0,"victory":false,"max_hp_per_floor":[75,75,75,75,75,75,75,75,75,75,75,75,75,75,75,75,75,75,75,75,82,82,82,82,82,82,82,82,82,82,82,82,82],"card_choices":[{"not_picked":["Redo","Barrage"],"picked":"Gash","floor":1},{"not_picked":["Streamline","Steam"],"picked":"Fusion","floor":3},{"not_picked":["Streamline","Beam Cell"],"picked":"Stack","floor":7},{"not_picked":["Coolheaded","Rebound"],"picked":"Leap","floor":8},{"not_picked":["Barrage","Hologram"],"picked":"Gash","floor":11},{"not_picked":["Coolheaded","Reprogram"],"picked":"Sweeping Beam","floor":12},{"not_picked":["Conserve Battery","Go for the Eyes"],"picked":"Creative AI","floor":13},{"not_picked":["Sweeping Beam","Chill"],"picked":"Gash","floor":14},{"not_picked":["Fission","Amplify"],"picked":"Meteor Strike","floor":16},{"not_picked":["Compile Driver","Capacitor"],"picked":"FTL+1","floor":18},{"not_picked":["Steam","Beam Cell"],"picked":"Sweeping Beam","floor":19},{"not_picked":["Rebound","Streamline"],"picked":"Turbo","floor":29},{"not_picked":["Reboot","Cold Snap"],"picked":"Redo+1","floor":30}],"player_experience":240873,"relics_obtained":[{"floor":9,"key":"Bottled Tornado"},{"floor":11,"key":"War Paint"},{"floor":26,"key":"Juzu Bracelet"}],"event_choices":[{"event_name":"Wheel of Change","player_choice":"Gold","floor":4,"damage_taken":0},{"event_name":"Forgotten Altar","player_choice":"Smashed Altar","floor":20,"damage_taken":0},{"event_name":"Beggar","player_choice":"Ignored","floor":22,"damage_taken":0},{"event_name":"Golden Shrine","player_choice":"Desecrate","floor":27,"damage_taken":0},{"event_name":"The Mausoleum","player_choice":"Yes","floor":28,"damage_taken":0},{"event_name":"Cursed Tome","player_choice":"Ignored","floor":31,"damage_taken":0}],"boss_relics":[{"not_picked":["Snecko Eye","Philosopher\u0027s Stone"],"picked":"Nuclear Battery"}],"items_purged_floors":[],"is_endless":false,"potions_floor_spawned":[3,12,14,30],"killed_by":"Collector","ascension_level":0}