{"gold_per_floor":[109,184,184,203,45,45,63,92,92,117,130,147,60,60,60,60],"floor_reached":16,"playtime":498,"items_purged":[],"score":220,"play_id":"ce1af1ab-9ef2-4b6e-a0cd-63c0cdf1197b","local_time":"20190911211738","is_ascension_mode":true,"campfire_choices":[{"data":"Disarm","floor":6,"key":"SMITH"},{"data":"Disarm","floor":15,"key":"SMITH"}],"neow_cost":"NONE","seed_source_timestamp":192577785801400,"circlet_count":0,"master_deck":["AscendersBane","Strike_R","Strike_R","Strike_R","Strike_R","Defend_R","Defend_R","Defend_R","Defend_R","Bash","Spot Weakness","Disarm+1","Clothesline","Feed","Disarm+1","Limit Break"],"relics":["Burning Blood","NeowsBlessing","Lantern","Letter Opener","Darkstone Periapt","Gremlin Horn"],"potions_floor_usage":[8],"damage_taken":[{"damage":0,"enemies":"Small Slimes","floor":1,"turns":1},{"damage":0,"enemies":"Jaw Worm","floor":4,"turns":1},{"damage":0,"enemies":"2 Louse","floor":7,"turns":1},{"damage":44,"enemies":"3 Sentries","floor":8,"turns":11},{"damage":27,"enemies":"Gremlin Nob","floor":10,"turns":4},{"damage":5,"enemies":"2 Fungi Beasts","floor":11,"turns":4},{"damage":9,"enemies":"Exordium Wildlife","floor":12,"turns":7},{"damage":8,"enemies":"Hexaghost","floor":16,"turns":10}],"seed_played":"8843977713131088735","potions_obtained":[{"floor":1,"key":"SpeedPotion"},{"floor":4,"key":"SkillPotion"},{"floor":11,"key":"SmokeBomb"}],"is_trial":false,"path_per_floor":["M","?","?","M","$","R","M","E","T","E","M","M","$","?","R","B"],"character_chosen":"IRONCLAD","items_purchased":["Lantern","Limit Break"],"campfire_rested":0,"item_purchase_floors":[5,13],"current_hp_per_floor":[74,63,56,62,62,62,68,30,30,12,16,16,16,16,16,8],"gold":60,"neow_bonus":"THREE_ENEMY_KILL","is_prod":false,"is_daily":false,"chose_seed":false,"campfire_upgraded":2,"win_rate":0,"timestamp":1568261858,"path_taken":["M","?","?","M","$","R","M","E","T","E","M","M","?","?","R","BOSS"],"build_version":"2019-07-17","purchased_purges":0,"victory":false,"max_hp_per_floor":[75,75,75,75,75,75,75,75,75,78,81,84,84,84,84,84],"card_choices":[{"not_picked":["Second Wind","Flex"],"picked":"Spot Weakness","floor":1},{"not_picked":["Fire Breathing","Shrug It Off"],"picked":"Disarm","floor":4},{"not_picked":["Sentinel","Perfected Strike"],"picked":"Clothesline","floor":7},{"not_picked":["Sentinel","Shrug It Off"],"picked":"Feed","floor":8},{"not_picked":["Carnage","Dark Embrace"],"picked":"Disarm","floor":10},{"not_picked":["True Grit","Heavy Blade","Searing Blow"],"picked":"SKIP","floor":11},{"not_picked":["Havoc","Clothesline","Wild Strike"],"picked":"SKIP","floor":12}],"player_experience":681365,"relics_obtained":[{"floor":8,"key":"Letter Opener"},{"floor":9,"key":"Darkstone Periapt"},{"floor":10,"key":"Gremlin Horn"}],"event_choices":[{"damage_healed":0,"gold_gain":75,"player_choice":"Gather Gold","damage_taken":11,"max_hp_gain":0,"max_hp_loss":0,"event_name":"World of Goop","floor":2,"gold_loss":0},{"cards_removed":["Strike_R"],"damage_healed":0,"gold_gain":0,"player_choice":"Card Removal","damage_taken":7,"max_hp_gain":0,"max_hp_loss":0,"event_name":"Golden Wing","floor":3,"gold_loss":0},{"damage_healed":0,"gold_gain":0,"player_choice":"Ignored","damage_taken":0,"max_hp_gain":0,"max_hp_loss":0,"event_name":"Shining Light","floor":14,"gold_loss":0}],"is_beta":false,"boss_relics":[],"items_purged_floors":[],"is_endless":false,"potions_floor_spawned":[1,4,11],"killed_by":"Hexaghost","ascension_level":20}