{"gold_per_floor":[109,109,129,46,46,46,46,59,83,124,148,148,148,192,192,290,290,290,290,290,290,290,290,290,290,290,290,290,290,290,290,290,290,290,290,215,215,215,215,215,215,215,215,215,215,62,62,62,62,62,62],"floor_reached":52,"playtime":1711,"items_purged":["Strike_R+1","Strike_R+1"],"score":2212,"play_id":"42ac09eb-b682-483b-b273-910bc58512c9","local_time":"20190921210322","is_ascension_mode":true,"campfire_choices":[{"data":"Fire Breathing","floor":6.0,"key":"SMITH"},{"data":"Evolve","floor":12.0,"key":"SMITH"},{"data":"Immolate","floor":15.0,"key":"SMITH"},{"floor":24.0,"key":"REST"},{"floor":28.0,"key":"REST"},{"data":"Barricade","floor":32.0,"key":"SMITH"},{"data":"Power Through","floor":40,"key":"SMITH"},{"data":"Corruption","floor":44,"key":"SMITH"},{"floor":49,"key":"RECALL"}],"neow_cost":"NONE","seed_source_timestamp":419229343114500,"circlet_count":0,"master_deck":["AscendersBane","Strike_R+1","Strike_R+1","Defend_R+1","Defend_R+1","Defend_R+1","Defend_R+1","Bash+1","Power Through+1","Carnage+1","Fire Breathing+1","Immolate+1","Evolve+1","Barricade+1","Offering+1","Sentinel+1","Entrench+1","Shrug It Off+1","Corruption+1","Shrug It Off+1","Shrug It Off+1","Impervious+1","Feel No Pain+1","Body Slam+1"],"special_seed":0,"relics":["Burning Blood","Bloody Idol","Dream Catcher","Toxic Egg 2","Bronze Scales","Ectoplasm","PreservedInsect","Frozen Egg 2","Blood Vial","Molten Egg 2","Cursed Key","Boot","Toy Ornithopter","Centennial Puzzle"],"potions_floor_usage":[51,51],"damage_taken":[{"damage":9.0,"enemies":"Jaw Worm","floor":1.0,"turns":3.0},{"damage":0.0,"enemies":"2 Louse","floor":3.0,"turns":2.0},{"damage":0.0,"enemies":"Cultist","floor":8.0,"turns":3.0},{"damage":10.0,"enemies":"3 Sentries","floor":10.0,"turns":4.0},{"damage":6.0,"enemies":"Looter","floor":11.0,"turns":2.0},{"damage":22.0,"enemies":"Lagavulin","floor":14.0,"turns":5.0},{"damage":14.0,"enemies":"Slime Boss","floor":16.0,"turns":6.0},{"damage":30.0,"enemies":"Shell Parasite","floor":18.0,"turns":4.0},{"damage":0.0,"enemies":"Spheric Guardian","floor":19.0,"turns":3.0},{"damage":17.0,"enemies":"Centurion and Healer","floor":20.0,"turns":5.0},{"damage":13.0,"enemies":"Cultist and Chosen","floor":22.0,"turns":4.0},{"damage":11.0,"enemies":"Book of Stabbing","floor":23.0,"turns":4.0},{"damage":14.0,"enemies":"Gremlin Leader","floor":25.0,"turns":3.0},{"damage":17.0,"enemies":"Book of Stabbing","floor":30.0,"turns":5.0},{"damage":0.0,"enemies":"Shelled Parasite and Fungi","floor":31.0,"turns":1.0},{"damage":6.0,"enemies":"Champ","floor":33.0,"turns":19.0},{"damage":0.0,"enemies":"3 Darklings","floor":35.0,"turns":7.0},{"damage":0.0,"enemies":"Orb Walker","floor":38.0,"turns":4.0},{"damage":0,"enemies":"Sphere and 2 Shapes","floor":39,"turns":8},{"damage":6,"enemies":"Giant Head","floor":41,"turns":6},{"damage":12,"enemies":"Nemesis","floor":45,"turns":5},{"damage":6,"enemies":"3 Darklings","floor":47,"turns":4},{"damage":0,"enemies":"Giant Head","floor":48,"turns":5},{"damage":36,"enemies":"Awakened One","floor":50,"turns":4},{"damage":2,"enemies":"Donu and Deca","floor":51,"turns":6}],"seed_played":"7873248983255086404","potions_obtained":[{"floor":1.0,"key":"BloodPotion"},{"floor":3.0,"key":"AttackPotion"},{"floor":13.0,"key":"Dexterity Potion"},{"floor":16.0,"key":"SpeedPotion"},{"floor":18.0,"key":"Block Potion"},{"floor":19.0,"key":"Weak Potion"},{"floor":30.0,"key":"SmokeBomb"},{"floor":33.0,"key":"LiquidBronze"},{"floor":39,"key":"Explosive Potion"}],"is_trial":false,"path_per_floor":["M","?","M","$","?","R","?","M","T","E","M","R","?","E","R","B",null,"M","M","M","?","M","E","R","E","T","?","R","?","E","M","R","B",null,"M","$","T","M","M","R","E","?","T","R","E","$","M","E","R","B","B",null],"character_chosen":"IRONCLAD","items_purchased":["Fire Breathing","Body Slam+1"],"campfire_rested":2,"item_purchase_floors":[4,46],"current_hp_per_floor":[65,39,45,45,45,45,45,51,51,62,62,62,62,46,46,38,66,42,48,37,37,30,25,47,39,39,39,61,61,52,60,60,62,72,75,75,75,75,75,75,75,71,71,71,65,65,67,71,71,41,57],"gold":62,"neow_bonus":"UPGRADE_CARD","is_prod":false,"is_daily":false,"chose_seed":false,"campfire_upgraded":6,"win_rate":0,"timestamp":1569125002,"path_taken":["M","?","M","$","?","R","?","M","T","E","?","R","?","E","R","BOSS","M","M","M","?","M","E","R","E","T","?","R","?","E","?","R","BOSS","M","$","?","M","M","R","E","?","T","R","E","$","M","E","R","BOSS","BOSS"],"build_version":"2019-09-20","purchased_purges":2,"victory":true,"max_hp_per_floor":[75,75,75,75,75,75,75,75,75,75,75,75,75,75,75,75,75,75,75,75,75,75,75,75,75,75,75,75,75,75,75,75,75,75,75,75,75,75,75,75,75,71,71,71,71,71,71,71,71,71,71],"card_choices":[{"not_picked":["Body Slam","Armaments"],"picked":"Power Through","floor":1.0},{"not_picked":["Wild Strike","Thunderclap"],"picked":"Carnage","floor":3.0},{"not_picked":["Rupture","Entrench"],"picked":"Evolve","floor":8.0},{"not_picked":["Whirlwind","Searing Blow","Rampage"],"picked":"SKIP","floor":10.0},{"not_picked":["Hemokinesis","Blood for Blood","Twin Strike"],"picked":"SKIP","floor":11.0},{"not_picked":["Headbutt","Entrench+1"],"picked":"Barricade","floor":14.0},{"not_picked":["Fiend Fire","Barricade"],"picked":"Offering+1","floor":16.0},{"not_picked":["Combust","Thunderclap"],"picked":"Sentinel+1","floor":18.0},{"not_picked":["Reckless Charge","Intimidate+1"],"picked":"Entrench+1","floor":19.0},{"not_picked":["Havoc+1","Pummel"],"picked":"Shrug It Off+1","floor":20.0},{"not_picked":["Twin Strike","Havoc+1"],"picked":"Corruption","floor":22.0},{"not_picked":["Body Slam","Armaments+1"],"picked":"Shrug It Off+1","floor":23.0},{"not_picked":["Rage+1","Heavy Blade+1"],"picked":"Shrug It Off+1","floor":24.0},{"not_picked":["Hemokinesis","Whirlwind","Clash+1"],"picked":"SKIP","floor":25.0},{"not_picked":["Pummel","Combust+1","Cleave+1"],"picked":"SKIP","floor":30.0},{"not_picked":["Dark Embrace+1","Brutality+1"],"picked":"Impervious+1","floor":33.0},{"not_picked":["Heavy Blade+1","Perfected Strike+1"],"picked":"Feel No Pain+1","floor":35.0},{"not_picked":["Spot Weakness+1","Sword Boomerang+1","Bloodletting+1"],"picked":"SKIP","floor":38.0},{"not_picked":["Thunderclap+1","True Grit+1","Wild Strike+1"],"picked":"SKIP","floor":39},{"not_picked":["Clothesline+1","Clash+1","Twin Strike+1"],"picked":"SKIP","floor":41},{"not_picked":["Cleave+1","Pommel Strike+1","Seeing Red+1"],"picked":"SKIP","floor":45},{"not_picked":["Wild Strike+1","Demon Form+1","Perfected Strike+1"],"picked":"SKIP","floor":47},{"not_picked":["Thunderclap+1","Perfected Strike+1","Flex+1"],"picked":"SKIP","floor":48}],"player_experience":943733,"relics_obtained":[{"floor":9.0,"key":"Dream Catcher"},{"floor":10.0,"key":"Toxic Egg 2"},{"floor":14.0,"key":"Bronze Scales"},{"floor":23.0,"key":"PreservedInsect"},{"floor":25.0,"key":"Frozen Egg 2"},{"floor":26.0,"key":"Blood Vial"},{"floor":30.0,"key":"Molten Egg 2"},{"floor":41,"key":"Boot"},{"floor":45,"key":"Toy Ornithopter"},{"floor":48,"key":"Centennial Puzzle"}],"event_choices":[{"damage_healed":0.0,"max_hp_gain":0.0,"max_hp_loss":0.0,"gold_gain":0.0,"event_name":"Golden Idol","player_choice":"Take Damage","floor":2.0,"gold_loss":0.0,"damage_taken":26.0,"relics_obtained":["Golden Idol"]},{"damage_healed":0.0,"max_hp_gain":0.0,"max_hp_loss":0.0,"gold_gain":0.0,"event_name":"Living Wall","player_choice":"Grow","floor":5.0,"gold_loss":0.0,"damage_taken":0.0,"cards_upgraded":["Carnage"]},{"damage_healed":0.0,"max_hp_gain":0.0,"max_hp_loss":0.0,"gold_gain":0.0,"event_name":"Match and Keep!","player_choice":"1 cards matched","floor":7.0,"gold_loss":0.0,"damage_taken":0.0,"cards_obtained":["Immolate"]},{"damage_healed":0.0,"max_hp_gain":0.0,"max_hp_loss":0.0,"gold_gain":0.0,"event_name":"Lab","player_choice":"Got Potions","floor":13.0,"gold_loss":0.0,"damage_taken":0.0},{"damage_healed":0.0,"max_hp_gain":0.0,"max_hp_loss":0.0,"gold_gain":0.0,"event_name":"Forgotten Altar","player_choice":"Gave Idol","floor":21.0,"relics_lost":["Golden Idol"],"gold_loss":0.0,"damage_taken":0.0,"relics_obtained":["Bloody Idol"]},{"damage_healed":0.0,"max_hp_gain":0.0,"max_hp_loss":0.0,"gold_gain":0.0,"event_name":"Back to Basics","player_choice":"Simplicity","floor":27.0,"gold_loss":0.0,"damage_taken":0.0,"cards_upgraded":["Strike_R","Strike_R","Strike_R","Strike_R","Strike_R","Defend_R","Defend_R","Defend_R","Defend_R"]},{"cards_removed":["Strike_R"],"damage_healed":0.0,"max_hp_gain":0.0,"max_hp_loss":0.0,"gold_gain":0.0,"event_name":"Bonfire Elementals","player_choice":"Offered Basic","floor":29.0,"gold_loss":0.0,"damage_taken":0.0},{"damage_healed":0,"gold_gain":0,"player_choice":"Max HP","damage_taken":0,"max_hp_gain":0,"max_hp_loss":4,"event_name":"Winding Halls","floor":42,"gold_loss":0}],"is_beta":true,"boss_relics":[{"not_picked":["Tiny House","Runic Pyramid"],"picked":"Ectoplasm"},{"not_picked":["Mark of Pain","Pandora\u0027s Box"],"picked":"Cursed Key"}],"items_purged_floors":[36,46],"is_endless":false,"potions_floor_spawned":[1,3,16,18,19,30,31,33,39,41,45,47],"ascension_level":20}