{"gold_per_floor":[20,40,57,67,67,67,96,124,124,135,135,135,167,1,1,77,77,87,87,6,6],"floor_reached":21,"playtime":703,"items_purged":[],"score":374,"play_id":"ce4f9400-5544-4798-a29a-7ec0d757c586","local_time":"20190920215857","is_ascension_mode":true,"campfire_choices":[{"data":"Bash","floor":6.0,"key":"SMITH"},{"data":"Inflame","floor":11,"key":"SMITH"},{"floor":15,"key":"REST"}],"neow_cost":"NO_GOLD","seed_source_timestamp":337205288660200,"circlet_count":0,"master_deck":["AscendersBane","Strike_R","Strike_R","Strike_R","Strike_R","Defend_R","Defend_R","Defend_R","Defend_R","Bash+1","Headbutt","Hemokinesis+1","Shrug It Off","Shrug It Off","Inflame+1","Anger","Spot Weakness","Evolve","Second Wind","Berserk+1","Metallicize","Feel No Pain"],"special_seed":0,"relics":["Burning Blood","Ancient Tea Set","Odd Mushroom","Question Card","Calipers","Sozu"],"potions_floor_usage":[8,16,16],"damage_taken":[{"damage":4.0,"enemies":"Small Slimes","floor":1.0,"turns":4.0},{"damage":14.0,"enemies":"Jaw Worm","floor":2.0,"turns":4.0},{"damage":3.0,"enemies":"Cultist","floor":3.0,"turns":2.0},{"damage":3.0,"enemies":"2 Fungi Beasts","floor":4.0,"turns":2.0},{"damage":34.0,"enemies":"Gremlin Nob","floor":7.0,"turns":4.0},{"damage":9,"enemies":"The Mushroom Lair","floor":8,"turns":5},{"damage":8,"enemies":"Red Slaver","floor":10,"turns":4},{"damage":24,"enemies":"Lagavulin","floor":13,"turns":5},{"damage":24,"enemies":"Hexaghost","floor":16,"turns":8},{"damage":25,"enemies":"Spheric Guardian","floor":18,"turns":5},{"damage":57,"enemies":"3 Byrds","floor":21,"turns":4}],"seed_played":"-6957738849536247656","potions_obtained":[{"floor":1.0,"key":"Energy Potion"},{"floor":4.0,"key":"ElixirPotion"},{"floor":7.0,"key":"Fire Potion"},{"floor":8,"key":"EssenceOfSteel"},{"floor":10,"key":"LiquidBronze"}],"is_trial":false,"path_per_floor":["M","M","M","M","?","R","E","?","T","M","R","?","E","$","R","B",null,"M","?","$","M"],"character_chosen":"IRONCLAD","items_purchased":["Evolve","Second Wind","Feel No Pain"],"campfire_rested":1,"item_purchase_floors":[14,14,20],"current_hp_per_floor":[84,76,79,82,82,82,54,51,51,49,49,42,24,24,50,32,75,56,56,56,0],"gold":6,"neow_bonus":"TWENTY_PERCENT_HP_BONUS","is_prod":false,"is_daily":false,"chose_seed":false,"campfire_upgraded":2,"win_rate":0,"timestamp":1569041937,"path_taken":["M","M","M","M","?","R","E","?","T","M","R","?","E","$","R","BOSS","M","?","$","M"],"build_version":"2019-09-20","purchased_purges":0,"victory":false,"max_hp_per_floor":[89,89,89,89,89,89,89,89,89,89,89,89,89,89,89,89,89,89,89,89,89],"card_choices":[{"not_picked":["Dual Wield","Heavy Blade"],"picked":"Headbutt","floor":1.0},{"not_picked":["Body Slam","Headbutt"],"picked":"Hemokinesis","floor":2.0},{"not_picked":["Carnage","Flex"],"picked":"Shrug It Off","floor":3.0},{"not_picked":["Sever Soul","Rupture"],"picked":"Shrug It Off","floor":4.0},{"not_picked":["Perfected Strike","Exhume"],"picked":"Inflame","floor":7.0},{"not_picked":["Warcry","Sever Soul"],"picked":"Anger","floor":8},{"not_picked":["Iron Wave","Warcry","Cleave","Sword Boomerang"],"picked":"SKIP","floor":10},{"not_picked":["Inflame","Sword Boomerang","Pummel"],"picked":"Spot Weakness","floor":13},{"not_picked":["Double Tap","Offering","Limit Break"],"picked":"Berserk","floor":16},{"not_picked":["Sever Soul","Body Slam","Seeing Red"],"picked":"Metallicize","floor":18}],"player_experience":903959,"relics_obtained":[{"floor":7.0,"key":"Ancient Tea Set"},{"floor":8,"key":"Odd Mushroom"},{"floor":9,"key":"Question Card"},{"floor":13,"key":"Calipers"}],"event_choices":[{"damage_healed":0.0,"max_hp_gain":0.0,"max_hp_loss":0.0,"gold_gain":0.0,"event_name":"Living Wall","player_choice":"Grow","floor":5.0,"gold_loss":0.0,"damage_taken":0.0,"cards_upgraded":["Hemokinesis"]},{"damage_healed":0,"gold_gain":0,"player_choice":"Fought Mushrooms","damage_taken":0,"max_hp_gain":0,"max_hp_loss":0,"event_name":"Mushrooms","floor":8,"gold_loss":0},{"cards_removed":["Strike_R"],"damage_healed":0,"gold_gain":0,"player_choice":"Card Removal","damage_taken":7,"max_hp_gain":0,"max_hp_loss":0,"event_name":"Golden Wing","floor":12,"gold_loss":0},{"damage_healed":0,"gold_gain":0,"player_choice":"Upgraded","damage_taken":0,"max_hp_gain":0,"max_hp_loss":0,"event_name":"Upgrade Shrine","floor":19,"gold_loss":0,"cards_upgraded":["Berserk"]}],"is_beta":true,"boss_relics":[{"not_picked":["Black Star","Snecko Eye"],"picked":"Sozu"}],"items_purged_floors":[],"is_endless":false,"potions_floor_spawned":[1,4,7,8,10,18],"killed_by":"3 Byrds","ascension_level":20}