{"path_per_floor":["M","?","?","$","M","R","E","M","T","?","M","?","R","M","R","B",null,"M","?","M","$","M","R","M","R","T","$"],"character_chosen":"IRONCLAD","items_purchased":["Oddly Smooth Stone","Toolbox","Burning Pact","Perfected Strike"],"gold_per_floor":[117,117,172,15,29,29,61,79,79,254,273,273,273,292,292,390,390,407,357,371,35,53,53,69,69,69,42,42],"floor_reached":28,"campfire_rested":3,"playtime":2770,"item_purchase_floors":[4,21,21,27],"current_hp_per_floor":[41,41,41,41,42,42,26,32,32,32,29,29,29,35,59,17,80,38,38,21,21,12,51,12,51,51,51,0],"items_purged":[],"gold":42,"score":218,"play_id":"16df7c64-2af5-4998-8364-661a2abaff91","local_time":"20180525163326","is_prod":false,"is_daily":false,"chose_seed":false,"is_ascension_mode":false,"campfire_upgraded":2,"win_rate":0,"timestamp":1527280406,"campfire_choices":[{"data":"Ghostly Armor","floor":6,"key":"SMITH"},{"data":"Body Slam","floor":13,"key":"SMITH"},{"floor":15,"key":"REST"},{"floor":23,"key":"REST"},{"floor":25,"key":"REST"}],"path_taken":["M","?","?","$","M","R","E","M","T","?","M","?","R","M","R","BOSS","M","?","M","$","M","R","?","R","T","$","E"],"build_version":"2018-05-24","seed_source_timestamp":12308097239554,"purchased_purges":0,"victory":false,"master_deck":["Strike_R","Strike_R","Strike_R","Strike_R","Defend_R","Defend_R","Defend_R","Defend_R","Bash","Flex","Clash","Ghostly Armor+1","Body Slam+1","Iron Wave","Anger","Wild Strike","Dark Embrace","Regret","Doubt","Injury","Heavy Blade","Cleave","Burning Pact","Blood for Blood+1","Evolve","Perfected Strike"],"max_hp_per_floor":[80,80,80,80,80,80,80,80,80,80,80,80,80,80,80,80,80,80,80,80,80,80,80,80,80,80,80,80],"relics":["Burning Blood","Gambling Chip","Oddly Smooth Stone","Self Forming Clay","Gremlin Horn","Calling Bell","Regal Pillow","Mummified Hand","Magic Flower","Toolbox","Paper Frog"],"card_choices":[{"not_picked":["Headbutt","Body Slam"],"picked":"Flex","floor":1},{"not_picked":["Second Wind","Whirlwind"],"picked":"Ghostly Armor","floor":5},{"not_picked":["Heavy Blade","Warcry"],"picked":"Body Slam","floor":7},{"not_picked":["Anger","Disarm"],"picked":"Iron Wave","floor":8},{"not_picked":["Inflame","Entrench"],"picked":"Anger","floor":11},{"not_picked":["Flex","Corruption"],"picked":"Wild Strike","floor":14},{"not_picked":["Barricade","Double Tap"],"picked":"Dark Embrace","floor":16},{"not_picked":["Shrug It Off","Clash"],"picked":"Heavy Blade","floor":18},{"not_picked":["Armaments","Pommel Strike"],"picked":"Cleave","floor":20},{"not_picked":["Double Tap","Iron Wave"],"picked":"Blood for Blood+1","floor":22},{"not_picked":["Clothesline+1","Blood for Blood+1"],"picked":"Evolve","floor":24}],"player_experience":84809,"potions_floor_usage":[7,16,24,24],"damage_taken":[{"damage":5,"enemies":"2 Louse","floor":1,"turns":3},{"damage":5,"enemies":"Jaw Worm","floor":5,"turns":3},{"damage":22,"enemies":"3 Sentries","floor":7,"turns":11},{"damage":0,"enemies":"Small Slimes","floor":8,"turns":3},{"damage":9,"enemies":"3 Louse","floor":11,"turns":3},{"damage":0,"enemies":"2 Fungi Beasts","floor":14,"turns":3},{"damage":48,"enemies":"The Guardian","floor":16,"turns":12},{"damage":51,"enemies":"Chosen","floor":18,"turns":8},{"damage":26,"enemies":"3 Byrds","floor":20,"turns":9},{"damage":18,"enemies":"Snake Plant","floor":22,"turns":6},{"damage":48,"enemies":"3 Cultists","floor":24,"turns":7},{"damage":63,"enemies":"Book of Stabbing","floor":28,"turns":7}],"relics_obtained":[{"floor":7,"key":"Self Forming Clay"},{"floor":9,"key":"Gremlin Horn"},{"floor":17,"key":"Regal Pillow"},{"floor":17,"key":"Mummified Hand"},{"floor":17,"key":"Magic Flower"},{"floor":26,"key":"Paper Frog"}],"event_choices":[{"event_name":"Living Wall","player_choice":"Change","floor":2,"damage_taken":0},{"event_name":"Golden Wing","player_choice":"Gained Gold","floor":3,"damage_taken":0},{"event_name":"Liars Game","player_choice":"agreed","floor":10,"damage_taken":0},{"event_name":"Purifier","player_choice":"One Purge","floor":12,"damage_taken":0},{"event_name":"The Joust","player_choice":"Bet on Owner","floor":19,"damage_taken":0}],"boss_relics":[{"not_picked":["Tiny House","Lizard Tail"],"picked":"Calling Bell"}],"items_purged_floors":[],"potions_floor_spawned":[5,11,18,20,24],"seed_played":"-4227102210365068163","killed_by":"Book of Stabbing","ascension_level":0,"potions_obtained":[{"floor":5,"key":"AttackPotion"},{"floor":11,"key":"Weak Potion"},{"floor":18,"key":"Energy Potion"},{"floor":20,"key":"Swift Potion"},{"floor":24,"key":"FairyPotion"}],"is_trial":false}