{"gold_per_floor":[114,131,131,306,319,319,335,335,335,349,3,3,37,58,58,58],"floor_reached":16,"playtime":1283,"items_purged":[],"score":107,"play_id":"04496f16-9d3c-4db7-ba4a-a184ad942425","local_time":"20180720033617","is_ascension_mode":true,"campfire_choices":[{"data":"After Image","floor":6,"key":"SMITH"},{"data":"Concentrate","floor":15,"key":"SMITH"}],"neow_cost":"","seed_source_timestamp":28117250077905,"circlet_count":0,"master_deck":["Defend_G","Defend_G","Defend_G","Defend_G","Strike_G","Strike_G","Strike_G","Strike_G","Strike_G","Survivor","Neutralize","Distraction","Riddle With Holes","After Image+1","Doubt","Deflect","Concentrate+1","Injury","Footwork","Madness+1","Neutralize","Malaise+1","Dash","Backflip+1"],"relics":["Ring of the Snake","Golden Idol","Toxic Egg 2","Letter Opener","Meat on the Bone"],"potions_floor_usage":[7,13,13,16,16],"damage_taken":[{"damage":4,"enemies":"Jaw Worm","floor":1,"turns":7},{"damage":0,"enemies":"Small Slimes","floor":2,"turns":7},{"damage":4,"enemies":"Cultist","floor":5,"turns":5},{"damage":10,"enemies":"Looter","floor":7,"turns":5},{"damage":20,"enemies":"Exordium Thugs","floor":10,"turns":11},{"damage":7,"enemies":"Lagavulin","floor":13,"turns":10},{"damage":0,"enemies":"2 Fungi Beasts","floor":14,"turns":5},{"damage":43,"enemies":"Slime Boss","floor":16,"turns":20}],"seed_played":"3515816185170598722","potions_obtained":[{"floor":2,"key":"Swift Potion"},{"floor":10,"key":"Block Potion"},{"floor":13,"key":"GamblersBrew"},{"floor":14,"key":"GamblersBrew"}],"is_trial":false,"path_per_floor":["M","M","?","?","M","R","M","?","T","M","$","?","E","M","R"],"character_chosen":"THE_SILENT","items_purchased":["Letter Opener","Madness+1"],"campfire_rested":0,"item_purchase_floors":[11,11],"current_hp_per_floor":[66,66,66,66,62,62,52,52,52,32,32,32,25,37,37,0],"gold":58,"neow_bonus":"","is_prod":false,"is_daily":false,"chose_seed":false,"campfire_upgraded":2,"win_rate":0,"timestamp":1532072177,"path_taken":["M","M","?","?","?","R","?","?","T","M","$","?","E","M","R","BOSS"],"build_version":"2018-07-19v2","purchased_purges":0,"victory":false,"max_hp_per_floor":[70,70,70,70,70,70,70,70,70,70,70,70,70,70,70,70],"card_choices":[{"not_picked":["Backflip","Sucker Punch"],"picked":"Distraction","floor":1},{"not_picked":["Quick Slash","Underhanded Strike"],"picked":"Riddle With Holes","floor":2},{"not_picked":["Catalyst","Deadly Poison"],"picked":"Deflect","floor":5},{"not_picked":["Eviscerate","Flying Knee"],"picked":"Concentrate","floor":7},{"not_picked":["Deflect+1","Dodge and Roll+1"],"picked":"Footwork","floor":10},{"not_picked":["Bane","Underhanded Strike"],"picked":"Dash","floor":13},{"not_picked":["Riddle With Holes","Footwork"],"picked":"Backflip+1","floor":14}],"player_experience":315243,"relics_obtained":[{"floor":9,"key":"Toxic Egg 2"},{"floor":13,"key":"Meat on the Bone"}],"event_choices":[{"event_name":"Living Wall","player_choice":"Change","floor":3,"damage_taken":0},{"event_name":"Liars Game","player_choice":"agreed","floor":4,"damage_taken":0},{"event_name":"Golden Idol","player_choice":"Take Wound","floor":8,"damage_taken":0},{"event_name":"Match and Keep!","player_choice":"2 cards matched","floor":12,"damage_taken":0}],"is_beta":false,"boss_relics":[],"items_purged_floors":[],"is_endless":false,"potions_floor_spawned":[2,10,13,14],"killed_by":"Slime Boss","ascension_level":1}