{"path_per_floor":["M","?","$","M","M","R","M","?","T","$","M","R","E","?","R","B",null,"M","M","$","M","M","E","R","M","T","?","?"],"character_chosen":"IRONCLAD","items_purchased":["Dream Catcher","Heavy Blade","Juzu Bracelet","Offering","Mango","Anchor","Shockwave"],"gold_per_floor":[112,187,13,29,43,43,58,233,233,11,26,26,353,353,353,452,452,469,482,9,27,43,77,77,96,198,198,198,198],"floor_reached":29,"campfire_rested":3,"playtime":6996,"current_hp_per_floor":[80,69,69,71,72,80,76,76,76,76,64,80,76,90,90,12,90,48,16,30,51,36,18,49,12,12,12,12,0],"items_purged":[],"gold":198,"score":295,"play_id":"eb5c0f7a-2c47-4a22-87e3-992c9f0860f0","local_time":"20180522192813","is_prod":false,"is_daily":false,"chose_seed":false,"is_ascension_mode":false,"campfire_upgraded":1,"timestamp":1527031693,"campfire_choices":[{"floor":6,"key":"REST"},{"floor":12,"key":"REST"},{"data":"Armaments","floor":15,"key":"SMITH"},{"floor":24,"key":"REST"}],"path_taken":["M","?","$","M","M","R","M","?","T","$","M","R","E","?","R","BOSS","M","M","$","M","M","E","R","M","T","?","?","?"],"build_version":"2018-05-17","seed_source_timestamp":11708544225566,"purchased_purges":0,"victory":false,"master_deck":["Strike_R","Strike_R","Strike_R","Strike_R","Strike_R","Defend_R","Defend_R","Defend_R","Defend_R","Flame Barrier","Thunderclap","Heavy Blade","Flex","Inflame","Cleave","Pommel Strike","Doubt","Spot Weakness","Armaments+1","Offering","Berserk","Searing Blow","Carnage","Shockwave","Pommel Strike+1","Rampage+1","Iron Wave+1","Fire Breathing","Rage"],"max_hp_per_floor":[80,80,80,80,80,80,80,80,80,80,80,80,80,90,90,90,90,90,90,104,104,104,104,104,104,104,104,104,104],"relics":["Burning Blood","Dream Catcher","Matryoshka","Juzu Bracelet","Old Coin","Lizard Tail","Mango","Anchor","Unceasing Top","Tiny Chest","Smiling Mask"],"card_choices":[{"not_picked":["Dual Wield","Flex"],"picked":"Thunderclap","floor":1},{"not_picked":["Armaments","Pummel"],"picked":"Flex","floor":4},{"not_picked":["Shockwave","Combust"],"picked":"Inflame","floor":5},{"not_picked":["Rampage","Dropkick"],"picked":"Cleave","floor":6},{"not_picked":["Warcry","True Grit"],"picked":"Pommel Strike","floor":7},{"not_picked":["Clash","Body Slam"],"picked":"Spot Weakness","floor":11},{"not_picked":["Flame Barrier","Clothesline"],"picked":"Armaments","floor":12},{"not_picked":["Headbutt","Clothesline"],"picked":"Offering","floor":13},{"not_picked":["Dark Embrace","Bludgeon"],"picked":"Berserk","floor":16},{"not_picked":["Corruption","Clash"],"picked":"Searing Blow","floor":18},{"not_picked":["Pummel","Thunderclap+1"],"picked":"Carnage","floor":19},{"not_picked":["Thunderclap","Power Through"],"picked":"Pommel Strike+1","floor":21},{"not_picked":["Shrug It Off+1","Heavy Blade"],"picked":"Rampage+1","floor":22},{"not_picked":["Berserk","Shockwave+1"],"picked":"Iron Wave+1","floor":23},{"not_picked":["Armaments","Clash"],"picked":"Fire Breathing","floor":24},{"not_picked":["Hemokinesis","True Grit"],"picked":"Rage","floor":25}],"player_experience":56065,"potions_floor_usage":[13,16,23,25,25,25,29,29,29],"damage_taken":[{"damage":1,"enemies":"Jaw Worm","floor":1,"turns":7},{"damage":4,"enemies":"Cultist","floor":4,"turns":5},{"damage":5,"enemies":"Small Slimes","floor":5,"turns":4},{"damage":10,"enemies":"Looter","floor":7,"turns":3},{"damage":18,"enemies":"Blue Slaver","floor":11,"turns":3},{"damage":10,"enemies":"Gremlin Nob","floor":13,"turns":4},{"damage":84,"enemies":"The Guardian","floor":16,"turns":13},{"damage":48,"enemies":"3 Byrds","floor":18,"turns":6},{"damage":38,"enemies":"2 Thieves","floor":19,"turns":5},{"damage":51,"enemies":"Snecko","floor":21,"turns":7},{"damage":21,"enemies":"Centurion and Healer","floor":22,"turns":5},{"damage":34,"enemies":"Slavers","floor":23,"turns":7},{"damage":43,"enemies":"Sentry and Sphere","floor":25,"turns":6},{"damage":16,"enemies":"Masked Bandits","floor":29,"turns":2}],"relics_obtained":[{"floor":9,"key":"Matryoshka"},{"floor":13,"key":"Old Coin"},{"floor":23,"key":"Unceasing Top"},{"floor":26,"key":"Tiny Chest"},{"floor":26,"key":"Smiling Mask"}],"event_choices":[{"event_name":"World of Goop","player_choice":"Gather Gold","floor":2,"damage_taken":0},{"event_name":"Liars Game","player_choice":"agreed","floor":8,"damage_taken":0},{"event_name":"Bonfire Elementals","player_choice":"RARE","floor":14,"damage_taken":0},{"event_name":"Vampires","player_choice":"Ignored","floor":27,"damage_taken":0},{"event_name":"The Lab","player_choice":"Got Potions","floor":28,"damage_taken":0},{"event_name":"Masked Bandits","player_choice":"Fought over 198 gold","floor":29,"damage_taken":0}],"boss_relics":[{"not_picked":["Black Blood","Velvet Choker"],"picked":"Lizard Tail"}],"potions_floor_spawned":[1,13,16,18,22,23,25],"seed_played":"5294756595944435691","killed_by":"Masked Bandits","ascension_level":0,"potions_obtained":[{"floor":1,"key":"EssenceOfSteel"},{"floor":13,"key":"Fire Potion"},{"floor":16,"key":"Block Potion"},{"floor":18,"key":"FearPotion"},{"floor":22,"key":"BloodPotion"},{"floor":23,"key":"SkillPotion"},{"floor":25,"key":"Block Potion"},{"floor":28,"key":"GamblersBrew"},{"floor":28,"key":"PowerPotion"}],"is_trial":false}