{"gold_per_floor":[111,111,125,136,136,136,151,176,176,176,187,216,216,235,235,235],"floor_reached":16,"playtime":650,"items_purged":[],"score":224,"play_id":"e166ea14-10b6-45e1-91f4-eb0f0b46af90","local_time":"20190917181821","is_ascension_mode":true,"campfire_choices":[{"data":"Combust","floor":6,"key":"SMITH"},{"floor":10,"key":"REST"},{"data":"Metallicize","floor":13,"key":"SMITH"},{"data":"Metallicize","floor":15,"key":"SMITH"}],"neow_cost":"NONE","seed_source_timestamp":64837546758500,"circlet_count":0,"master_deck":["AscendersBane","Strike_R","Strike_R","Strike_R","Strike_R","Defend_R","Defend_R","Defend_R","Defend_R","Bash","Metallicize+1","Shrug It Off","Combust+1","Power Through","Dark Embrace","Metallicize+1","Battle Trance","Ghostly Armor","Shrug It Off"],"relics":["Burning Blood","Mercury Hourglass","Matryoshka","Meat on the Bone"],"potions_floor_usage":[7,14,16,16],"damage_taken":[{"damage":9,"enemies":"Jaw Worm","floor":1,"turns":5},{"damage":12,"enemies":"Small Slimes","floor":3,"turns":4},{"damage":6,"enemies":"Cultist","floor":4,"turns":5},{"damage":45,"enemies":"Exordium Thugs","floor":7,"turns":7},{"damage":23,"enemies":"3 Sentries","floor":8,"turns":7},{"damage":6,"enemies":"Lots of Slimes","floor":11,"turns":2},{"damage":16,"enemies":"Lagavulin","floor":12,"turns":9},{"damage":1,"enemies":"3 Louse","floor":14,"turns":3},{"damage":48,"enemies":"Hexaghost","floor":16,"turns":14}],"seed_played":"6735693304530732788","potions_obtained":[{"floor":4,"key":"PowerPotion"},{"floor":8,"key":"Block Potion"},{"floor":12,"key":"Block Potion"},{"floor":14,"key":"EssenceOfSteel"}],"is_trial":false,"path_per_floor":["M","?","M","M","?","R","M","E","T","R","M","E","R","M","R","B"],"character_chosen":"IRONCLAD","items_purchased":[],"campfire_rested":1,"item_purchase_floors":[],"current_hp_per_floor":[72,72,66,66,66,66,27,10,10,34,34,24,24,41,41,0],"gold":235,"neow_bonus":"TEN_PERCENT_HP_BONUS","is_prod":false,"is_daily":false,"chose_seed":false,"campfire_upgraded":3,"win_rate":0,"timestamp":1568769501,"path_taken":["M","?","M","M","?","R","M","E","T","R","M","E","R","M","R","BOSS"],"build_version":"2019-07-17","purchased_purges":0,"victory":false,"max_hp_per_floor":[82,82,82,82,82,82,82,82,82,82,82,82,82,82,82,82],"card_choices":[{"not_picked":["Clothesline","Flex"],"picked":"Metallicize","floor":1},{"not_picked":["Armaments","Cleave"],"picked":"Combust","floor":3},{"not_picked":["Inflame","Cleave"],"picked":"Power Through","floor":4},{"not_picked":["Heavy Blade","Clash"],"picked":"Metallicize","floor":7},{"not_picked":["Dual Wield","Second Wind"],"picked":"Battle Trance","floor":8},{"not_picked":["Spot Weakness","Pommel Strike"],"picked":"Ghostly Armor","floor":11},{"not_picked":["Body Slam","Inflame"],"picked":"Shrug It Off","floor":12},{"not_picked":["Carnage","Havoc","Infernal Blade"],"picked":"SKIP","floor":14}],"player_experience":822231,"relics_obtained":[{"floor":8,"key":"Mercury Hourglass"},{"floor":9,"key":"Matryoshka"},{"floor":12,"key":"Meat on the Bone"}],"event_choices":[{"damage_healed":0,"gold_gain":0,"cards_transformed":["Strike_R"],"player_choice":"Change","damage_taken":0,"max_hp_gain":0,"max_hp_loss":0,"event_name":"Living Wall","floor":2,"gold_loss":0,"cards_obtained":["Shrug It Off"]},{"damage_healed":0,"gold_gain":0,"player_choice":"1 cards matched","damage_taken":0,"max_hp_gain":0,"max_hp_loss":0,"event_name":"Match and Keep!","floor":5,"gold_loss":0,"cards_obtained":["Dark Embrace"]}],"is_beta":false,"boss_relics":[],"items_purged_floors":[],"is_endless":false,"potions_floor_spawned":[4,8,12,14],"killed_by":"Hexaghost","ascension_level":20}