{"path_per_floor":["M","M","?","?","M","R","M","M","T","$","M","M","R","E","R","B",null,"M","?","M","?","M","E","R","M","T","M"],"character_chosen":"DEFECT","items_purchased":["Blood Vial","Cold Snap","Conserve Battery"],"gold_per_floor":[110,125,125,200,216,216,232,248,248,2,21,35,35,62,62,162,162,181,181,196,196,215,248,248,261,284,295,295],"floor_reached":28,"campfire_rested":1,"playtime":2121,"item_purchase_floors":[10,10,10],"current_hp_per_floor":[74,74,67,56,50,50,42,37,47,47,42,33,58,55,55,30,85,75,75,61,61,51,32,32,9,9,16,0],"items_purged":[],"gold":295,"score":244,"play_id":"86eec7f1-3669-4191-a594-29fe4f890c31","local_time":"20180606184846","is_prod":false,"is_daily":false,"chose_seed":false,"is_ascension_mode":false,"campfire_upgraded":3,"win_rate":0.0,"timestamp":1528325326,"campfire_choices":[{"data":"Loop","floor":6,"key":"SMITH"},{"floor":13,"key":"REST"},{"data":"Storm","floor":15,"key":"SMITH"},{"data":"Creative AI","floor":24,"key":"SMITH"}],"path_taken":["M","M","?","?","?","R","M","M","T","$","M","M","R","E","R","BOSS","M","?","?","?","M","E","R","M","T","M","M"],"build_version":"2018-05-31","seed_source_timestamp":98022788203852,"purchased_purges":0,"victory":false,"master_deck":["Strike_B","Strike_B","Strike_B","Strike_B","Defend_B","Defend_B","Defend_B","Defend_B","Zap+1","Loop+1","Beam Cell","White Noise","Defragment","Gash","Cold Snap","Conserve Battery","Sweeping Beam","Chaos","Storm+1","Creative AI+1","Sweeping Beam","Doom and Gloom","Biased Cognition","Self Repair","Scrape+1","FTL","Normality","Streamline"],"max_hp_per_floor":[75,75,75,75,75,75,75,75,85,85,85,85,85,85,85,85,85,85,85,85,85,85,85,85,85,85,85,85],"relics":["Cracked Core","Singing Bowl","Pear","Blood Vial","Peace Pipe","Cursed Key","The Courier","Ancient Tea Set"],"card_choices":[{"not_picked":["Chill","Fusion"],"picked":"Loop","floor":1},{"not_picked":["Compile Driver","Leap"],"picked":"Beam Cell","floor":2},{"not_picked":["Streamline","Steam Power"],"picked":"White Noise","floor":5},{"not_picked":["Cold Snap","Doom and Gloom"],"picked":"Defragment","floor":7},{"not_picked":["Ball Lightning","Rebound"],"picked":"Gash","floor":8},{"not_picked":["Steam","Go for the Eyes"],"picked":"Sweeping Beam","floor":11},{"not_picked":["Tempest","Compile Driver"],"picked":"Chaos","floor":12},{"not_picked":["Reboot","Stack"],"picked":"Storm","floor":14},{"not_picked":["Seek","Electrodynamics"],"picked":"Creative AI","floor":16},{"not_picked":["Compile Driver","Rebound"],"picked":"Sweeping Beam","floor":18},{"not_picked":["Coolheaded","Gash"],"picked":"Doom and Gloom","floor":20},{"not_picked":["Chaos","Genetic Algorithm"],"picked":"Self Repair","floor":22},{"not_picked":["Electrodynamics","Sweeping Beam+1"],"picked":"Scrape+1","floor":23},{"not_picked":["Steam Power","Hologram"],"picked":"FTL","floor":25},{"not_picked":["Loop","Consume"],"picked":"Streamline","floor":27}],"player_experience":168303,"potions_floor_usage":[14,16,16,16,22,28],"damage_taken":[{"damage":1,"enemies":"Jaw Worm","floor":1,"turns":2},{"damage":0,"enemies":"Small Slimes","floor":2,"turns":3},{"damage":6,"enemies":"Cultist","floor":5,"turns":3},{"damage":8,"enemies":"Red Slaver","floor":7,"turns":3},{"damage":5,"enemies":"Looter","floor":8,"turns":3},{"damage":7,"enemies":"Blue Slaver","floor":11,"turns":4},{"damage":18,"enemies":"Lots of Slimes","floor":12,"turns":3},{"damage":5,"enemies":"3 Sentries","floor":14,"turns":4},{"damage":27,"enemies":"The Guardian","floor":16,"turns":8},{"damage":10,"enemies":"Spheric Guardian","floor":18,"turns":3},{"damage":16,"enemies":"Shell Parasite","floor":20,"turns":4},{"damage":12,"enemies":"Cultist and Chosen","floor":22,"turns":4},{"damage":21,"enemies":"Book of Stabbing","floor":23,"turns":4},{"damage":32,"enemies":"Snake Plant","floor":25,"turns":4},{"damage":2,"enemies":"Snecko","floor":27,"turns":4},{"damage":19,"enemies":"Cultist and Chosen","floor":28,"turns":4}],"relics_obtained":[{"floor":9,"key":"Pear"},{"floor":14,"key":"Peace Pipe"},{"floor":23,"key":"The Courier"},{"floor":26,"key":"Ancient Tea Set"}],"event_choices":[{"event_name":"Scrap Ooze","player_choice":"success","floor":3,"damage_taken":7},{"event_name":"World of Goop","player_choice":"Gather Gold","floor":4,"damage_taken":0},{"event_name":"Beggar","player_choice":"Ignored","floor":19,"damage_taken":0},{"event_name":"Transmorgrifier","player_choice":"Transform","floor":21,"damage_taken":0}],"boss_relics":[{"not_picked":["Snecko Eye","White Beast Statue"],"picked":"Cursed Key"}],"items_purged_floors":[],"potions_floor_spawned":[1,2,11,12,14,20,23,25],"seed_played":"-7988506502804283319","killed_by":"Cultist and Chosen","ascension_level":0,"potions_obtained":[{"floor":1,"key":"SteroidPotion"},{"floor":2,"key":"FearPotion"},{"floor":11,"key":"GamblersBrew"},{"floor":12,"key":"PowerPotion"},{"floor":14,"key":"AttackPotion"},{"floor":20,"key":"EssenceOfSteel"},{"floor":23,"key":"Ancient Potion"},{"floor":25,"key":"Ancient Potion"}],"is_trial":false}