{"gold_per_floor":[414,429,429,448,467,505,505,24,74,93,112,150,169,218,218,218],"floor_reached":16,"playtime":1459,"items_purged":[],"score":116,"play_id":"86cb70dc-50d0-4107-9160-6886490880d6","local_time":"20190523220615","daily_mods":["Heirloom","Vintage","DeadlyEvents"],"is_ascension_mode":false,"campfire_choices":[{"floor":15,"key":"REST"}],"neow_cost":"","seed_source_timestamp":0,"circlet_count":0,"master_deck":["Defend_G","Defend_G","Defend_G","Defend_G","Strike_G","Strike_G","Strike_G","Strike_G+1","Strike_G+1","Survivor","Neutralize","Injury","Blade Dance","After Image","Infinite Blades","Crippling Poison"],"special_seed":18040,"relics":["Ring of the Snake","Old Coin","Singing Bowl","Bottled Flame","Golden Idol","Gremlin Horn","Potion Belt","Blood Vial","Strawberry","Mummified Hand","Whetstone","Sundial","Bottled Tornado","Omamori","Art of War","Tiny Chest"],"potions_floor_usage":[6,12,16],"damage_taken":[{"damage":1,"enemies":"2 Louse","floor":1,"turns":3},{"damage":2,"enemies":"Small Slimes","floor":2,"turns":3},{"damage":1,"enemies":"Cultist","floor":4,"turns":5},{"damage":9,"enemies":"Large Slime","floor":5,"turns":9},{"damage":24,"enemies":"3 Sentries","floor":6,"turns":14},{"damage":3,"enemies":"Blue Slaver","floor":10,"turns":3},{"damage":0,"enemies":"2 Fungi Beasts","floor":11,"turns":3},{"damage":24,"enemies":"Gremlin Nob","floor":12,"turns":5},{"damage":1,"enemies":"Gremlin Gang","floor":13,"turns":3},{"damage":0,"enemies":"Lots of Slimes","floor":14,"turns":3},{"damage":65,"enemies":"The Guardian","floor":16,"turns":17}],"seed_played":"8609571646194855566","potions_obtained":[{"floor":2,"key":"GhostInAJar"},{"floor":6,"key":"Regen Potion"},{"floor":12,"key":"Swift Potion"}],"is_trial":false,"path_per_floor":["M","M","?","M","M","E","?","$","T","M","M","E","M","M","R","B"],"character_chosen":"THE_SILENT","items_purchased":["Strawberry","Mummified Hand","Infinite Blades"],"campfire_rested":1,"item_purchase_floors":[8,8,8],"current_hp_per_floor":[69,67,67,66,57,33,33,40,40,39,41,33,34,36,59,0],"gold":218,"neow_bonus":"","is_prod":false,"is_daily":true,"chose_seed":false,"campfire_upgraded":0,"win_rate":0,"timestamp":1558663575,"path_taken":["M","M","?","M","M","E","?","$","T","M","M","E","M","M","R","BOSS"],"build_version":"2019-01-23","purchased_purges":0,"victory":false,"max_hp_per_floor":[70,70,70,70,70,70,70,77,77,77,77,77,77,77,77,77],"card_choices":[{"not_picked":["PiercingWail","Outmaneuver"],"picked":"Blade Dance","floor":6},{"not_picked":["Masterful Stab","Unload"],"picked":"Crippling Poison","floor":12}],"player_experience":699688,"relics_obtained":[{"floor":1,"key":"Singing Bowl"},{"floor":2,"key":"Bottled Flame"},{"floor":4,"key":"Gremlin Horn"},{"floor":5,"key":"Potion Belt"},{"floor":6,"key":"Blood Vial"},{"floor":9,"key":"Whetstone"},{"floor":10,"key":"Sundial"},{"floor":11,"key":"Bottled Tornado"},{"floor":12,"key":"Omamori"},{"floor":13,"key":"Art of War"},{"floor":14,"key":"Tiny Chest"}],"event_choices":[{"damage_healed":0,"gold_gain":0,"player_choice":"Take Wound","damage_taken":0,"relics_obtained":["Golden Idol"],"max_hp_gain":0,"max_hp_loss":0,"event_name":"Golden Idol","floor":3,"gold_loss":0,"cards_obtained":["Injury"]},{"damage_healed":0,"gold_gain":0,"cards_transformed":["Defend_G"],"player_choice":"Change","damage_taken":0,"max_hp_gain":0,"max_hp_loss":0,"event_name":"Living Wall","floor":7,"gold_loss":0,"cards_obtained":["After Image"]}],"is_beta":false,"boss_relics":[],"items_purged_floors":[],"is_endless":false,"potions_floor_spawned":[2,6,12],"killed_by":"The Guardian","ascension_level":0}