{"gold_per_floor":[113,127,143,160,173,173,199,211,211,222,222,238,238,238,238,311,311,324,324,150,160,85,85,115,115,196,146,146],"floor_reached":28,"playtime":954,"items_purged":["Strike_R","Strike_R"],"score":480,"play_id":"95d952c2-2d63-446a-bde1-f4081964848b","local_time":"20190922151337","is_ascension_mode":true,"campfire_choices":[{"data":"Clothesline","floor":6,"key":"SMITH"},{"floor":11,"key":"REST"},{"data":"Limit Break","floor":13,"key":"SMITH"},{"floor":15,"key":"REST"},{"floor":23,"key":"REST"},{"data":"Metallicize","floor":25,"key":"SMITH"}],"neow_cost":"NONE","seed_source_timestamp":485454788616800,"circlet_count":0,"master_deck":["AscendersBane","Strike_R","Strike_R","Defend_R","Defend_R","Defend_R","Defend_R","Bash","Ghostly Armor","Wild Strike","Clothesline+1","Ghostly Armor","Limit Break+1","Fire Breathing","Spot Weakness+1","Shrug It Off","Reaper","Anger","Heavy Blade","Ghostly Armor","Metallicize","Inflame+1","Metallicize+1"],"relics":["Burning Blood","Smiling Mask","Letter Opener","Shuriken","Sozu","Happy Flower","Darkstone Periapt"],"potions_floor_usage":[4,7,8,21],"damage_taken":[{"damage":2,"enemies":"Cultist","floor":1,"turns":4},{"damage":0,"enemies":"2 Louse","floor":2,"turns":4},{"damage":4,"enemies":"Jaw Worm","floor":3,"turns":5},{"damage":20,"enemies":"Red Slaver","floor":4,"turns":6},{"damage":4,"enemies":"3 Louse","floor":5,"turns":5},{"damage":42,"enemies":"Gremlin Nob","floor":7,"turns":5},{"damage":25,"enemies":"Large Slime","floor":8,"turns":8},{"damage":4,"enemies":"Blue Slaver","floor":10,"turns":5},{"damage":0,"enemies":"2 Fungi Beasts","floor":12,"turns":4},{"damage":54,"enemies":"Hexaghost","floor":16,"turns":11},{"damage":31,"enemies":"Shell Parasite","floor":18,"turns":10},{"damage":57,"enemies":"3 Byrds","floor":21,"turns":11},{"damage":40,"enemies":"Gremlin Leader","floor":24,"turns":9},{"damage":53,"enemies":"3 Cultists","floor":28,"turns":5}],"seed_played":"-5120707027635870085","potions_obtained":[{"floor":2,"key":"Weak Potion"},{"floor":3,"key":"Swift Potion"},{"floor":4,"key":"GamblersBrew"},{"floor":5,"key":"SkillPotion"},{"floor":16,"key":"Block Potion"}],"is_trial":false,"path_per_floor":["M","M","M","M","M","R","E","M","T","M","R","M","R","?","R","B",null,"M","?","$","M","?","R","E","R","T","$","M"],"character_chosen":"IRONCLAD","items_purchased":["Ghostly Armor","Metallicize"],"campfire_rested":3,"item_purchase_floors":[20,20],"current_hp_per_floor":[72,75,75,61,63,63,27,8,8,10,32,38,38,38,60,12,59,64,64,64,31,31,53,47,47,47,47,0],"gold":146,"neow_bonus":"RANDOM_COMMON_RELIC","is_prod":false,"is_daily":false,"chose_seed":false,"campfire_upgraded":3,"win_rate":0,"timestamp":1569190417,"path_taken":["M","M","M","?","M","R","E","M","T","M","R","?","R","?","R","BOSS","M","?","$","M","?","R","E","R","T","?","?"],"build_version":"2019-09-20","purchased_purges":2,"victory":false,"max_hp_per_floor":[75,75,75,75,75,75,75,75,75,75,75,75,75,75,75,75,75,75,75,75,75,75,75,75,75,75,75,75],"card_choices":[{"not_picked":["Cleave","Searing Blow"],"picked":"Ghostly Armor","floor":1},{"not_picked":["Perfected Strike","Shrug It Off"],"picked":"Wild Strike","floor":2},{"not_picked":["True Grit","Thunderclap"],"picked":"Clothesline","floor":3},{"not_picked":["Corruption","Bloodletting"],"picked":"Ghostly Armor","floor":4},{"not_picked":["Flame Barrier","Sentinel"],"picked":"Limit Break","floor":5},{"not_picked":["Armaments","Clothesline","Clash"],"picked":"SKIP","floor":7},{"not_picked":["Heavy Blade","Infernal Blade"],"picked":"Fire Breathing","floor":8},{"not_picked":["Havoc","Battle Trance"],"picked":"Spot Weakness","floor":10},{"not_picked":["Clash","Sever Soul"],"picked":"Shrug It Off","floor":12},{"not_picked":["Demon Form","Brutality"],"picked":"Reaper","floor":16},{"not_picked":["True Grit","Burning Pact"],"picked":"Anger","floor":18},{"not_picked":["Clothesline","Ghostly Armor"],"picked":"Inflame+1","floor":21},{"not_picked":["Havoc","Infernal Blade"],"picked":"Metallicize","floor":24}],"player_experience":970584,"relics_obtained":[{"floor":7,"key":"Letter Opener"},{"floor":9,"key":"Shuriken"},{"floor":24,"key":"Happy Flower"},{"floor":26,"key":"Darkstone Periapt"}],"event_choices":[{"damage_healed":0,"gold_gain":0,"player_choice":"Upgraded","damage_taken":0,"max_hp_gain":0,"max_hp_loss":0,"event_name":"Upgrade Shrine","floor":14,"gold_loss":0,"cards_upgraded":["Spot Weakness"]},{"damage_healed":0,"gold_gain":0,"player_choice":"Read","damage_taken":0,"max_hp_gain":0,"max_hp_loss":0,"event_name":"The Library","floor":19,"gold_loss":0,"cards_obtained":["Heavy Blade"]},{"cards_removed":["Strike_R"],"damage_healed":0,"gold_gain":0,"player_choice":"Gave Gold","damage_taken":0,"max_hp_gain":0,"max_hp_loss":0,"event_name":"Beggar","floor":22,"gold_loss":75}],"is_beta":true,"boss_relics":[{"not_picked":["Pandora\u0027s Box","Fusion Hammer"],"picked":"Sozu"}],"items_purged_floors":[20,27],"is_endless":false,"potions_floor_spawned":[2,3,4,5,16,18,21],"killed_by":"3 Cultists","ascension_level":20}