{"gold_per_floor":[144,189,189,189,238,238,238,287,287,4,53,151,23,121,121,446,446,495,495,3,52,101,101,199,199,199,199,248,346,371,696,696,1021,1021,1070,42,42,91,424,514,8,8,33,90,147,249,306,318,330,342],"floor_reached":51,"playtime":3494,"items_purged":[],"score":928,"play_id":"e88d06b3-0081-408e-a3a6-c552b175214e","local_time":"20190506051005","daily_mods":["Chimera","Colorless Cards","Midas"],"is_ascension_mode":false,"campfire_choices":[{"floor":15,"key":"REST"},{"floor":23,"key":"REST"},{"floor":27,"key":"REST"},{"floor":32,"key":"REST"},{"floor":42,"key":"REST"},{"data":"1","floor":49,"key":"LIFT"}],"neow_cost":"","seed_source_timestamp":0,"circlet_count":0,"master_deck":["Bash+1","Survivor","Zap","Strike_R+1","Strike_G","Strike_B","Defend_R","Defend_G","Defend_B","Flex","Injury","Perfected Strike","Metallicize","Madness+1","Swift Strike","Slice","Jack Of All Trades+1","Shrug It Off+1","Metallicize","All For One","Gash+1","Apotheosis+1","Double Energy+1","Inflame","Deadly Poison+1","Skewer","All Out Attack","Escape Plan+1","After Image","Good Instincts+1","Rage+1","Enlightenment+1","Bandage Up+1","Finesse+1","Steam Power+1","Turbo+1","Deep Breath+1","Havoc+1","Flex+1","Deadly Poison+1","Capacitor+1","Die Die Die+1","Discovery+1"],"special_seed":18022,"relics":["Burning Blood","Ginger","Toxic Egg 2","Letter Opener","PrismaticShard","Regal Pillow","Potion Belt","Black Star","CultistMask","Blood Vial","Art of War","Bag of Marbles","Smiling Mask","Ice Cream","Champion Belt","The Courier","WingedGreaves","Happy Flower","StoneCalendar","Self Forming Clay","Lizard Tail","Brimstone","Mercury Hourglass","Dream Catcher","Paper Frog","Ancient Tea Set","Bottled Tornado","Frozen Egg 2","Bag of Preparation","Dead Branch","Molten Egg 2","MawBank","Girya","Darkstone Periapt"],"potions_floor_usage":[12,12,29,31,31,50,50],"damage_taken":[{"damage":16,"enemies":"Jaw Worm","floor":1,"turns":4},{"damage":3,"enemies":"Small Slimes","floor":2,"turns":4},{"damage":7,"enemies":"2 Louse","floor":5,"turns":2},{"damage":22,"enemies":"Large Slime","floor":8,"turns":5},{"damage":10,"enemies":"Lots of Slimes","floor":11,"turns":5},{"damage":7,"enemies":"3 Sentries","floor":12,"turns":5},{"damage":9,"enemies":"Lagavulin","floor":14,"turns":5},{"damage":49,"enemies":"Slime Boss","floor":16,"turns":13},{"damage":18,"enemies":"2 Thieves","floor":18,"turns":4},{"damage":10,"enemies":"Spheric Guardian","floor":21,"turns":4},{"damage":13,"enemies":"Chosen and Byrds","floor":22,"turns":6},{"damage":26,"enemies":"Gremlin Leader","floor":24,"turns":6},{"damage":24,"enemies":"Snake Plant","floor":28,"turns":5},{"damage":29,"enemies":"Slavers","floor":29,"turns":4},{"damage":21,"enemies":"Colosseum Slavers","floor":31,"turns":4},{"damage":24,"enemies":"Colosseum Nobs","floor":31,"turns":5},{"damage":29,"enemies":"Collector","floor":33,"turns":7},{"damage":5,"enemies":"Orb Walker","floor":35,"turns":3},{"damage":26,"enemies":"3 Darklings","floor":38,"turns":3},{"damage":44,"enemies":"Reptomancer","floor":40,"turns":6},{"damage":0,"enemies":"Spire Growth","floor":44,"turns":2},{"damage":0,"enemies":"Sphere and 2 Shapes","floor":45,"turns":2},{"damage":5,"enemies":"Giant Head","floor":46,"turns":3},{"damage":10,"enemies":"3 Darklings","floor":47,"turns":3},{"damage":0,"enemies":"Awakened One","floor":50,"turns":5}],"seed_played":"2603549402228900304","potions_obtained":[{"floor":5,"key":"BloodPotion"},{"floor":8,"key":"PowerPotion"},{"floor":16,"key":"Energy Potion"},{"floor":22,"key":"Weak Potion"},{"floor":28,"key":"BloodPotion"},{"floor":31,"key":"SmokeBomb"},{"floor":33,"key":"SteroidPotion"},{"floor":35,"key":"GamblersBrew"},{"floor":40,"key":"FairyPotion"},{"floor":44,"key":"EssenceOfSteel"},{"floor":45,"key":"Poison Potion"}],"is_trial":false,"path_per_floor":["M","M","?","?","M","?","T","M","T","$","M","E","$","E","R","B",null,"M","?","$","M","M","R","E","?","T","R","M","E","T","?","R","B",null,"M","$","?","M","?","E","$","R","T","M","M","E","M","?","R","B",null],"character_chosen":"IRONCLAD","items_purchased":["PrismaticShard","Madness+1","Jack Of All Trades+1","Shrug It Off+1","Apotheosis+1","Blood Vial","Art of War","Brimstone","Mercury Hourglass","Dream Catcher","Rage+1","Paper Frog","Ancient Tea Set","Bottled Tornado","Dead Branch","Molten Egg 2","Deep Breath+1"],"campfire_rested":5,"item_purchase_floors":[10,10,13,13,20,20,20,36,36,36,36,36,36,36,41,41,41],"current_hp_per_floor":[70,73,73,57,56,49,49,33,33,33,29,36,36,33,72,29,80,68,68,68,66,61,80,60,60,60,80,62,49,49,20,59,38,80,80,80,70,52,52,22,22,61,61,69,80,80,80,80,80,80],"gold":354,"neow_bonus":"","is_prod":false,"is_daily":true,"chose_seed":false,"campfire_upgraded":0,"win_rate":0,"timestamp":1557133805,"path_taken":["M","M","?","?","M","?","?","M","T","$","M","E","$","E","R","BOSS","M","?","$","?","M","R","E","?","T","R","M","E","?","?","R","BOSS","M","$","?","M","?","E","?","R","T","M","M","E","M","?","R","BOSS"],"build_version":"2019-01-23","purchased_purges":0,"victory":true,"max_hp_per_floor":[80,80,80,80,80,80,80,80,80,80,80,80,80,80,80,80,80,80,80,80,80,80,80,80,80,80,80,80,80,80,80,80,80,80,80,80,80,80,80,80,80,80,80,80,80,80,80,80,80,80],"card_choices":[{"not_picked":["Wild Strike","Dual Wield"],"picked":"Clothesline","floor":1},{"not_picked":["Second Wind","Havoc"],"picked":"Flex","floor":2},{"not_picked":["Headbutt","Wild Strike"],"picked":"Perfected Strike","floor":5},{"not_picked":["Wild Strike","Twin Strike"],"picked":"Metallicize","floor":8},{"not_picked":["Blind+1","Pommel Strike"],"picked":"Swift Strike","floor":11},{"not_picked":["Clothesline","Deadly Poison+1"],"picked":"Slice","floor":12},{"not_picked":["Forethought+1","Steam+1"],"picked":"Metallicize","floor":14},{"not_picked":["Exhume+1","Echo Form"],"picked":"All For One","floor":16},{"not_picked":["Thunderclap+1","Sunder"],"picked":"Gash+1","floor":18},{"not_picked":["Deflect+1","Conserve Battery+1"],"picked":"Double Energy+1","floor":21},{"not_picked":["Heatsinks","Eviscerate"],"picked":"Inflame","floor":22},{"not_picked":["Iron Wave","Reboot+1"],"picked":"Deadly Poison+1","floor":24},{"not_picked":["Skim+1","Lockon"],"picked":"Skewer","floor":28},{"not_picked":["Thunderclap","Steam+1"],"picked":"All Out Attack","floor":29},{"not_picked":["Masterful Stab","Fusion+1"],"picked":"Escape Plan+1","floor":31},{"not_picked":["Transmutation+1","Unload"],"picked":"After Image","floor":33},{"not_picked":["Recycle+1","Clash+1"],"picked":"Good Instincts+1","floor":35},{"not_picked":["Secret Weapon+1","Violence+1"],"picked":"Enlightenment+1","floor":37},{"not_picked":["PanicButton+1","Jack Of All Trades+1"],"picked":"Bandage Up+1","floor":37},{"not_picked":["Panacea+1","The Bomb+1"],"picked":"Finesse+1","floor":37},{"not_picked":["Underhanded Strike+1","Genetic Algorithm+1"],"picked":"Steam Power+1","floor":38},{"not_picked":["Leap+1","Rebound+1"],"picked":"Turbo+1","floor":40},{"not_picked":["Warcry+1","Clash+1"],"picked":"Havoc+1","floor":42},{"not_picked":["Defragment+1","Bloodletting+1"],"picked":"Flex+1","floor":44},{"not_picked":["Setup+1","Disarm+1"],"picked":"Deadly Poison+1","floor":45},{"not_picked":["Blade Dance+1","Deep Breath+1"],"picked":"Capacitor+1","floor":46},{"not_picked":["Perfected Strike+1","Reinforced Body+1"],"picked":"Die Die Die+1","floor":47}],"player_experience":637614,"relics_obtained":[{"floor":7,"key":"Toxic Egg 2"},{"floor":9,"key":"Letter Opener"},{"floor":12,"key":"Regal Pillow"},{"floor":14,"key":"Potion Belt"},{"floor":24,"key":"Bag of Marbles"},{"floor":24,"key":"Smiling Mask"},{"floor":26,"key":"Champion Belt"},{"floor":29,"key":"The Courier"},{"floor":29,"key":"WingedGreaves"},{"floor":30,"key":"Happy Flower"},{"floor":31,"key":"StoneCalendar"},{"floor":31,"key":"Self Forming Clay"},{"floor":40,"key":"Frozen Egg 2"},{"floor":40,"key":"Bag of Preparation"},{"floor":43,"key":"MawBank"},{"floor":46,"key":"Girya"},{"floor":46,"key":"Darkstone Periapt"}],"event_choices":[{"damage_healed":0,"gold_gain":0,"player_choice":"Take Wound","damage_taken":0,"relics_obtained":["Golden Idol"],"max_hp_gain":0,"max_hp_loss":0,"event_name":"Golden Idol","floor":3,"gold_loss":0,"cards_obtained":["Injury"]},{"damage_healed":0,"gold_gain":0,"player_choice":"Entered Light","damage_taken":16,"max_hp_gain":0,"max_hp_loss":0,"event_name":"Shining Light","floor":4,"gold_loss":0,"cards_upgraded":["Strike_R","Bash"]},{"damage_healed":0,"gold_gain":0,"player_choice":"Success","damage_taken":7,"relics_obtained":["Ginger"],"max_hp_gain":0,"max_hp_loss":0,"event_name":"Scrap Ooze","floor":6,"gold_loss":0},{"damage_healed":0,"gold_gain":0,"player_choice":"Trade","damage_taken":0,"relics_obtained":["CultistMask"],"max_hp_gain":0,"max_hp_loss":0,"event_name":"FaceTrader","floor":19,"gold_loss":0},{"damage_healed":0,"gold_gain":0,"player_choice":"Opened","damage_taken":0,"relics_obtained":["Ice Cream"],"max_hp_gain":0,"max_hp_loss":0,"event_name":"The Mausoleum","floor":25,"gold_loss":0},{"damage_healed":0,"gold_gain":0,"player_choice":"Fight","damage_taken":0,"max_hp_gain":0,"max_hp_loss":0,"event_name":"Colosseum","floor":31,"gold_loss":0},{"damage_healed":0,"gold_gain":0,"player_choice":"Fought Nobs","damage_taken":0,"max_hp_gain":0,"max_hp_loss":0,"event_name":"Colosseum","floor":31,"gold_loss":0},{"damage_healed":0,"gold_gain":0,"player_choice":"Memory 3","damage_taken":10,"max_hp_gain":0,"max_hp_loss":0,"event_name":"SensoryStone","floor":37,"gold_loss":0},{"damage_healed":0,"gold_gain":333,"player_choice":"Gave Idol","damage_taken":0,"max_hp_gain":0,"max_hp_loss":0,"event_name":"The Moai Head","floor":39,"relics_lost":["Golden Idol"],"gold_loss":0},{"damage_healed":0,"gold_gain":0,"cards_transformed":["Clothesline"],"player_choice":"Transformed","damage_taken":0,"max_hp_gain":0,"max_hp_loss":0,"event_name":"Transmorgrifier","floor":48,"gold_loss":0,"cards_obtained":["Discovery"]}],"is_beta":false,"boss_relics":[{"not_picked":["Empty Cage","Pandora\u0027s Box"],"picked":"Black Star"},{"not_picked":["Cursed Key","Astrolabe"],"picked":"Lizard Tail"}],"items_purged_floors":[],"is_endless":false,"potions_floor_spawned":[5,8,16,22,28,31,31,33,35,40,44,45],"ascension_level":0}