{"gold_per_floor":[111,124,134,134,51,51,51,69,120,181,196,196,215,258,258,258],"floor_reached":16,"playtime":463,"items_purged":[],"score":224,"play_id":"b9078603-82b0-44d0-a61e-2754b74d93e8","local_time":"20190922132000","is_ascension_mode":true,"campfire_choices":[{"data":"Juggernaut","floor":6,"key":"SMITH"},{"floor":15,"key":"REST"}],"neow_cost":"NONE","seed_source_timestamp":479129281912700,"circlet_count":0,"master_deck":["AscendersBane","Strike_R","Strike_R","Strike_R","Strike_R","Strike_R","Defend_R","Defend_R","Defend_R","Defend_R","Bash","Juggernaut+1","Wild Strike+1","Shrug It Off","Feel No Pain","Feed","True Grit","Uppercut","Ghostly Armor","Corruption"],"relics":["Burning Blood","Golden Idol","Potion Belt","Tiny Chest","Nunchaku"],"potions_floor_usage":[10,14,14],"damage_taken":[{"damage":1,"enemies":"2 Louse","floor":1,"turns":3},{"damage":9,"enemies":"Jaw Worm","floor":2,"turns":5},{"damage":2,"enemies":"Small Slimes","floor":3,"turns":4},{"damage":16,"enemies":"2 Fungi Beasts","floor":8,"turns":3},{"damage":18,"enemies":"3 Sentries","floor":10,"turns":6},{"damage":19,"enemies":"Exordium Wildlife","floor":11,"turns":5},{"damage":12,"enemies":"Large Slime","floor":13,"turns":6},{"damage":15,"enemies":"Gremlin Nob","floor":14,"turns":4},{"damage":30,"enemies":"Slime Boss","floor":16,"turns":9}],"seed_played":"4783579305882220004","potions_obtained":[{"floor":2,"key":"SpeedPotion"},{"floor":11,"key":"Ancient Potion"},{"floor":13,"key":"AttackPotion"}],"is_trial":false,"path_per_floor":["M","M","M","?","$","R","?","M","T","E","M","?","M","E","R","B"],"character_chosen":"IRONCLAD","items_purchased":["Feed"],"campfire_rested":1,"item_purchase_floors":[5],"current_hp_per_floor":[73,70,74,48,48,48,48,41,41,32,22,22,19,13,40,10],"gold":258,"neow_bonus":"ONE_RANDOM_RARE_CARD","is_prod":false,"is_daily":false,"chose_seed":false,"campfire_upgraded":1,"win_rate":0,"timestamp":1569183600,"path_taken":["M","M","M","?","$","R","?","M","T","E","M","?","?","E","R","BOSS"],"build_version":"2019-09-20","purchased_purges":0,"victory":false,"max_hp_per_floor":[75,75,75,75,75,75,75,78,78,81,84,84,87,90,90,90],"card_choices":[{"not_picked":["Perfected Strike","Armaments"],"picked":"Wild Strike","floor":1},{"not_picked":["Headbutt","Armaments"],"picked":"Shrug It Off","floor":2},{"not_picked":["Reckless Charge","Dropkick"],"picked":"Feel No Pain","floor":3},{"not_picked":["Bloodletting","Double Tap"],"picked":"True Grit","floor":8},{"not_picked":["Pummel","Spot Weakness","Flex"],"picked":"SKIP","floor":10},{"not_picked":["Twin Strike","Perfected Strike"],"picked":"Uppercut","floor":11},{"not_picked":["Intimidate","Uppercut"],"picked":"Ghostly Armor","floor":13},{"not_picked":["Clash","Heavy Blade"],"picked":"Corruption","floor":14}],"player_experience":964528,"relics_obtained":[{"floor":9,"key":"Potion Belt"},{"floor":10,"key":"Tiny Chest"},{"floor":14,"key":"Nunchaku"}],"event_choices":[{"damage_healed":0,"gold_gain":0,"player_choice":"Take Damage","damage_taken":26,"relics_obtained":["Golden Idol"],"max_hp_gain":0,"max_hp_loss":0,"event_name":"Golden Idol","floor":4,"gold_loss":0},{"damage_healed":0,"gold_gain":0,"player_choice":"Grow","damage_taken":0,"max_hp_gain":0,"max_hp_loss":0,"event_name":"Living Wall","floor":7,"gold_loss":0,"cards_upgraded":["Wild Strike"]},{"damage_healed":0,"gold_gain":0,"player_choice":"Ignored","damage_taken":0,"max_hp_gain":0,"max_hp_loss":0,"event_name":"Liars Game","floor":12,"gold_loss":0}],"is_beta":true,"boss_relics":[],"items_purged_floors":[],"is_endless":false,"potions_floor_spawned":[2,11,13],"killed_by":"Slime Boss","ascension_level":20}