{"gold_per_floor":[114,125,50,63,63,63,97,97,146,172,172,203,219,246,246,246],"floor_reached":16,"playtime":509,"items_purged":[],"score":256,"play_id":"83478e52-3cbf-42c3-a1ae-0064e582aa09","local_time":"20190923221557","is_ascension_mode":true,"campfire_choices":[{"data":"Carnage","floor":6,"key":"SMITH"},{"data":"Rage","floor":8,"key":"SMITH"},{"data":"Trip","floor":15,"key":"SMITH"}],"neow_cost":"NONE","seed_source_timestamp":597643216424600,"circlet_count":0,"master_deck":["AscendersBane","Strike_R","Strike_R","Strike_R","Strike_R","Defend_R","Defend_R","Defend_R","Defend_R","Bash","Trip+1","Carnage+1","Rage+1","Shrug It Off","Shrug It Off"],"relics":["Burning Blood","Happy Flower","Omamori","Smiling Mask","Question Card","Mummified Hand","Molten Egg 2"],"potions_floor_usage":[16,16],"damage_taken":[{"damage":11,"enemies":"Jaw Worm","floor":1,"turns":5},{"damage":5,"enemies":"Small Slimes","floor":2,"turns":2},{"damage":7,"enemies":"Cultist","floor":4,"turns":4},{"damage":10,"enemies":"Gremlin Nob","floor":7,"turns":3},{"damage":25,"enemies":"3 Sentries","floor":10,"turns":9},{"damage":8,"enemies":"Gremlin Nob","floor":12,"turns":3},{"damage":3,"enemies":"Looter","floor":13,"turns":3},{"damage":22,"enemies":"3 Sentries","floor":14,"turns":9},{"damage":34,"enemies":"The Guardian","floor":16,"turns":10}],"seed_played":"-4392887042370098187","potions_obtained":[{"floor":1,"key":"Weak Potion"},{"floor":7,"key":"Explosive Potion"},{"floor":12,"key":"PowerPotion"}],"is_trial":false,"path_per_floor":["M","M","?","M","?","R","E","R","T","E","T","E","M","E","R","B"],"character_chosen":"IRONCLAD","items_purchased":[],"campfire_rested":0,"item_purchase_floors":[],"current_hp_per_floor":[63,64,64,63,68,68,64,64,64,45,45,43,46,30,30,0],"gold":246,"neow_bonus":"RANDOM_COLORLESS","is_prod":false,"is_daily":false,"chose_seed":false,"campfire_upgraded":3,"win_rate":0,"timestamp":1569302157,"path_taken":["M","M","?","M","?","R","E","R","T","E","?","E","M","E","R","BOSS"],"build_version":"2019-09-23","purchased_purges":0,"victory":false,"max_hp_per_floor":[75,75,75,75,80,80,80,80,80,80,80,80,80,80,80,80],"card_choices":[{"not_picked":["Pummel","Havoc"],"picked":"Carnage","floor":1},{"not_picked":["Clash","Body Slam","Burning Pact"],"picked":"SKIP","floor":2},{"not_picked":["Iron Wave","Sentinel","Flex"],"picked":"SKIP","floor":4},{"not_picked":["Warcry","Burning Pact"],"picked":"Rage","floor":7},{"not_picked":["Havoc","Body Slam","Thunderclap"],"picked":"SKIP","floor":10},{"not_picked":["Intimidate","Fire Breathing","Infernal Blade"],"picked":"Shrug It Off","floor":12},{"not_picked":["Armaments","Exhume","Cleave","Twin Strike"],"picked":"SKIP","floor":13},{"not_picked":["Armaments","Sever Soul","Pommel Strike"],"picked":"Shrug It Off","floor":14}],"player_experience":996464,"relics_obtained":[{"floor":7,"key":"Happy Flower"},{"floor":9,"key":"Omamori"},{"floor":10,"key":"Smiling Mask"},{"floor":11,"key":"Question Card"},{"floor":12,"key":"Mummified Hand"},{"floor":14,"key":"Molten Egg 2"}],"event_choices":[{"cards_removed":["Strike_R"],"damage_healed":0,"gold_gain":0,"player_choice":"Card Removal","damage_taken":0,"max_hp_gain":0,"max_hp_loss":0,"event_name":"The Cleric","floor":3,"gold_loss":75},{"damage_healed":0,"gold_gain":0,"player_choice":"Donut","damage_taken":0,"max_hp_gain":5,"max_hp_loss":0,"event_name":"Big Fish","floor":5,"gold_loss":0}],"is_beta":true,"boss_relics":[],"items_purged_floors":[],"is_endless":false,"potions_floor_spawned":[1,7,12,13],"killed_by":"The Guardian","ascension_level":20}