{"gold_per_floor":[116,132,144,144,160,160,187,187,187,212,162,179,179,35,35,35],"floor_reached":16,"playtime":1846,"items_purged":["Defend_B"],"score":187,"play_id":"166d900c-81a1-4645-9d1e-a12a34d517d2","local_time":"20190924005020","is_ascension_mode":true,"campfire_choices":[{"data":"Hologram","floor":6,"key":"SMITH"},{"floor":8,"key":"REST"},{"floor":15,"key":"REST"}],"neow_cost":"NONE","seed_source_timestamp":1305927374827902,"circlet_count":0,"master_deck":["AscendersBane","Strike_B","Strike_B","Strike_B","Defend_B","Defend_B","Defend_B","Zap","Dualcast","Beam Cell","Go for the Eyes","Hologram+1","Loop","Echo Form","Stack","Cold Snap","Self Repair","Leap"],"relics":["Runic Pyramid","Dream Catcher","Juzu Bracelet","Mercury Hourglass","Golden Idol"],"potions_floor_usage":[2,10,12],"damage_taken":[{"damage":3,"enemies":"Jaw Worm","floor":1,"turns":4},{"damage":1,"enemies":"Small Slimes","floor":2,"turns":3},{"damage":0,"enemies":"Cultist","floor":3,"turns":3},{"damage":18,"enemies":"Exordium Thugs","floor":5,"turns":6},{"damage":30,"enemies":"Gremlin Nob","floor":7,"turns":5},{"damage":27,"enemies":"3 Sentries","floor":10,"turns":7},{"damage":0,"enemies":"Lots of Slimes","floor":12,"turns":1},{"damage":30,"enemies":"Slime Boss","floor":16,"turns":10}],"seed_played":"-6134495309779080531","potions_obtained":[{"floor":1,"key":"SkillPotion"},{"floor":2,"key":"FairyPotion"},{"floor":7,"key":"FearPotion"},{"floor":10,"key":"Explosive Potion"}],"is_trial":false,"path_per_floor":["M","M","M","?","M","R","E","R","T","E","?","M","?","$","R","B"],"character_chosen":"DEFECT","items_purchased":["Self Repair"],"campfire_rested":2,"item_purchase_floors":[14],"current_hp_per_floor":[61,60,60,60,42,42,12,33,33,6,6,6,7,7,28,0],"gold":35,"neow_bonus":"BOSS_RELIC","is_prod":false,"is_daily":false,"chose_seed":false,"campfire_upgraded":1,"win_rate":0,"timestamp":1569300620,"path_taken":["M","M","M","?","M","R","E","R","T","E","?","M","?","$","R","BOSS"],"build_version":"2019-07-17","purchased_purges":1,"victory":false,"max_hp_per_floor":[71,71,71,71,71,71,71,71,71,71,71,71,71,71,71,71],"card_choices":[{"not_picked":["Compile Driver","Redo","Rebound"],"picked":"SKIP","floor":1},{"not_picked":["Fusion","Coolheaded"],"picked":"Beam Cell","floor":2},{"not_picked":["Storm","Cold Snap"],"picked":"Go for the Eyes","floor":3},{"not_picked":["Streamline","Ball Lightning"],"picked":"Hologram","floor":5},{"not_picked":["Darkness","Redo"],"picked":"Loop","floor":7},{"not_picked":["FTL","Go for the Eyes"],"picked":"Echo Form","floor":8},{"not_picked":["Redo","Barrage"],"picked":"Stack","floor":10},{"not_picked":["Chill","White Noise"],"picked":"Cold Snap","floor":12},{"not_picked":["Sweeping Beam","Reprogram"],"picked":"Leap","floor":15}],"player_experience":367757,"relics_obtained":[{"floor":7,"key":"Dream Catcher"},{"floor":9,"key":"Juzu Bracelet"},{"floor":10,"key":"Mercury Hourglass"}],"event_choices":[{"damage_healed":0,"gold_gain":0,"player_choice":"Ignored","damage_taken":0,"max_hp_gain":0,"max_hp_loss":0,"event_name":"Liars Game","floor":4,"gold_loss":0},{"cards_removed":["Strike_B"],"damage_healed":0,"gold_gain":0,"player_choice":"Card Removal","damage_taken":0,"max_hp_gain":0,"max_hp_loss":0,"event_name":"The Cleric","floor":11,"gold_loss":50},{"damage_healed":0,"gold_gain":0,"player_choice":"Take Damage","damage_taken":17,"relics_obtained":["Golden Idol"],"max_hp_gain":0,"max_hp_loss":0,"event_name":"Golden Idol","floor":13,"gold_loss":0}],"is_beta":false,"boss_relics":[],"items_purged_floors":[14],"is_endless":false,"potions_floor_spawned":[1,2,7,10],"killed_by":"Slime Boss","ascension_level":14}