{"gold_per_floor":[144,189,15,15,60,150,36,81,131,176,221,311,356,321,321,621,621,666,675,27,27,27,27,117,117,167,212,212,257,257,302,302,602,602,647,692,12,57,27,27,117,162,237,282,3,93,138,183,183,183],"floor_reached":51,"playtime":4836,"items_purged":[],"score":886,"play_id":"1de83a70-3dbd-4677-8338-06411b29068a","local_time":"20180704010426","daily_mods":["Allstar","Midas","Binary"],"is_ascension_mode":false,"campfire_choices":[{"floor":15,"key":"REST"},{"floor":23,"key":"DIG"},{"floor":25,"key":"DIG"},{"floor":28,"key":"DIG"},{"floor":32,"key":"REST"},{"floor":40,"key":"DIG"},{"floor":49,"key":"DIG"}],"neow_cost":"","seed_source_timestamp":0,"circlet_count":0,"master_deck":["Defend_G","Defend_G","Defend_G","Defend_G+1","Defend_G","Survivor","Neutralize","Swift Strike","Bandage Up+1","Jack Of All Trades","Flash of Steel","Enlightenment","Slice+1","Dagger Throw","Quick Slash","Deadly Poison+1","Dash","Noxious Fumes","Concentrate","Deflect","Outmaneuver","Backflip","Distraction","Bane","After Image","Slice","Riddle With Holes+1","Dagger Spray","Prepared","Catalyst","Finisher","Poisoned Stab+1","Bite","Bite","Bite","Bite","Bite","Quick Slash","Unload","All Out Attack","Flechettes","Setup","Footwork+1","Escape Plan","Poisoned Stab+1","Heel Hook+1","Cloak And Dagger","Panacea","Masterful Stab","Blur+1","Bouncing Flask","Distraction+1"],"special_seed":17716,"relics":["Ring of the Snake","Bag of Marbles","Oddly Smooth Stone","Unceasing Top","Runic Dome","Red Mask","Tiny Chest","Shovel","Whetstone","Strawberry","Anchor","The Courier","Letter Opener","War Paint","Centennial Puzzle","Fusion Hammer","Medical Kit","Boot","Vajra","Frozen Egg 2","Bronze Scales","Kunai","Matryoshka","Membership Card","Girya","Shuriken"],"potions_floor_usage":[6,16,16,16,29,31,33,41,44,46,50],"damage_taken":[{"damage":6,"enemies":"Jaw Worm","floor":1,"turns":5},{"damage":2,"enemies":"2 Louse","floor":2,"turns":2},{"damage":0,"enemies":"Cultist","floor":5,"turns":3},{"damage":29,"enemies":"Gremlin Nob","floor":6,"turns":4},{"damage":1,"enemies":"2 Fungi Beasts","floor":8,"turns":3},{"damage":0,"enemies":"Looter","floor":10,"turns":3},{"damage":7,"enemies":"3 Louse","floor":11,"turns":3},{"damage":3,"enemies":"3 Sentries","floor":12,"turns":9},{"damage":2,"enemies":"Red Slaver","floor":13,"turns":2},{"damage":6,"enemies":"Hexaghost","floor":16,"turns":7},{"damage":25,"enemies":"2 Thieves","floor":18,"turns":5},{"damage":10,"floor":19,"turns":4},{"damage":34,"enemies":"Gremlin Leader","floor":24,"turns":6},{"damage":0,"enemies":"Chosen","floor":27,"turns":2},{"damage":17,"enemies":"Sentry and Sphere","floor":29,"turns":4},{"damage":15,"enemies":"Snake Plant","floor":31,"turns":4},{"damage":49,"enemies":"Champ","floor":33,"turns":11},{"damage":0,"enemies":"3 Darklings","floor":35,"turns":3},{"damage":0,"enemies":"Orb Walker","floor":36,"turns":2},{"damage":19,"enemies":"4 Shapes","floor":38,"turns":2},{"damage":0,"enemies":"2 Orb Walkers","floor":41,"turns":3},{"damage":13,"enemies":"3 Darklings","floor":42,"turns":3},{"damage":17,"enemies":"Sphere and 2 Shapes","floor":44,"turns":4},{"damage":0,"floor":46,"turns":2},{"damage":3,"enemies":"Maw","floor":47,"turns":5},{"damage":0,"enemies":"3 Darklings","floor":48,"turns":2},{"damage":30,"enemies":"Awakened One","floor":50,"turns":10}],"seed_played":"-71874081359169380","potions_obtained":[{"floor":2,"key":"FearPotion"},{"floor":5,"key":"AttackPotion"},{"floor":11,"key":"GhostInAJar"},{"floor":13,"key":"Energy Potion"},{"floor":24,"key":"GamblersBrew"},{"floor":29,"key":"GamblersBrew"},{"floor":31,"key":"Energy Potion"},{"floor":35,"key":"GhostInAJar"},{"floor":36,"key":"Energy Potion"},{"floor":44,"key":"Explosive Potion"},{"floor":47,"key":"Poison Potion"}],"is_trial":false,"path_per_floor":["M","M","$","?","M","E","$","M","T","M","M","E","M","?","R","B",null,"M","?","$","T","?","R","E","R","T","M","R","M","?","M","R","B",null,"M","M","$","M","$","R","E","M","T","M","$","?","M","M","R","B"],"character_chosen":"THE_SILENT","items_purchased":["Blood Vial","Quick Slash","Noxious Fumes","Concentrate","Tiny Chest","Shovel","Whetstone","Dagger Spray","Prepared","Medical Kit","Boot","Vajra","Frozen Egg 2","Footwork+1","Membership Card","Cloak And Dagger","Panacea","Masterful Stab"],"campfire_rested":2,"item_purchase_floors":[3,3,7,7,20,20,20,20,20,37,37,37,37,39,45,45,45,45],"current_hp_per_floor":[68,68,68,54,60,37,37,42,42,48,47,50,50,67,70,64,70,45,41,41,48,48,48,20,20,20,22,22,7,7,8,31,14,77,77,77,77,62,62,62,72,63,63,60,60,72,74,77,77,57],"gold":183,"neow_bonus":"","is_prod":false,"is_daily":true,"chose_seed":false,"campfire_upgraded":0,"win_rate":0,"timestamp":1530680666,"path_taken":["M","M","$","?","M","E","$","M","T","M","M","E","?","?","R","BOSS","M","?","$","?","?","R","E","R","T","M","R","M","?","M","R","BOSS","M","?","$","M","$","R","E","M","T","M","$","?","M","M","R","BOSS"],"build_version":"2018-06-28","purchased_purges":0,"victory":true,"max_hp_per_floor":[70,70,70,70,70,70,70,70,70,70,70,70,70,70,70,70,70,70,70,70,77,77,77,77,77,77,77,77,77,77,77,77,77,77,77,77,77,77,77,77,77,77,77,77,77,77,77,77,77,77],"card_choices":[{"not_picked":["Prepared"],"picked":"Slice","floor":1},{"not_picked":["Endless Agony"],"picked":"Dagger Throw","floor":2},{"not_picked":["Dodge and Roll"],"picked":"Deadly Poison","floor":5},{"not_picked":["Night Terror"],"picked":"Dash","floor":6},{"not_picked":["Slice"],"picked":"Deflect","floor":8},{"not_picked":["Deflect"],"picked":"Outmaneuver","floor":10},{"not_picked":["Leg Sweep"],"picked":"Backflip","floor":11},{"not_picked":["Prepared"],"picked":"Distraction","floor":12},{"not_picked":["Cloak And Dagger"],"picked":"Bane","floor":13},{"not_picked":["Die Die Die"],"picked":"After Image","floor":16},{"not_picked":["Outmaneuver"],"picked":"Slice","floor":18},{"not_picked":["Outmaneuver"],"picked":"Riddle With Holes+1","floor":19},{"not_picked":["Dagger Throw"],"picked":"Catalyst","floor":24},{"not_picked":["Flying Knee"],"picked":"Finisher","floor":27},{"not_picked":["Terror"],"picked":"Poisoned Stab+1","floor":29},{"not_picked":["Predator"],"picked":"Quick Slash","floor":31},{"not_picked":["Doppelganger"],"picked":"Unload","floor":33},{"not_picked":["Deadly Poison+1"],"picked":"All Out Attack","floor":35},{"not_picked":["Deadly Poison+1"],"picked":"Flechettes","floor":36},{"not_picked":["Deflect+1"],"picked":"Setup","floor":38},{"not_picked":["Dodge and Roll+1"],"picked":"Escape Plan","floor":41},{"not_picked":["Catalyst"],"picked":"Poisoned Stab+1","floor":42},{"not_picked":["Dagger Throw+1"],"picked":"Heel Hook+1","floor":44},{"not_picked":["Cloak And Dagger+1"],"picked":"Blur+1","floor":46},{"not_picked":["Expertise+1"],"picked":"Bouncing Flask","floor":47},{"not_picked":["Acrobatics"],"picked":"Distraction+1","floor":48}],"player_experience":252460,"relics_obtained":[{"floor":6,"key":"Bag of Marbles"},{"floor":9,"key":"Oddly Smooth Stone"},{"floor":12,"key":"Unceasing Top"},{"floor":19,"key":"Red Mask"},{"floor":21,"key":"Strawberry"},{"floor":23,"key":"Anchor"},{"floor":24,"key":"The Courier"},{"floor":25,"key":"Letter Opener"},{"floor":26,"key":"War Paint"},{"floor":28,"key":"Centennial Puzzle"},{"floor":40,"key":"Bronze Scales"},{"floor":41,"key":"Kunai"},{"floor":43,"key":"Matryoshka"},{"floor":46,"key":"Girya"},{"floor":49,"key":"Shuriken"}],"event_choices":[{"event_name":"Shining Light","player_choice":"Entered Light","floor":4,"damage_taken":0},{"event_name":"The Cleric","player_choice":"Healed","floor":14,"damage_taken":0},{"event_name":"Masked Bandits","player_choice":"Fought over 666 gold","floor":19,"damage_taken":0},{"event_name":"Purifier","player_choice":"Skipped","floor":22,"damage_taken":0},{"event_name":"Vampires","player_choice":"Became a vampire (Vial)","floor":30,"damage_taken":0},{"event_name":"Mysterious Sphere","player_choice":"Fight","floor":46,"damage_taken":0}],"boss_relics":[{"not_picked":["White Beast Statue","Runic Pyramid"],"picked":"Runic Dome"},{"not_picked":["Pandora\u0027s Box","Black Star"],"picked":"Fusion Hammer"}],"items_purged_floors":[],"is_endless":false,"potions_floor_spawned":[2,5,11,13,24,29,31,35,36,44,47],"ascension_level":0}