{"path_per_floor":["M","?","?","$","M","R","M","M","T","?","M","M","E","M","R","B",null,"M","M","$","?","?","E","?","R","T","M","M","$","M","?","R"],"character_chosen":"THE_SILENT","items_purchased":["Caltrops","PiercingWail","Unceasing Top"],"gold_per_floor":[119,119,119,20,32,32,45,57,125,125,141,161,186,198,198,299,299,318,330,18,18,18,48,48,48,48,62,77,2,13,13,13,13],"floor_reached":33,"campfire_rested":0,"playtime":4173,"current_hp_per_floor":[67,60,46,46,46,46,46,37,37,37,42,46,26,23,23,21,70,56,43,43,43,43,21,21,21,21,47,36,36,20,26,26,0],"items_purged":["Normality"],"gold":13,"score":269,"play_id":"26cbb6ca-3138-405f-a0f2-261eb10caa5f","local_time":"20180521185539","is_prod":false,"is_daily":false,"chose_seed":false,"is_ascension_mode":false,"campfire_upgraded":4,"timestamp":1526943339,"campfire_choices":[{"data":"Caltrops","floor":6,"key":"SMITH"},{"data":"Dash","floor":15,"key":"SMITH"},{"data":"After Image","floor":25,"key":"SMITH"},{"data":"Predator","floor":32,"key":"SMITH"}],"path_taken":["M","?","?","$","M","R","?","M","T","?","M","M","E","M","R","BOSS","M","M","$","?","?","E","?","R","T","M","M","$","M","?","R","BOSS"],"build_version":"2018-05-17","seed_source_timestamp":16237259242966,"purchased_purges":1,"victory":false,"master_deck":["Defend_G","Defend_G","Defend_G","Defend_G","Defend_G","Strike_G","Strike_G+1","Strike_G","Strike_G","Strike_G","Survivor","Neutralize","Dagger Spray+1","Quick Slash","Caltrops+1","PiercingWail","Infinite Blades","Dash+1","Bane","Prepared","Heel Hook","Bouncing Flask","Deflect","After Image+1","Caltrops","Bouncing Flask+1","Flechettes","Predator+1","Prepared+1","Outmaneuver","Decay"],"max_hp_per_floor":[70,70,70,70,70,70,70,70,70,70,70,70,70,70,70,70,70,70,70,70,70,70,70,70,70,70,70,70,70,70,76,76,76],"relics":["Ring of the Snake","Lantern","Meat on the Bone","Boot","Darkstone Periapt","Lizard Tail","Unceasing Top","Dodecahedron","Potion Belt"],"card_choices":[{"not_picked":["Slice","Prepared"],"picked":"Dagger Spray","floor":0},{"not_picked":["Masterful Stab","Acrobatics"],"picked":"Quick Slash","floor":1},{"not_picked":["Dodge and Roll","Flying Knee"],"picked":"Infinite Blades","floor":5},{"not_picked":["Underhanded Strike","Unload"],"picked":"Dash","floor":7},{"not_picked":["Dagger Spray","Flechettes"],"picked":"Bane","floor":8},{"not_picked":["Quick Slash","Underhanded Strike"],"picked":"Prepared","floor":11},{"not_picked":["Masterful Stab","Underhanded Strike"],"picked":"Heel Hook","floor":12},{"not_picked":["Dash","Escape Plan"],"picked":"Bouncing Flask","floor":13},{"not_picked":["Underhanded Strike","Bane"],"picked":"Deflect","floor":14},{"not_picked":["Phantasmal Killer","Tactician"],"picked":"After Image","floor":16},{"not_picked":["Skewer","Deflect+1"],"picked":"Caltrops","floor":18},{"not_picked":["Infinite Blades","Acrobatics"],"picked":"Bouncing Flask+1","floor":19},{"not_picked":["All Out Attack","Calculated Gamble+1"],"picked":"Flechettes","floor":23},{"not_picked":["Bouncing Flask","PiercingWail"],"picked":"Predator","floor":27},{"not_picked":["Sucker Punch","Choke+1"],"picked":"Prepared+1","floor":28},{"not_picked":["Backflip","Dagger Spray"],"picked":"Outmaneuver","floor":30}],"player_experience":36887,"potions_floor_usage":[16,16,16,30,33],"damage_taken":[{"damage":3,"enemies":"Small Slimes","floor":1,"turns":3},{"damage":0,"enemies":"Jaw Worm","floor":5,"turns":3},{"damage":0,"enemies":"2 Louse","floor":7,"turns":1},{"damage":9,"enemies":"Gremlin Gang","floor":8,"turns":3},{"damage":7,"enemies":"Large Slime","floor":11,"turns":5},{"damage":8,"enemies":"Exordium Thugs","floor":12,"turns":4},{"damage":32,"enemies":"Lagavulin","floor":13,"turns":7},{"damage":15,"enemies":"Exordium Wildlife","floor":14,"turns":3},{"damage":14,"enemies":"Slime Boss","floor":16,"turns":10},{"damage":14,"enemies":"2 Thieves","floor":18,"turns":5},{"damage":13,"enemies":"Spheric Guardian","floor":19,"turns":5},{"damage":34,"enemies":"Book of Stabbing","floor":23,"turns":5},{"damage":63,"enemies":"Slaver and Parasite","floor":27,"turns":5},{"damage":23,"enemies":"Centurion and Healer","floor":28,"turns":9},{"damage":28,"enemies":"Sentry and Sphere","floor":30,"turns":5},{"damage":31,"enemies":"Automaton","floor":33,"turns":4}],"relics_obtained":[{"floor":9,"key":"Meat on the Bone"},{"floor":13,"key":"Darkstone Periapt"},{"floor":23,"key":"Dodecahedron"},{"floor":26,"key":"Potion Belt"}],"event_choices":[{"event_name":"Scrap Ooze","player_choice":"success","floor":2,"damage_taken":7},{"event_name":"Shining Light","player_choice":"Entered Light","floor":3,"damage_taken":0},{"event_name":"Accursed Blacksmith","player_choice":"Rummage","floor":10,"damage_taken":0},{"event_name":"Beggar","player_choice":"Ignored","floor":21,"damage_taken":0},{"event_name":"The Lab","player_choice":"Got Potions","floor":22,"damage_taken":0},{"event_name":"Addict","player_choice":"Ignored","floor":24,"damage_taken":0},{"event_name":"Wheel of Change","player_choice":"Curse","floor":31,"damage_taken":0}],"boss_relics":[{"not_picked":["White Beast Statue","Snecko Eye"],"picked":"Lizard Tail"}],"potions_floor_spawned":[1,5,11,16,19,30],"seed_played":"-5891442037184198195","killed_by":"Automaton","ascension_level":0,"potions_obtained":[{"floor":1,"key":"SteroidPotion"},{"floor":5,"key":"Explosive Potion"},{"floor":11,"key":"EssenceOfSteel"},{"floor":16,"key":"Weak Potion"},{"floor":19,"key":"FairyPotion"},{"floor":22,"key":"FairyPotion"},{"floor":30,"key":"Energy Potion"}],"is_trial":false}