{"gold_per_floor":[211,18,18,36,48,48,67,67,67,102,121,121,121,146,146,221,221,241,213,113,38,54,54,54,73,98,13,43,43,43,61,61,136,136,151,151,26,37,56,69,69,85,85,85,33,48,68,80,80,80,80],"floor_reached":52,"playtime":2376,"items_purged":["Strike_R","Strike_R","Strike_R"],"score":1797,"play_id":"a742e923-1aac-4f4f-99f2-cc2d9dd92c37","local_time":"20190923140211","is_ascension_mode":true,"campfire_choices":[{"data":"Uppercut","floor":6,"key":"SMITH"},{"data":"Wild Strike","floor":8,"key":"SMITH"},{"data":"Armaments","floor":12,"key":"SMITH"},{"data":"Brutality","floor":15,"key":"SMITH"},{"data":"Barricade","floor":23,"key":"SMITH"},{"floor":29,"key":"REST"},{"floor":32,"key":"REST"},{"floor":44,"key":"REST"},{"floor":49,"key":"REST"}],"neow_cost":"NONE","seed_source_timestamp":566140804746300,"circlet_count":0,"master_deck":["AscendersBane","Defend_R","Defend_R","Defend_R","Defend_R","Bash","Sword Boomerang","Feel No Pain","Uppercut+1","Spot Weakness","Shrug It Off","Barricade+1","Armaments+1","Feel No Pain","Brutality+1","Impervious","Shrug It Off","Feel No Pain","True Grit","True Grit","Impervious","Seeing Red","Dark Embrace","Battle Trance","Parasite","Body Slam","Shrug It Off","True Grit","Body Slam","Parasite","Shrug It Off"],"relics":["Burning Blood","Anchor","Sundial","Happy Flower","Runic Dome","Art of War","Bag of Preparation","Champion Belt","Snecko Eye","Ornamental Fan"],"potions_floor_usage":[16,19,28,28,42,50],"damage_taken":[{"damage":9,"enemies":"Small Slimes","floor":1,"turns":5},{"damage":0,"enemies":"Cultist","floor":4,"turns":3},{"damage":2,"enemies":"2 Louse","floor":5,"turns":3},{"damage":2,"enemies":"2 Fungi Beasts","floor":7,"turns":4},{"damage":10,"enemies":"Lagavulin","floor":10,"turns":6},{"damage":1,"enemies":"Looter","floor":11,"turns":2},{"damage":42,"enemies":"Gremlin Nob","floor":14,"turns":5},{"damage":25,"enemies":"The Guardian","floor":16,"turns":12},{"damage":15,"enemies":"Shell Parasite","floor":18,"turns":4},{"damage":20,"enemies":"2 Thieves","floor":19,"turns":4},{"damage":10,"enemies":"Centurion and Healer","floor":22,"turns":7},{"damage":7,"enemies":"Snecko","floor":25,"turns":7},{"damage":41,"enemies":"Slavers","floor":28,"turns":11},{"damage":12,"enemies":"Snake Plant","floor":31,"turns":6},{"damage":57,"enemies":"Automaton","floor":33,"turns":19},{"damage":0,"enemies":"3 Shapes","floor":35,"turns":9},{"damage":0,"enemies":"3 Darklings","floor":38,"turns":11},{"damage":0,"enemies":"Writhing Mass","floor":39,"turns":8},{"damage":0,"enemies":"Jaw Worm Horde","floor":40,"turns":7},{"damage":42,"enemies":"Transient","floor":42,"turns":6},{"damage":28,"enemies":"Sphere and 2 Shapes","floor":46,"turns":8},{"damage":0,"enemies":"Writhing Mass","floor":47,"turns":4},{"damage":8,"enemies":"Transient","floor":48,"turns":6},{"damage":39,"enemies":"Donu and Deca","floor":50,"turns":11},{"damage":6,"enemies":"Time Eater","floor":51,"turns":14}],"seed_played":"-3960812261766906253","potions_obtained":[{"floor":7,"key":"SpeedPotion"},{"floor":10,"key":"BloodPotion"},{"floor":18,"key":"Weak Potion"},{"floor":22,"key":"Fire Potion"},{"floor":28,"key":"FearPotion"},{"floor":33,"key":"ElixirPotion"},{"floor":42,"key":"AttackPotion"}],"is_trial":false,"path_per_floor":["M","$","?","M","M","R","M","R","T","E","M","R","?","E","R","B",null,"M","M","$","?","M","R","?","M","T","?","E","R","$","M","R","B",null,"M","?","$","M","M","M","?","M","T","R","$","M","M","M","R","B","B",null],"character_chosen":"IRONCLAD","items_purchased":["Feel No Pain","Uppercut","True Grit"],"campfire_rested":4,"item_purchase_floors":[2,2,45],"current_hp_per_floor":[65,65,65,71,75,75,75,75,75,71,75,75,80,44,44,25,66,57,59,59,59,55,55,55,54,54,54,19,43,43,37,61,10,63,69,69,69,75,80,80,80,44,44,68,68,46,52,50,74,41,41],"gold":80,"neow_bonus":"HUNDRED_GOLD","is_prod":false,"is_daily":false,"chose_seed":false,"campfire_upgraded":5,"win_rate":0,"timestamp":1569272531,"path_taken":["M","$","?","M","?","R","M","R","T","E","?","R","?","E","R","BOSS","M","M","$","?","M","R","?","M","T","?","E","R","$","M","R","BOSS","M","?","$","M","M","M","?","M","T","R","$","M","M","M","R","BOSS","BOSS"],"build_version":"2019-09-23","purchased_purges":3,"victory":true,"max_hp_per_floor":[75,75,75,75,75,75,75,75,75,75,75,75,80,80,80,80,80,80,80,80,80,80,80,80,80,80,80,80,80,80,80,80,80,80,80,80,80,80,80,80,80,80,80,80,80,80,80,80,80,80,80],"card_choices":[{"not_picked":["Pommel Strike","Sentinel"],"picked":"Sword Boomerang","floor":1},{"not_picked":["Cleave","Pommel Strike"],"picked":"Wild Strike","floor":4},{"not_picked":["Cleave","Flex"],"picked":"Shrug It Off","floor":5},{"not_picked":["Pommel Strike","Armaments"],"picked":"Barricade","floor":7},{"not_picked":["Cleave","Hemokinesis"],"picked":"Armaments","floor":10},{"not_picked":["Heavy Blade","Shrug It Off"],"picked":"Feel No Pain","floor":11},{"not_picked":["Clothesline","Wild Strike"],"picked":"Brutality","floor":14},{"not_picked":["Bludgeon","Limit Break"],"picked":"Impervious","floor":16},{"not_picked":["Pommel Strike","Havoc"],"picked":"Shrug It Off","floor":18},{"not_picked":["Shrug It Off","Clothesline"],"picked":"Feel No Pain","floor":19},{"not_picked":["Anger","Inflame"],"picked":"True Grit","floor":22},{"not_picked":["Shrug It Off","Clash"],"picked":"True Grit","floor":25},{"not_picked":["Spot Weakness+1","Shockwave"],"picked":"Impervious","floor":28},{"not_picked":["Pummel","Uppercut"],"picked":"Seeing Red","floor":31},{"not_picked":["Feed","Immolate"],"picked":"Dark Embrace","floor":33},{"not_picked":["Armaments","Reckless Charge"],"picked":"Battle Trance","floor":35},{"not_picked":["Pummel","Rage","Burning Pact"],"picked":"SKIP","floor":38},{"not_picked":["Headbutt","Rampage"],"picked":"Body Slam","floor":39},{"not_picked":["Anger","Cleave"],"picked":"Shrug It Off","floor":40},{"not_picked":["Iron Wave+1","Hemokinesis","Evolve"],"picked":"SKIP","floor":42},{"not_picked":["Headbutt+1","Dropkick"],"picked":"Body Slam","floor":46},{"not_picked":["Flex+1","Twin Strike"],"picked":"Shrug It Off","floor":47},{"not_picked":["Sword Boomerang+1","Bludgeon","Headbutt"],"picked":"SKIP","floor":48}],"player_experience":986032,"relics_obtained":[{"floor":9,"key":"Anchor"},{"floor":10,"key":"Sundial"},{"floor":14,"key":"Happy Flower"},{"floor":26,"key":"Art of War"},{"floor":28,"key":"Champion Belt"},{"floor":43,"key":"Ornamental Fan"}],"event_choices":[{"damage_healed":0,"gold_gain":0,"cards_transformed":["Strike_R"],"player_choice":"Transformed","damage_taken":0,"max_hp_gain":0,"max_hp_loss":0,"event_name":"Transmorgrifier","floor":3,"gold_loss":0,"cards_obtained":["Spot Weakness"]},{"damage_healed":0,"gold_gain":0,"player_choice":"Donut","damage_taken":0,"max_hp_gain":5,"max_hp_loss":0,"event_name":"Big Fish","floor":13,"gold_loss":0},{"cards_removed":["Strike_R"],"damage_healed":0,"gold_gain":0,"player_choice":"Gave Gold","damage_taken":0,"max_hp_gain":0,"max_hp_loss":0,"event_name":"Beggar","floor":21,"gold_loss":75},{"damage_healed":0,"gold_gain":0,"player_choice":"Ignored","damage_taken":0,"max_hp_gain":0,"max_hp_loss":0,"event_name":"The Mausoleum","floor":24,"gold_loss":0},{"damage_healed":0,"gold_gain":0,"player_choice":"Obtained Relic","damage_taken":0,"relics_obtained":["Bag of Preparation"],"max_hp_gain":0,"max_hp_loss":0,"event_name":"Addict","floor":27,"gold_loss":85},{"cards_removed":["Wild Strike"],"damage_healed":0,"gold_gain":0,"player_choice":"Removed Attack","damage_taken":0,"max_hp_gain":0,"max_hp_loss":0,"event_name":"Falling","floor":36,"gold_loss":0},{"damage_healed":0,"gold_gain":0,"player_choice":"Ignored","damage_taken":0,"max_hp_gain":0,"max_hp_loss":0,"event_name":"Mysterious Sphere","floor":41,"gold_loss":0}],"is_beta":true,"boss_relics":[{"not_picked":["Velvet Choker","Runic Cube"],"picked":"Runic Dome"},{"not_picked":["Tiny House","Busted Crown"],"picked":"Snecko Eye"}],"items_purged_floors":[2,20,37],"is_endless":false,"potions_floor_spawned":[7,10,18,22,28,33,35,42],"ascension_level":20}