{"gold_per_floor":[114,114,114,139,166,208,235,277,339,351,33,48,48,63,63,163,163,178,193,193,208,223,278,278,308,333,373,373,388,403,403,403,503,503,543,558,598,598,21,51,51,51,101,116,131,146,161,176,176,176],"floor_reached":51,"playtime":3048,"items_purged":[],"score":984,"play_id":"f4b53464-7631-4aad-9ef8-8a199c42cf16","local_time":"20190514235212","daily_mods":["Cursed Run","Vintage","Terminal"],"is_ascension_mode":false,"campfire_choices":[{"data":"HandOfGreed","floor":15,"key":"SMITH"},{"floor":28,"key":"REST"},{"floor":32,"key":"REST"},{"data":"Mind Blast","floor":42,"key":"SMITH"},{"floor":49,"key":"REST"}],"neow_cost":"","seed_source_timestamp":0,"circlet_count":0,"master_deck":["Defend_G","Defend_G","Defend_G","Defend_G","Defend_G","Strike_G","Strike_G","Strike_G","Strike_G+1","Strike_G","Survivor","Neutralize+1","Noxious Fumes+1","Quick Slash","Writhe","HandOfGreed+1","Pain","Decay","Grand Finale","Blade Dance","Discovery","Dark Shackles","PanicButton","Deep Breath","Mind Blast+1","Escape Plan+1","Normality","Injury","Doppelganger","Backstab+1","Backflip","All Out Attack+1","Tactician","Backstab+1","Madness","Madness","Caltrops+1","Good Instincts","Infinite Blades+1","The Bomb","Mayhem+1","Flash of Steel+1","Injury","Pain"],"special_seed":18031,"relics":["Cursed Key","Darkstone Periapt","Du-Vu Doll","Bag of Marbles","MawBank","Frozen Egg 2","Anchor","The Courier","Ornamental Fan","Centennial Puzzle","Blue Candle","Vajra","WarpedTongs","Shuriken","Philosopher\u0027s Stone","Sundial","Spirit Poop","Orichalcum","Ninja Scroll","Gremlin Horn","Mercury Hourglass","Bag of Preparation","Bronze Scales","Dodecahedron","Smiling Mask","Orrery","PreservedInsect","Paper Crane","Molten Egg 2","Lantern","Strawberry","Kunai","Singing Bowl","Happy Flower","Art of War","Blood Vial","Whetstone","Pantograph","Bottled Lightning"],"potions_floor_usage":[6,8,33,33,50],"damage_taken":[{"damage":0,"enemies":"Jaw Worm","floor":1,"turns":5},{"damage":0,"enemies":"Small Slimes","floor":5,"turns":4},{"damage":0,"enemies":"3 Sentries","floor":6,"turns":10},{"damage":0,"enemies":"2 Louse","floor":7,"turns":3},{"damage":6,"enemies":"Gremlin Nob","floor":8,"turns":5},{"damage":1,"enemies":"Red Slaver","floor":12,"turns":2},{"damage":1,"enemies":"2 Fungi Beasts","floor":14,"turns":2},{"damage":8,"enemies":"The Guardian","floor":16,"turns":9},{"damage":2,"enemies":"Chosen","floor":18,"turns":3},{"damage":0,"enemies":"Spheric Guardian","floor":19,"turns":2},{"damage":1,"enemies":"Shelled Parasite and Fungi","floor":21,"turns":4},{"damage":4,"enemies":"Centurion and Healer","floor":22,"turns":3},{"damage":2,"enemies":"Slavers","floor":23,"turns":3},{"damage":1,"enemies":"Gremlin Leader","floor":25,"turns":3},{"damage":1,"enemies":"3 Cultists","floor":27,"turns":2},{"damage":5,"enemies":"Chosen and Byrds","floor":29,"turns":2},{"damage":1,"enemies":"Cultist and Chosen","floor":30,"turns":1},{"damage":9,"enemies":"Champ","floor":33,"turns":7},{"damage":0,"enemies":"Orb Walker","floor":35,"turns":1},{"damage":1,"enemies":"3 Shapes","floor":36,"turns":1},{"damage":1,"enemies":"Maw","floor":37,"turns":2},{"damage":2,"enemies":"Giant Head","floor":40,"turns":5},{"damage":3,"enemies":"Transient","floor":44,"turns":5},{"damage":1,"enemies":"4 Shapes","floor":45,"turns":1},{"damage":0,"enemies":"Jaw Worm Horde","floor":46,"turns":1},{"damage":8,"enemies":"Transient","floor":47,"turns":5},{"damage":1,"enemies":"Maw","floor":48,"turns":4},{"damage":13,"enemies":"Awakened One","floor":50,"turns":8}],"seed_played":"-1876816699338199353","potions_obtained":[{"floor":5,"key":"LiquidBronze"},{"floor":6,"key":"SkillPotion"},{"floor":12,"key":"Energy Potion"},{"floor":21,"key":"LiquidBronze"},{"floor":25,"key":"SteroidPotion"},{"floor":27,"key":"GhostInAJar"},{"floor":33,"key":"SkillPotion"},{"floor":44,"key":"Energy Potion"}],"is_trial":false,"path_per_floor":["M","?","?","T","M","E","M","E","T","?","$","M","?","M","R","B",null,"M","M","?","M","M","E","?","E","T","M","R","M","M","?","R","B",null,"M","M","M","?","$","E","?","R","T","M","M","M","M","M","R","B",null],"character_chosen":"THE_SILENT","items_purchased":["Blue Candle","HandOfGreed","Lantern","Strawberry","Kunai","Caltrops+1","Good Instincts"],"campfire_rested":3,"item_purchase_floors":[11,11,39,39,39,39,39],"current_hp_per_floor":[68,67,66,71,70,69,68,62,68,68,68,67,73,72,72,70,76,74,74,73,72,68,66,24,23,29,28,49,44,43,43,63,60,71,70,69,68,59,66,64,54,54,60,57,56,58,52,53,69,62],"gold":176,"neow_bonus":"","is_prod":false,"is_daily":true,"chose_seed":false,"campfire_upgraded":2,"win_rate":0,"timestamp":1557892332,"path_taken":["M","?","?","?","M","E","M","E","T","?","$","?","?","M","R","BOSS","M","?","?","?","M","E","?","E","T","?","R","M","M","?","R","BOSS","M","M","M","?","$","E","?","R","T","M","M","M","M","M","R","BOSS"],"build_version":"2019-01-23","purchased_purges":0,"victory":true,"max_hp_per_floor":[68,67,66,71,70,69,68,67,72,71,70,69,74,73,72,77,76,75,74,73,72,71,70,69,68,73,72,71,70,69,68,67,72,71,70,69,68,67,73,72,71,70,75,74,73,72,71,70,69,74],"card_choices":[{"not_picked":["Skewer","Accuracy+1"],"picked":"Noxious Fumes+1","floor":6},{"not_picked":["Outmaneuver","Flechettes"],"picked":"Quick Slash","floor":8},{"not_picked":["Glass Knife","Die Die Die"],"picked":"Grand Finale","floor":16},{"not_picked":["Outmaneuver","Dagger Spray"],"picked":"Blade Dance","floor":23},{"not_picked":["Sucker Punch+1","Prepared"],"picked":"Escape Plan+1","floor":25},{"not_picked":["Unload","Tools of the Trade+1"],"picked":"Doppelganger","floor":33},{"not_picked":["Bane","Backflip"],"picked":"Backstab","floor":34},{"not_picked":["Skewer","Underhanded Strike"],"picked":"Backflip","floor":34},{"not_picked":["Choke","Outmaneuver"],"picked":"All Out Attack+1","floor":34},{"not_picked":["Noxious Fumes+1","Endless Agony"],"picked":"Tactician","floor":34},{"not_picked":["Slice","Flying Knee"],"picked":"Backstab+1","floor":34},{"not_picked":["Escape Plan+1","Backflip"],"picked":"Infinite Blades+1","floor":40},{"not_picked":["Secret Technique","PanicButton"],"picked":"The Bomb","floor":41},{"not_picked":["Trip","Thinking Ahead"],"picked":"Mayhem+1","floor":41},{"not_picked":["Metamorphosis","Trip"],"picked":"Flash of Steel+1","floor":41}],"player_experience":669581,"relics_obtained":[{"floor":1,"key":"Bag of Marbles"},{"floor":4,"key":"MawBank"},{"floor":5,"key":"Frozen Egg 2"},{"floor":6,"key":"Anchor"},{"floor":7,"key":"The Courier"},{"floor":8,"key":"Ornamental Fan"},{"floor":9,"key":"Centennial Puzzle"},{"floor":12,"key":"Vajra"},{"floor":14,"key":"Shuriken"},{"floor":18,"key":"Sundial"},{"floor":21,"key":"Orichalcum"},{"floor":22,"key":"Ninja Scroll"},{"floor":23,"key":"Gremlin Horn"},{"floor":25,"key":"Mercury Hourglass"},{"floor":26,"key":"Bag of Preparation"},{"floor":27,"key":"Bronze Scales"},{"floor":29,"key":"Dodecahedron"},{"floor":30,"key":"Smiling Mask"},{"floor":35,"key":"PreservedInsect"},{"floor":36,"key":"Paper Crane"},{"floor":37,"key":"Molten Egg 2"},{"floor":40,"key":"Singing Bowl"},{"floor":43,"key":"Happy Flower"},{"floor":44,"key":"Art of War"},{"floor":45,"key":"Blood Vial"},{"floor":46,"key":"Whetstone"},{"floor":47,"key":"Pantograph"},{"floor":48,"key":"Bottled Lightning"}],"event_choices":[{"damage_healed":0,"gold_gain":0,"player_choice":"Ignored","damage_taken":0,"max_hp_gain":0,"max_hp_loss":0,"event_name":"Golden Wing","floor":2,"gold_loss":0},{"damage_healed":0,"gold_gain":0,"player_choice":"Grow","damage_taken":0,"max_hp_gain":0,"max_hp_loss":0,"event_name":"Living Wall","floor":3,"gold_loss":0,"cards_upgraded":["Neutralize"]},{"damage_healed":0,"gold_gain":0,"player_choice":"Ignored","damage_taken":0,"max_hp_gain":0,"max_hp_loss":0,"event_name":"Fountain of Cleansing","floor":10,"gold_loss":0},{"damage_healed":0,"gold_gain":0,"player_choice":"Rummage","damage_taken":0,"relics_obtained":["WarpedTongs"],"max_hp_gain":0,"max_hp_loss":0,"event_name":"Accursed Blacksmith","floor":13,"gold_loss":0,"cards_obtained":["Pain"]},{"cards_removed":["Normality"],"damage_healed":0,"gold_gain":0,"player_choice":"Offered Curse","damage_taken":0,"relics_obtained":["Spirit Poop"],"max_hp_gain":0,"max_hp_loss":0,"event_name":"Bonfire Elementals","floor":20,"gold_loss":0},{"damage_healed":0,"gold_gain":0,"player_choice":"CARD CARD CARD CARD CARD ","damage_taken":42,"max_hp_gain":0,"max_hp_loss":0,"event_name":"Knowing Skull","floor":24,"potions_obtained":[],"gold_loss":0,"cards_obtained":["Discovery","Dark Shackles","PanicButton","Deep Breath","Mind Blast"]},{"damage_healed":0,"gold_gain":0,"player_choice":"Ignored","damage_taken":0,"max_hp_gain":0,"max_hp_loss":0,"event_name":"Beggar","floor":31,"gold_loss":0},{"damage_healed":0,"gold_gain":0,"player_choice":"Embrace Madness","damage_taken":9,"max_hp_gain":0,"max_hp_loss":0,"event_name":"Winding Halls","floor":38,"gold_loss":0,"cards_obtained":["Madness","Madness"]},{"damage_healed":0,"gold_gain":0,"player_choice":"Memory 3","damage_taken":10,"max_hp_gain":0,"max_hp_loss":0,"event_name":"SensoryStone","floor":41,"gold_loss":0}],"is_beta":false,"boss_relics":[{"not_picked":["Busted Crown","Fusion Hammer"],"picked":"Philosopher\u0027s Stone"},{"not_picked":["Snecko Eye","Empty Cage"],"picked":"Orrery"}],"items_purged_floors":[],"is_endless":false,"potions_floor_spawned":[5,6,12,21,25,27,33,44,45,46,48],"ascension_level":0}