{"gold_per_floor":[109,126,126,126,139,139,165,165,243,258,277,307,307,320,320,423,423,439,456,472,397,397,397,415,415,415,21,56,56,56,71,71,171,171,189,189,202,218,238,238,238],"floor_reached":41,"playtime":4009,"items_purged":["Strike_B","Shame"],"score":764,"play_id":"4f005db9-72cc-4b79-bb8f-f549db505f2b","local_time":"20190922070342","is_ascension_mode":true,"campfire_choices":[{"data":"Lockon","floor":6.0,"key":"SMITH"},{"floor":8.0,"key":"REST"},{"data":"Go for the Eyes","floor":13.0,"key":"SMITH"},{"data":"Beam Cell","floor":15.0,"key":"SMITH"},{"data":"RitualDagger","floor":23.0,"key":"SMITH"},{"floor":25.0,"key":"REST"},{"floor":30.0,"key":"REST"},{"floor":32.0,"key":"REST"},{"data":"Electrodynamics","floor":40.0,"key":"SMITH"}],"neow_cost":"NONE","seed_source_timestamp":1152848909466301,"circlet_count":0,"master_deck":["AscendersBane","Strike_B","Strike_B+1","Defend_B","Defend_B+1","Defend_B","Defend_B","Zap","Dualcast","Beam Cell+1","FTL","Lockon+1","Ball Lightning","Go for the Eyes+1","Cold Snap","RitualDagger+1","Electrodynamics+1","Reinforced Body+1","Conserve Battery+1"],"special_seed":0,"relics":["Cracked Core","Boot","Orichalcum","Singing Bowl","Pen Nib","Cursed Key","Juzu Bracelet","Membership Card","FossilizedHelix","Sundial","Black Star"],"potions_floor_usage":[41,41],"damage_taken":[{"damage":1.0,"enemies":"Small Slimes","floor":1.0,"turns":3.0},{"damage":8.0,"enemies":"2 Louse","floor":2.0,"turns":3.0},{"damage":0.0,"enemies":"Cultist","floor":5.0,"turns":2.0},{"damage":22.0,"enemies":"3 Sentries","floor":7.0,"turns":7.0},{"damage":0.0,"enemies":"Exordium Wildlife","floor":10.0,"turns":3.0},{"damage":6.0,"enemies":"Blue Slaver","floor":11.0,"turns":3.0},{"damage":0.0,"enemies":"Lagavulin","floor":12.0,"turns":4.0},{"damage":0.0,"enemies":"Large Slime","floor":14.0,"turns":2.0},{"damage":18.0,"enemies":"The Guardian","floor":16.0,"turns":8.0},{"damage":21.0,"enemies":"2 Thieves","floor":18.0,"turns":4.0},{"damage":19.0,"enemies":"3 Byrds","floor":19.0,"turns":4.0},{"damage":1.0,"enemies":"Centurion and Healer","floor":20.0,"turns":5.0},{"damage":19.0,"enemies":"Snake Plant","floor":24.0,"turns":4.0},{"damage":21.0,"enemies":"Slavers","floor":28.0,"turns":6.0},{"damage":0.0,"enemies":"Sentry and Sphere","floor":29.0,"turns":3.0},{"damage":6.0,"enemies":"Shelled Parasite and Fungi","floor":31.0,"turns":4.0},{"damage":46.0,"enemies":"Champ","floor":33.0,"turns":9.0},{"damage":0.0,"enemies":"Orb Walker","floor":35.0,"turns":2.0},{"damage":11.0,"enemies":"3 Darklings","floor":37.0,"turns":4.0},{"damage":16.0,"enemies":"4 Shapes","floor":38.0,"turns":4.0},{"damage":0.0,"enemies":"Maw","floor":39.0,"turns":6.0},{"damage":77,"enemies":"Giant Head","floor":41,"turns":9}],"seed_played":"-5862713731615512262","potions_obtained":[{"floor":1.0,"key":"LiquidBronze"},{"floor":5.0,"key":"Poison Potion"},{"floor":7.0,"key":"Block Potion"},{"floor":12.0,"key":"Poison Potion"},{"floor":18.0,"key":"Weak Potion"},{"floor":20.0,"key":"SmokeBomb"},{"floor":24.0,"key":"PowerPotion"},{"floor":31.0,"key":"FocusPotion"},{"floor":33.0,"key":"Dexterity Potion"},{"floor":35.0,"key":"Weak Potion"},{"floor":39.0,"key":"PowerPotion"}],"is_trial":false,"path_per_floor":["M","M","?","?","M","R","E","R","T","M","M","E","R","M","R","B",null,"M","M","M","$","?","R","M","R","T","$","E","M","R","M","R","B",null,"M","?","M","M","M","R","E"],"character_chosen":"DEFECT","items_purchased":["Membership Card","FossilizedHelix"],"campfire_rested":4,"item_purchase_floors":[27,27],"current_hp_per_floor":[67,59,44,44,44,44,22,44,44,44,38,38,38,40,40,24,65,46,29,30,30,24,24,7,33,33,33,14,14,40,36,63,17,73,75,77,68,52,52,52,0],"gold":238,"neow_bonus":"RANDOM_COMMON_RELIC","is_prod":false,"is_daily":false,"chose_seed":false,"campfire_upgraded":5,"win_rate":0,"timestamp":1569150222,"path_taken":["M","M","?","?","M","R","E","R","T","M","?","E","R","M","R","BOSS","M","M","M","$","?","R","M","R","T","$","E","M","R","M","R","BOSS","M","?","M","M","M","R","E"],"build_version":"2019-07-17","purchased_purges":2,"victory":false,"max_hp_per_floor":[75,75,75,75,75,75,75,75,75,75,75,75,75,77,77,79,79,81,83,85,85,85,85,87,87,87,87,89,89,89,91,91,91,91,93,95,97,97,97,97,97],"card_choices":[{"not_picked":["Redo","Auto Shields"],"picked":"Beam Cell","floor":1.0},{"not_picked":["Scrape","Redo"],"picked":"FTL","floor":2.0},{"not_picked":["Steam Power","Barrage","Leap"],"picked":"SKIP","floor":5.0},{"not_picked":["Chaos","Storm","Doom and Gloom"],"picked":"SKIP","floor":7.0},{"not_picked":["Chaos","Storm","Doom and Gloom"],"picked":"SKIP","floor":7.0},{"not_picked":["Melter","Go for the Eyes"],"picked":"Ball Lightning","floor":10.0},{"not_picked":["Redo","Leap"],"picked":"Go for the Eyes","floor":11.0},{"not_picked":["Go for the Eyes","Machine Learning"],"picked":"Cold Snap","floor":12.0},{"not_picked":["Rebound","Redo","Storm"],"picked":"Singing Bowl","floor":14.0},{"not_picked":["Reboot","Hyperbeam","Biased Cognition"],"picked":"Singing Bowl","floor":16.0},{"not_picked":["Beam Cell","Compile Driver","Undo"],"picked":"Singing Bowl","floor":18.0},{"not_picked":["Cold Snap","Steam","Undo"],"picked":"Singing Bowl","floor":19.0},{"not_picked":["Reprogram+1","Stack","Go for the Eyes+1"],"picked":"Singing Bowl","floor":20.0},{"not_picked":["Rebound","Steam","FTL+1"],"picked":"Singing Bowl","floor":24.0},{"not_picked":["Consume","Core Surge","Meteor Strike"],"picked":"Singing Bowl","floor":28.0},{"not_picked":["Gash+1","Redo","Cold Snap"],"picked":"Singing Bowl","floor":31.0},{"not_picked":["Hyperbeam","Thunder Strike"],"picked":"Electrodynamics","floor":33.0},{"not_picked":["Compile Driver+1","Turbo","Hello World"],"picked":"Singing Bowl","floor":35.0},{"not_picked":["Violence","Panacea","Metamorphosis"],"picked":"Singing Bowl","floor":36.0},{"not_picked":["Double Energy+1","Steam+1","Coolheaded"],"picked":"Singing Bowl","floor":37.0},{"not_picked":["Defragment","Barrage+1"],"picked":"Reinforced Body+1","floor":38.0},{"not_picked":["Chill","Rebound"],"picked":"Conserve Battery+1","floor":39.0}],"player_experience":335805,"relics_obtained":[{"floor":7.0,"key":"Orichalcum"},{"floor":9.0,"key":"Singing Bowl"},{"floor":12.0,"key":"Pen Nib"},{"floor":26.0,"key":"Juzu Bracelet"},{"floor":28.0,"key":"Sundial"}],"event_choices":[{"damage_healed":0.0,"max_hp_gain":0.0,"max_hp_loss":0.0,"gold_gain":0.0,"event_name":"Shining Light","player_choice":"Entered Light","floor":3.0,"gold_loss":0.0,"damage_taken":15.0,"cards_upgraded":["Strike_B","Defend_B"]},{"damage_healed":0.0,"max_hp_gain":0.0,"max_hp_loss":0.0,"gold_gain":0.0,"cards_transformed":["Strike_B"],"event_name":"Transmorgrifier","player_choice":"Transformed","floor":4.0,"gold_loss":0.0,"damage_taken":0.0,"cards_obtained":["Lockon"]},{"damage_healed":0.0,"max_hp_gain":0.0,"max_hp_loss":0.0,"gold_gain":0.0,"event_name":"Nest","player_choice":"Joined the Cult","floor":22.0,"gold_loss":0.0,"damage_taken":6.0,"cards_obtained":["RitualDagger"]},{"damage_healed":0.0,"max_hp_gain":0.0,"max_hp_loss":0.0,"gold_gain":0.0,"event_name":"SensoryStone","player_choice":"Memory 1","floor":36.0,"gold_loss":0.0,"damage_taken":0.0}],"is_beta":false,"boss_relics":[{"not_picked":["White Beast Statue","Lizard Tail"],"picked":"Cursed Key"},{"not_picked":["Orrery","Snecko Eye"],"picked":"Black Star"}],"items_purged_floors":[21,27],"is_endless":false,"potions_floor_spawned":[1,5,7,12,18,20,24,31,33,35,38,39],"killed_by":"Giant Head","ascension_level":11}