{"gold_per_floor":[114,3,20,37,37,64,64,64,91,106,106,124,135,147,147,147],"floor_reached":16,"playtime":340,"items_purged":[],"score":208,"play_id":"7ce35fe2-c9b7-4dd4-a619-2a671dd30a14","local_time":"20190922123137","is_ascension_mode":true,"campfire_choices":[{"floor":8,"key":"REST"},{"floor":15,"key":"REST"}],"neow_cost":"NONE","seed_source_timestamp":476348911995500,"circlet_count":0,"master_deck":["AscendersBane","Strike_R","Strike_R","Strike_R","Strike_R","Defend_R","Defend_R+1","Defend_R","Defend_R+1","Bash+1","Disarm","Spot Weakness+1","Headbutt","Anger","Heavy Blade","Uppercut"],"relics":["Burning Blood","Toy Ornithopter","Darkstone Periapt","War Paint"],"potions_floor_usage":[6],"damage_taken":[{"damage":8,"enemies":"Cultist","floor":1,"turns":4},{"damage":13,"enemies":"Small Slimes","floor":3,"turns":5},{"damage":9,"enemies":"Jaw Worm","floor":4,"turns":4},{"damage":22,"enemies":"3 Sentries","floor":6,"turns":9},{"damage":16,"enemies":"2 Fungi Beasts","floor":10,"turns":4},{"damage":10,"enemies":"Looter","floor":12,"turns":3},{"damage":22,"enemies":"Lots of Slimes","floor":13,"turns":4},{"damage":10,"enemies":"Red Slaver","floor":14,"turns":3},{"damage":0,"enemies":"Slime Boss","floor":16,"turns":2}],"seed_played":"6724068320234108028","potions_obtained":[{"floor":1,"key":"Fire Potion"},{"floor":13,"key":"DuplicationPotion"},{"floor":14,"key":"SpeedPotion"}],"is_trial":false,"path_per_floor":["M","$","M","M","?","E","?","R","T","M","?","M","M","M","R","B"],"character_chosen":"IRONCLAD","items_purchased":["FairyPotion"],"campfire_rested":2,"item_purchase_floors":[2],"current_hp_per_floor":[66,66,59,56,33,17,5,27,27,17,42,38,22,18,40,40],"gold":147,"neow_bonus":"TRANSFORM_CARD","is_prod":false,"is_daily":false,"chose_seed":false,"campfire_upgraded":0,"win_rate":0,"timestamp":1569180697,"path_taken":["M","$","?","M","?","E","?","R","T","M","?","M","M","M","R","BOSS"],"build_version":"2019-09-20","purchased_purges":0,"victory":false,"max_hp_per_floor":[75,75,75,75,75,75,75,75,75,75,75,75,75,75,75,75],"card_choices":[{"not_picked":["Rage","Thunderclap"],"picked":"Spot Weakness","floor":1},{"not_picked":["Clothesline","Warcry"],"picked":"Headbutt","floor":3},{"not_picked":["Iron Wave","Armaments","Sever Soul"],"picked":"SKIP","floor":4},{"not_picked":["Twin Strike","Seeing Red","Dual Wield"],"picked":"SKIP","floor":6},{"not_picked":["Wild Strike","Body Slam"],"picked":"Anger","floor":10},{"not_picked":["Body Slam","Rampage"],"picked":"Heavy Blade","floor":12},{"not_picked":["Havoc","Clash","Body Slam"],"picked":"SKIP","floor":13},{"not_picked":["Searing Blow","Seeing Red"],"picked":"Uppercut","floor":14}],"player_experience":961901,"relics_obtained":[{"floor":6,"key":"Toy Ornithopter"},{"floor":9,"key":"War Paint"}],"event_choices":[{"damage_healed":0,"gold_gain":0,"player_choice":"Entered Light","damage_taken":23,"max_hp_gain":0,"max_hp_loss":0,"event_name":"Shining Light","floor":5,"gold_loss":0,"cards_upgraded":["Bash","Defend_R"]},{"damage_healed":0,"gold_gain":0,"player_choice":"Success","damage_taken":35,"relics_obtained":["Darkstone Periapt"],"max_hp_gain":0,"max_hp_loss":0,"event_name":"Scrap Ooze","floor":7,"gold_loss":0},{"damage_healed":25,"gold_gain":0,"player_choice":"Banana","damage_taken":0,"max_hp_gain":0,"max_hp_loss":0,"event_name":"Big Fish","floor":11,"gold_loss":0}],"is_beta":true,"boss_relics":[],"items_purged_floors":[],"is_endless":false,"potions_floor_spawned":[1,4,13,14],"killed_by":"Slime Boss","ascension_level":20}