{"gold_per_floor":[112,187,187,58,70,102,102,122,172,184,218,218,218,236,236,309,309,319,335,335,348,366,366],"floor_reached":23,"playtime":791,"items_purged":[],"score":406,"play_id":"f9dd4388-fdb9-48c1-a42c-b3c654372c5a","local_time":"20190917005525","is_ascension_mode":true,"campfire_choices":[{"data":"Flame Barrier","floor":7,"key":"SMITH"},{"data":"Inflame","floor":12,"key":"SMITH"},{"floor":15,"key":"REST"}],"neow_cost":"NONE","seed_source_timestamp":2120929784000,"circlet_count":0,"master_deck":["AscendersBane","Strike_R","Strike_R","Strike_R","Strike_R","Defend_R","Defend_R","Defend_R","Defend_R","Bash","Flame Barrier+1","Dropkick","Anger","Inflame","Inflame+1","Rampage","Power Through","Combust","Heavy Blade","Double Tap","Feel No Pain","Shockwave","Second Wind+1","Armaments"],"relics":["Burning Blood","Pen Nib","Bag of Preparation","Strawberry","Boot","Mark of Pain"],"potions_floor_usage":[6,16,18,21,23],"damage_taken":[{"damage":7,"enemies":"Small Slimes","floor":1,"turns":5},{"damage":2,"enemies":"Jaw Worm","floor":5,"turns":3},{"damage":31,"enemies":"Gremlin Nob","floor":6,"turns":4},{"damage":2,"enemies":"Cultist","floor":8,"turns":4},{"damage":7,"enemies":"Looter","floor":10,"turns":4},{"damage":20,"enemies":"Lagavulin","floor":11,"turns":7},{"damage":13,"enemies":"Gremlin Gang","floor":14,"turns":5},{"damage":36,"enemies":"Slime Boss","floor":16,"turns":9},{"damage":8,"enemies":"Spheric Guardian","floor":18,"turns":5},{"damage":0,"enemies":"3 Byrds","floor":19,"turns":1},{"damage":26,"enemies":"Cultist and Chosen","floor":21,"turns":7},{"damage":9,"enemies":"Snake Plant","floor":22,"turns":4},{"damage":50,"enemies":"Book of Stabbing","floor":23,"turns":5}],"seed_played":"-1561757441199200095","potions_obtained":[{"floor":5,"key":"SteroidPotion"},{"floor":10,"key":"Explosive Potion"},{"floor":11,"key":"Swift Potion"},{"floor":16,"key":"GamblersBrew"},{"floor":18,"key":"Energy Potion"},{"floor":22,"key":"Block Potion"}],"is_trial":false,"path_per_floor":["M","?","?","$","M","E","R","M","T","M","E","R","?","M","R","B",null,"M","M","?","M","M","E"],"character_chosen":"IRONCLAD","items_purchased":["Anger","Inflame"],"campfire_rested":1,"item_purchase_floors":[4,4],"current_hp_per_floor":[67,56,56,56,60,35,35,39,39,38,31,31,31,24,48,18,66,64,70,70,50,47,0],"gold":366,"neow_bonus":"THREE_CARDS","is_prod":false,"is_daily":false,"chose_seed":false,"campfire_upgraded":2,"win_rate":0,"timestamp":1568706925,"path_taken":["M","?","?","$","M","E","R","?","T","M","E","R","?","M","R","BOSS","M","?","?","M","M","E"],"build_version":"2019-07-17","purchased_purges":0,"victory":false,"max_hp_per_floor":[75,75,75,75,75,75,75,75,75,75,82,82,82,82,82,82,82,82,82,82,82,82,82],"card_choices":[{"not_picked":["Flex","Seeing Red"],"picked":"Flame Barrier","floor":0},{"not_picked":["Heavy Blade","Body Slam"],"picked":"Dropkick","floor":1},{"not_picked":["Rupture","Heavy Blade"],"picked":"Inflame","floor":5},{"not_picked":["Combust","Infernal Blade"],"picked":"Rampage","floor":6},{"not_picked":["Thunderclap","Heavy Blade"],"picked":"Power Through","floor":8},{"not_picked":["Havoc","Twin Strike"],"picked":"Combust","floor":10},{"not_picked":["Clothesline","Corruption"],"picked":"Heavy Blade","floor":11},{"not_picked":["Corruption","Sever Soul","Clash"],"picked":"SKIP","floor":14},{"not_picked":["Dark Embrace","Exhume"],"picked":"Double Tap","floor":16},{"not_picked":["Iron Wave","Thunderclap"],"picked":"Feel No Pain","floor":18},{"not_picked":["Havoc","Dual Wield"],"picked":"Shockwave","floor":19},{"not_picked":["Uppercut","Bloodletting"],"picked":"Second Wind+1","floor":21},{"not_picked":["Havoc","Blood for Blood"],"picked":"Armaments","floor":22}],"player_experience":800639,"relics_obtained":[{"floor":6,"key":"Pen Nib"},{"floor":9,"key":"Bag of Preparation"},{"floor":11,"key":"Strawberry"}],"event_choices":[{"damage_healed":0,"gold_gain":75,"player_choice":"Gather Gold","damage_taken":11,"max_hp_gain":0,"max_hp_loss":0,"event_name":"World of Goop","floor":2,"gold_loss":0},{"cards_removed":["Strike_R"],"damage_healed":0,"gold_gain":0,"player_choice":"Offered Basic","damage_taken":0,"max_hp_gain":0,"max_hp_loss":0,"event_name":"Bonfire Elementals","floor":3,"gold_loss":0},{"damage_healed":0,"gold_gain":0,"player_choice":"Gave Potion","damage_taken":0,"relics_obtained":["Boot"],"max_hp_gain":0,"max_hp_loss":0,"event_name":"WeMeetAgain","floor":13,"gold_loss":0},{"damage_healed":0,"gold_gain":0,"player_choice":"Ignored","damage_taken":0,"max_hp_gain":0,"max_hp_loss":0,"event_name":"Ghosts","floor":20,"gold_loss":0}],"is_beta":false,"boss_relics":[{"not_picked":["Calling Bell","Philosopher\u0027s Stone"],"picked":"Mark of Pain"}],"items_purged_floors":[],"is_endless":false,"potions_floor_spawned":[5,10,11,16,18,22],"killed_by":"Book of Stabbing","ascension_level":20}