{"gold_per_floor":[113,113,188,198,212,212,232,6,6,6,31,31],"floor_reached":12,"playtime":298,"items_purged":[],"score":156,"play_id":"defd5520-ce15-4e1b-8351-638e29804117","local_time":"20190917114704","is_ascension_mode":true,"campfire_choices":[{"data":"Juggernaut","floor":6,"key":"SMITH"},{"data":"Bash","floor":10,"key":"SMITH"}],"neow_cost":"NONE","seed_source_timestamp":41712372213800,"circlet_count":0,"master_deck":["AscendersBane","Strike_R+1","Strike_R+1","Strike_R","Strike_R","Strike_R","Defend_R","Defend_R","Defend_R","Defend_R","Bash+1","Juggernaut+1","Anger","Clothesline","Anger","Battle Trance"],"relics":["Burning Blood","Frozen Eye","Blue Candle","Paper Frog"],"potions_floor_usage":[4,11,11],"damage_taken":[{"damage":21,"enemies":"Jaw Worm","floor":1,"turns":6},{"damage":10,"enemies":"Small Slimes","floor":4,"turns":4},{"damage":0,"enemies":"Cultist","floor":5,"turns":4},{"damage":7,"enemies":"2 Fungi Beasts","floor":7,"turns":4},{"damage":30,"enemies":"3 Sentries","floor":11,"turns":10},{"damage":8,"enemies":"Large Slime","floor":12,"turns":2}],"seed_played":"-1925878411331733970","potions_obtained":[{"floor":1,"key":"Regen Potion"},{"floor":5,"key":"Block Potion"},{"floor":7,"key":"Block Potion"}],"is_trial":false,"path_per_floor":["M","?","?","M","M","R","M","$","T","R","E","M"],"character_chosen":"IRONCLAD","items_purchased":["Frozen Eye"],"campfire_rested":0,"item_purchase_floors":[8],"current_hp_per_floor":[53,30,19,27,33,33,32,32,32,32,8,0],"gold":31,"neow_bonus":"ONE_RANDOM_RARE_CARD","is_prod":false,"is_daily":false,"chose_seed":false,"campfire_upgraded":2,"win_rate":0,"timestamp":1568746024,"path_taken":["M","?","?","?","M","R","M","$","T","R","E","M"],"build_version":"2019-07-17","purchased_purges":0,"victory":false,"max_hp_per_floor":[75,75,75,75,75,75,75,75,75,75,75,75],"card_choices":[{"not_picked":["Carnage","Heavy Blade"],"picked":"Anger","floor":1},{"not_picked":["Carnage","Clash"],"picked":"Clothesline","floor":4},{"not_picked":["Sword Boomerang","Flex"],"picked":"Anger","floor":5},{"not_picked":["Rampage","Thunderclap"],"picked":"Battle Trance","floor":7},{"not_picked":["Flex","Iron Wave","Cleave"],"picked":"SKIP","floor":11}],"player_experience":813267,"relics_obtained":[{"floor":9,"key":"Blue Candle"},{"floor":11,"key":"Paper Frog"}],"event_choices":[{"damage_healed":0,"gold_gain":0,"player_choice":"Entered Light","damage_taken":23,"max_hp_gain":0,"max_hp_loss":0,"event_name":"Shining Light","floor":2,"gold_loss":0,"cards_upgraded":["Strike_R","Strike_R"]},{"damage_healed":0,"gold_gain":75,"player_choice":"Gather Gold","damage_taken":11,"max_hp_gain":0,"max_hp_loss":0,"event_name":"World of Goop","floor":3,"gold_loss":0}],"is_beta":false,"boss_relics":[],"items_purged_floors":[],"is_endless":false,"potions_floor_spawned":[1,5,7],"killed_by":"Large Slime","ascension_level":20}