{"path_per_floor":["M","?","M","?","?","R","?","E","T","M","M","M","$","M","R","B",null,"M","?","?","M","$","R","M","?","T","$"],"character_chosen":"DEFECT","items_purchased":["Gremlin Horn","Ball Lightning","Self Repair","Turbo","Steam","Leap"],"gold_per_floor":[110,110,126,126,201,201,201,234,261,273,287,305,2,21,21,120,120,137,163,163,174,20,20,30,30,30,5,5],"floor_reached":28,"campfire_rested":1,"playtime":2364,"item_purchase_floors":[13,13,22,22,22,27],"current_hp_per_floor":[37,75,73,73,62,62,50,48,48,48,48,48,48,43,43,29,75,61,21,21,6,6,38,26,26,26,26,0],"items_purged":[],"gold":5,"score":218,"play_id":"16a9c4a7-55e4-4bd1-8697-773be28951b8","local_time":"20180620233819","is_prod":false,"is_daily":false,"chose_seed":false,"is_ascension_mode":false,"campfire_upgraded":1,"win_rate":0.0,"timestamp":1529552299,"campfire_choices":[{"data":"Chill","floor":6,"key":"SMITH"},{"data":"1","floor":15,"key":"LIFT"},{"floor":23,"key":"REST"}],"path_taken":["M","?","M","?","?","R","?","E","T","M","?","M","$","M","R","BOSS","M","?","?","M","?","R","M","?","T","$","?"],"build_version":"2018-06-14v2","seed_source_timestamp":22587353765694,"purchased_purges":0,"victory":false,"master_deck":["Strike_B","Strike_B","Strike_B","Strike_B","Defend_B","Defend_B","Defend_B","Defend_B","Zap","Chill+1","Skim","Reinforced Body","Rip and Tear","Hologram","Gash","Gash","Ball Lightning","Thunder Strike","Fission","FTL","Steam","Compile Driver","Self Repair","Turbo","Steam","Heatsinks","Leap"],"max_hp_per_floor":[75,75,75,75,75,75,75,75,75,75,75,75,75,75,75,75,75,75,75,75,75,75,75,75,75,75,75,75],"relics":["Cracked Core","Happy Flower","Girya","Oddly Smooth Stone","Gremlin Horn","Eternal Feather","Red Mask","Nloth\u0027s Gift","Bottled Tornado"],"card_choices":[{"not_picked":["Skim","Consume"],"picked":"Chill","floor":1},{"not_picked":["Reprogram","Barrage"],"picked":"Skim","floor":3},{"not_picked":["Lockon","Rebound"],"picked":"Rip and Tear","floor":8},{"not_picked":["Barrage","Cold Snap"],"picked":"Hologram","floor":10},{"not_picked":["Undo","Blizzard"],"picked":"Gash","floor":11},{"not_picked":["Leap","Rebound"],"picked":"Gash","floor":12},{"not_picked":["Leap","Rip and Tear"],"picked":"Thunder Strike","floor":14},{"not_picked":["Reboot","Machine Learning"],"picked":"Fission","floor":16},{"not_picked":["Leap","Beam Cell+1"],"picked":"FTL","floor":18},{"not_picked":["Cold Snap","Hologram"],"picked":"Steam","floor":19},{"not_picked":["Tempest","Barrage"],"picked":"Compile Driver","floor":21},{"not_picked":["Amplify","Hologram"],"picked":"Heatsinks","floor":24}],"player_experience":217842,"potions_floor_usage":[8,8,11,16,19,24],"damage_taken":[{"damage":1,"enemies":"2 Louse","floor":1,"turns":3},{"damage":2,"enemies":"Cultist","floor":3,"turns":4},{"damage":2,"enemies":"3 Sentries","floor":8,"turns":8},{"damage":0,"enemies":"Jaw Worm","floor":10,"turns":3},{"damage":0,"enemies":"Exordium Wildlife","floor":11,"turns":4},{"damage":0,"enemies":"3 Louse","floor":12,"turns":3},{"damage":5,"enemies":"2 Fungi Beasts","floor":14,"turns":3},{"damage":14,"enemies":"The Guardian","floor":16,"turns":12},{"damage":14,"enemies":"Spheric Guardian","floor":18,"turns":4},{"damage":40,"floor":19,"turns":4},{"damage":15,"enemies":"3 Byrds","floor":21,"turns":5},{"damage":19,"enemies":"Snake Plant","floor":24,"turns":4},{"damage":27,"enemies":"Chosen and Byrds","floor":28,"turns":4}],"relics_obtained":[{"floor":8,"key":"Girya"},{"floor":9,"key":"Oddly Smooth Stone"},{"floor":19,"key":"Red Mask"},{"floor":26,"key":"Bottled Tornado"}],"event_choices":[{"event_name":"Wheel of Change","player_choice":"Full Heal","floor":2,"damage_taken":0},{"event_name":"Living Wall","player_choice":"Change","floor":4,"damage_taken":0},{"event_name":"World of Goop","player_choice":"Gather Gold","floor":5,"damage_taken":0},{"event_name":"Scrap Ooze","player_choice":"success","floor":7,"damage_taken":12},{"event_name":"Masked Bandits","player_choice":"Fought over 137 gold","floor":19,"damage_taken":0},{"event_name":"N\u0027loth","player_choice":"Traded a Ginger","floor":20,"damage_taken":0},{"event_name":"Drug Dealer","player_choice":"Ignored","floor":25,"damage_taken":0}],"boss_relics":[{"not_picked":["Pandora\u0027s Box","Cursed Key"],"picked":"Eternal Feather"}],"items_purged_floors":[],"is_endless":false,"potions_floor_spawned":[1,3,10,14,18,21],"seed_played":"-3094691449581714753","killed_by":"Chosen and Byrds","ascension_level":0,"potions_obtained":[{"floor":1,"key":"SpeedPotion"},{"floor":3,"key":"AttackPotion"},{"floor":10,"key":"SkillPotion"},{"floor":14,"key":"Ancient Potion"},{"floor":18,"key":"Swift Potion"},{"floor":21,"key":"Strength Potion"}],"is_trial":false}