{"path_per_floor":["M","M","?","M","$","E","R","?","T","T","M","?","M","T","R"],"character_chosen":"IRONCLAD","items_purchased":["Feel No Pain","Whirlwind"],"gold_per_floor":[117,129,129,140,29,64,64,64,94,119,133,111,128,128,128,128],"floor_reached":16,"campfire_rested":1,"playtime":952,"item_purchase_floors":[5,5],"current_hp_per_floor":[80,76,76,72,72,34,34,34,34,41,16,16,22,22,48,0],"items_purged":[],"gold":128,"score":100,"play_id":"b7ab531a-39a8-4da2-ab55-3eff09a075b1","local_time":"20180530202251","is_prod":false,"is_daily":false,"chose_seed":false,"is_ascension_mode":false,"campfire_upgraded":1,"win_rate":0,"timestamp":1527726171,"campfire_choices":[{"data":"Rupture","floor":7,"key":"SMITH"},{"floor":15,"key":"REST"}],"path_taken":["M","M","?","M","$","E","R","?","T","?","M","?","M","?","R","BOSS"],"build_version":"2018-05-24","seed_source_timestamp":16705262511761,"purchased_purges":0,"victory":false,"master_deck":["Strike_R","Strike_R","Strike_R","Strike_R","Strike_R","Defend_R","Defend_R","Defend_R","Bash","Evolve","Thunderclap","Flex","Feel No Pain","Whirlwind","Rupture+1","Rampage","Inflame"],"max_hp_per_floor":[80,80,80,80,80,80,80,80,80,87,87,87,87,87,87,87],"relics":["Burning Blood","Matryoshka","Lantern","Tiny Chest","Bottled Lightning","Juzu Bracelet","Strawberry","Calipers"],"card_choices":[{"not_picked":["Headbutt","Rage"],"picked":"Evolve","floor":1},{"not_picked":["Clash","Perfected Strike"],"picked":"Thunderclap","floor":2},{"not_picked":["Heavy Blade","Havoc"],"picked":"Flex","floor":4},{"not_picked":["Combust","True Grit"],"picked":"Rupture","floor":6},{"not_picked":["Headbutt","Corruption"],"picked":"Rampage","floor":11},{"not_picked":["Entrench","Sentinel"],"picked":"Inflame","floor":13}],"player_experience":120524,"potions_floor_usage":[6,16],"damage_taken":[{"damage":0,"enemies":"2 Louse","floor":1,"turns":2},{"damage":10,"enemies":"Jaw Worm","floor":2,"turns":4},{"damage":10,"enemies":"Small Slimes","floor":4,"turns":4},{"damage":44,"enemies":"Lagavulin","floor":6,"turns":9},{"damage":31,"enemies":"Blue Slaver","floor":11,"turns":5},{"damage":0,"enemies":"Exordium Wildlife","floor":13,"turns":1},{"damage":54,"enemies":"The Guardian","floor":16,"turns":7}],"relics_obtained":[{"floor":6,"key":"Lantern"},{"floor":9,"key":"Tiny Chest"},{"floor":9,"key":"Bottled Lightning"},{"floor":10,"key":"Juzu Bracelet"},{"floor":10,"key":"Strawberry"},{"floor":14,"key":"Calipers"}],"event_choices":[{"event_name":"Big Fish","player_choice":"Box","floor":3,"damage_taken":0},{"event_name":"Living Wall","player_choice":"Forget","floor":8,"damage_taken":0},{"event_name":"World of Goop","player_choice":"Left","floor":12,"damage_taken":0}],"boss_relics":[],"items_purged_floors":[],"potions_floor_spawned":[4,6],"seed_played":"6075697580985721096","killed_by":"The Guardian","ascension_level":0,"potions_obtained":[{"floor":4,"key":"AttackPotion"},{"floor":6,"key":"GamblersBrew"}],"is_trial":false}