{"gold_per_floor":[365,365,384,403,403,403,428,428,454,31,56,56,56,86,86,161,161,181,181,181,196,215,215,249,249,249,267,296,296,308,73,73,152,152,166,178,195,242,242,242,242],"floor_reached":41,"playtime":1162,"items_purged":["Decay","Writhe"],"score":919,"play_id":"c38f6d17-b628-4268-9eb7-ebb119e5ed7a","local_time":"20190922115249","is_ascension_mode":true,"campfire_choices":[{"data":"Perfected Strike","floor":6.0,"key":"SMITH"},{"data":"Clothesline","floor":12.0,"key":"SMITH"},{"data":"Bash","floor":15.0,"key":"SMITH"},{"data":"Perfected Strike","floor":23.0,"key":"SMITH"},{"data":"Perfected Strike","floor":25.0,"key":"SMITH"},{"data":"Barricade","floor":32.0,"key":"SMITH"},{"data":"Brutality","floor":40.0,"key":"SMITH"}],"neow_cost":"TEN_PERCENT_HP_LOSS","seed_source_timestamp":473054421275000,"circlet_count":0,"master_deck":["AscendersBane","Strike_R","Strike_R","Strike_R","Strike_R","Strike_R","Defend_R","Defend_R","Defend_R","Defend_R","Bash+1","Perfected Strike+1","Clothesline+1","Pommel Strike","Battle Trance","Twin Strike","Barricade+1","Offering","Perfected Strike+1","Perfected Strike+1","Pommel Strike","Perfected Strike+1","Writhe","Metallicize","Entrench+1","Entrench+1","Brutality+1","Perfected Strike","Dark Embrace"],"special_seed":0,"relics":["Burning Blood","Red Skull","Juzu Bracelet","Centennial Puzzle","Meat on the Bone","TungstenRod","Eternal Feather","Cursed Key","Mummified Hand","Darkstone Periapt","Pear","Toxic Egg 2","Incense Burner"],"potions_floor_usage":[41],"damage_taken":[{"damage":9.0,"enemies":"2 Louse","floor":1.0,"turns":4.0},{"damage":10.0,"enemies":"Small Slimes","floor":3.0,"turns":3.0},{"damage":0.0,"enemies":"Cultist","floor":4.0,"turns":3.0},{"damage":65.0,"enemies":"Lagavulin","floor":7.0,"turns":7.0},{"damage":6.0,"enemies":"Gremlin Nob","floor":11.0,"turns":3.0},{"damage":17.0,"enemies":"3 Sentries","floor":14.0,"turns":5.0},{"damage":31.0,"enemies":"Hexaghost","floor":16.0,"turns":6.0},{"damage":14.0,"enemies":"3 Byrds","floor":18.0,"turns":5.0},{"damage":10.0,"enemies":"Spheric Guardian","floor":21.0,"turns":3.0},{"damage":32.0,"enemies":"Shelled Parasite and Fungi","floor":22.0,"turns":3.0},{"damage":20.0,"enemies":"Gremlin Leader","floor":24.0,"turns":3.0},{"damage":16.0,"enemies":"Centurion and Healer","floor":27.0,"turns":3.0},{"damage":45.0,"enemies":"Slavers","floor":28.0,"turns":4.0},{"damage":11.0,"enemies":"Cultist and Chosen","floor":30.0,"turns":4.0},{"damage":25.0,"enemies":"Collector","floor":33.0,"turns":9.0},{"damage":27.0,"enemies":"3 Darklings","floor":35.0,"turns":10.0},{"damage":0.0,"enemies":"Orb Walker","floor":36.0,"turns":1.0},{"damage":11.0,"enemies":"Spire Growth","floor":37.0,"turns":3.0},{"damage":10.0,"enemies":"2 Orb Walkers","floor":38.0,"turns":2.0},{"damage":70,"enemies":"Reptomancer","floor":41,"turns":5}],"seed_played":"-4283746752026773074","potions_obtained":[{"floor":1.0,"key":"BloodPotion"},{"floor":4.0,"key":"Explosive Potion"},{"floor":11.0,"key":"Strength Potion"},{"floor":18.0,"key":"Regen Potion"},{"floor":22.0,"key":"SkillPotion"},{"floor":27.0,"key":"SteroidPotion"},{"floor":33.0,"key":"Energy Potion"},{"floor":35.0,"key":"SpeedPotion"},{"floor":36.0,"key":"AttackPotion"}],"is_trial":false,"path_per_floor":["M","?","M","M","?","R","E","?","T","$","E","R","?","E","R","B",null,"M","?","?","M","M","R","E","R","T","M","E","?","M","$","R","B",null,"M","M","M","?","?","R","E"],"character_chosen":"IRONCLAD","items_purchased":["Meat on the Bone","Battle Trance","Entrench+1","Energy Potion"],"campfire_rested":0,"item_purchase_floors":[10,10,31,31],"current_hp_per_floor":[65,65,61,67,67,67,21,21,21,21,33,33,33,34,43,30,59,51,51,51,47,33,45,52,64,64,54,37,43,50,50,65,58,78,57,63,58,54,54,69,0],"gold":242,"neow_bonus":"TWO_FIFTY_GOLD","is_prod":false,"is_daily":false,"chose_seed":false,"campfire_upgraded":7,"win_rate":0,"timestamp":1569178369,"path_taken":["M","?","M","M","?","R","E","?","T","?","E","R","?","E","R","BOSS","M","?","?","M","M","R","E","R","T","M","E","?","M","$","R","BOSS","M","M","M","?","?","R","E"],"build_version":"2019-09-20","purchased_purges":2,"victory":false,"max_hp_per_floor":[68,68,68,68,68,68,68,68,68,68,68,68,68,68,68,68,68,68,68,68,68,68,68,68,68,68,68,78,84,84,84,84,84,84,84,84,84,84,84,84,84],"card_choices":[{"not_picked":["Corruption","Power Through"],"picked":"Perfected Strike","floor":1.0},{"not_picked":["Heavy Blade","Body Slam"],"picked":"Clothesline","floor":3.0},{"not_picked":["Rampage","Feel No Pain"],"picked":"Pommel Strike","floor":4.0},{"not_picked":["True Grit","Body Slam","Thunderclap"],"picked":"SKIP","floor":7.0},{"not_picked":["Flex","Pummel"],"picked":"Twin Strike","floor":11.0},{"not_picked":["Fire Breathing","Bludgeon"],"picked":"Barricade","floor":14.0},{"not_picked":["Fiend Fire","Berserk"],"picked":"Offering","floor":16.0},{"not_picked":["Shrug It Off","Pommel Strike"],"picked":"Perfected Strike","floor":18.0},{"not_picked":["Anger","Heavy Blade"],"picked":"Pommel Strike","floor":21.0},{"not_picked":["Combust","Clothesline","Iron Wave"],"picked":"SKIP","floor":22.0},{"not_picked":["Iron Wave","Double Tap"],"picked":"Perfected Strike","floor":24.0},{"not_picked":["Carnage","Anger"],"picked":"Ghostly Armor","floor":27.0},{"not_picked":["Bludgeon","Clothesline+1"],"picked":"Metallicize","floor":28.0},{"not_picked":["Armaments+1","Cleave"],"picked":"Entrench+1","floor":30.0},{"not_picked":["Reaper","Dark Embrace"],"picked":"Brutality","floor":33.0},{"not_picked":["Seeing Red+1","Clothesline"],"picked":"Perfected Strike","floor":35.0},{"not_picked":["Anger","Iron Wave","True Grit+1"],"picked":"SKIP","floor":36.0},{"not_picked":["Wild Strike","Spot Weakness+1"],"picked":"Dark Embrace","floor":37.0}],"player_experience":958842,"relics_obtained":[{"floor":7.0,"key":"Juzu Bracelet"},{"floor":9.0,"key":"Centennial Puzzle"},{"floor":11.0,"key":"TungstenRod"},{"floor":14.0,"key":"Eternal Feather"},{"floor":24.0,"key":"Mummified Hand"},{"floor":26.0,"key":"Darkstone Periapt"},{"floor":28.0,"key":"Pear"},{"floor":38.0,"key":"Incense Burner"}],"event_choices":[{"damage_healed":0.0,"max_hp_gain":0.0,"max_hp_loss":0.0,"gold_gain":0.0,"event_name":"Liars Game","player_choice":"Ignored","floor":2.0,"gold_loss":0.0,"damage_taken":0.0},{"damage_healed":0.0,"max_hp_gain":0.0,"max_hp_loss":0.0,"gold_gain":0.0,"event_name":"WeMeetAgain","player_choice":"Gave Potion","floor":5.0,"gold_loss":0.0,"damage_taken":0.0,"relics_obtained":["Red Skull"]},{"damage_healed":0.0,"max_hp_gain":0.0,"max_hp_loss":0.0,"gold_gain":0.0,"event_name":"Wheel of Change","player_choice":"Cursed","floor":8.0,"gold_loss":0.0,"damage_taken":0.0,"cards_obtained":["Decay"]},{"damage_healed":0.0,"max_hp_gain":0.0,"max_hp_loss":0.0,"gold_gain":0.0,"event_name":"Dead Adventurer","player_choice":"Searched \u00270\u0027 times","floor":13.0,"gold_loss":0.0,"damage_taken":0.0},{"damage_healed":0.0,"max_hp_gain":0.0,"max_hp_loss":0.0,"gold_gain":0.0,"event_name":"Ghosts","player_choice":"Ignored","floor":19.0,"gold_loss":0.0,"damage_taken":0.0},{"damage_healed":0.0,"max_hp_gain":0.0,"max_hp_loss":0.0,"gold_gain":0.0,"event_name":"Duplicator","player_choice":"Copied","floor":20.0,"gold_loss":0.0,"damage_taken":0.0,"cards_obtained":["Perfected Strike"]},{"damage_healed":0.0,"max_hp_gain":0.0,"max_hp_loss":0.0,"gold_gain":0.0,"event_name":"The Mausoleum","player_choice":"Opened","floor":29.0,"gold_loss":0.0,"damage_taken":0.0,"relics_obtained":["Toxic Egg 2"],"cards_obtained":["Writhe"]},{"damage_healed":0.0,"max_hp_gain":0.0,"max_hp_loss":0.0,"gold_gain":0.0,"event_name":"Mysterious Sphere","player_choice":"Fight","floor":38.0,"gold_loss":0.0,"damage_taken":0.0},{"cards_removed":["Ghostly Armor"],"damage_healed":0.0,"max_hp_gain":0.0,"max_hp_loss":0.0,"gold_gain":0.0,"event_name":"Falling","player_choice":"Removed Skill","floor":39.0,"gold_loss":0.0,"damage_taken":0.0}],"is_beta":true,"boss_relics":[{"not_picked":["Mark of Pain","Black Star"],"picked":"Cursed Key"},{"not_picked":["Philosopher\u0027s Stone","Pandora\u0027s Box","Astrolabe"]}],"items_purged_floors":[10,31],"is_endless":false,"potions_floor_spawned":[1,4,11,18,22,27,33,35,36],"killed_by":"Reptomancer","ascension_level":20}