{"gold_per_floor":[114,129,144,159,43,73,103,133,133,133,163,163,163,178,178,278,278,293,308,308,33,48,78,8,8,8,8,38,38,53,53,53,53],"floor_reached":33,"playtime":1742,"items_purged":[],"score":413,"play_id":"918e71a6-f072-4016-b0df-88ab651e1b92","local_time":"20190529222858","daily_mods":["Heirloom","Diverse","Lethality"],"is_ascension_mode":false,"campfire_choices":[{"floor":10,"key":"REST"},{"floor":15,"key":"DIG"},{"floor":25,"key":"DIG"},{"floor":27,"key":"DIG"},{"floor":32,"key":"DIG"}],"neow_cost":"","seed_source_timestamp":0,"circlet_count":0,"master_deck":["Strike_R","Strike_R+1","Strike_R","Strike_R","Defend_R","Defend_R","Defend_R","Defend_R","Bash","Anger","Slice","Caltrops","Gash","Flash of Steel","Gash","Self Repair","Sword Boomerang","Die Die Die","Acrobatics+1","Dodge and Roll","Distraction","Fiend Fire","Thunderclap","Backstab","BootSequence","Coolheaded","Conserve Battery","Havoc","Ball Lightning","Dodge and Roll","Flex","White Noise"],"special_seed":18046,"relics":["Black Blood","Charon\u0027s Ashes","Nunchaku","Smiling Mask","PreservedInsect","Shovel","Question Card","Nloth\u0027s Gift","Toolbox","Blood Vial","Magic Flower","Mango","Juzu Bracelet","Regal Pillow","Dream Catcher"],"potions_floor_usage":[11,11,18,18,19,33],"damage_taken":[{"damage":13,"enemies":"Small Slimes","floor":1,"turns":3},{"damage":4,"enemies":"Jaw Worm","floor":2,"turns":2},{"damage":9,"enemies":"2 Louse","floor":3,"turns":2},{"damage":16,"enemies":"Red Slaver","floor":4,"turns":2},{"damage":23,"enemies":"3 Sentries","floor":6,"turns":5},{"damage":17,"enemies":"Gremlin Nob","floor":7,"turns":3},{"damage":32,"enemies":"Lagavulin","floor":8,"turns":4},{"damage":0,"enemies":"Gremlin Nob","floor":11,"turns":2},{"damage":0,"enemies":"Large Slime","floor":14,"turns":2},{"damage":0,"enemies":"Slime Boss","floor":16,"turns":3},{"damage":26,"enemies":"Shell Parasite","floor":18,"turns":2},{"damage":6,"enemies":"3 Byrds","floor":19,"turns":3},{"damage":24,"enemies":"Centurion and Healer","floor":22,"turns":4},{"damage":21,"enemies":"Book of Stabbing","floor":23,"turns":3},{"damage":0,"enemies":"Slavers","floor":28,"turns":1},{"damage":0,"enemies":"Cultist and Chosen","floor":30,"turns":4},{"damage":94,"enemies":"Collector","floor":33,"turns":9}],"seed_played":"7249540024689942860","potions_obtained":[{"floor":1,"key":"Strength Potion"},{"floor":6,"key":"FearPotion"},{"floor":7,"key":"Swift Potion"},{"floor":14,"key":"GamblersBrew"},{"floor":18,"key":"Poison Potion"},{"floor":23,"key":"Weak Potion"}],"is_trial":false,"path_per_floor":["M","M","M","M","$","E","E","E","T","R","E","?","?","M","R","B",null,"M","M","?","$","M","E","$","R","T","R","E","?","M","?","R","B"],"character_chosen":"IRONCLAD","items_purchased":["Flash of Steel","Gash","Toolbox","BootSequence","Havoc","Ball Lightning"],"campfire_rested":1,"item_purchase_floors":[5,5,21,21,24,24],"current_hp_per_floor":[73,75,72,62,62,45,41,22,22,46,59,43,43,49,49,55,80,71,80,80,80,73,62,62,62,76,76,94,94,94,94,94,0],"gold":53,"neow_bonus":"","is_prod":false,"is_daily":true,"chose_seed":false,"campfire_upgraded":0,"win_rate":0,"timestamp":1559183338,"path_taken":["M","M","M","M","$","E","E","E","T","R","E","?","?","M","R","BOSS","M","M","?","$","?","E","?","R","T","R","E","?","M","?","R","BOSS"],"build_version":"2019-01-23","purchased_purges":0,"victory":false,"max_hp_per_floor":[80,80,80,80,80,80,80,80,80,80,80,80,80,80,80,80,80,80,80,80,80,80,80,80,80,94,94,94,94,94,94,94,94],"card_choices":[{"not_picked":["Tactician","Dagger Throw"],"picked":"Anger","floor":1},{"not_picked":["Barrage","Well Laid Plans"],"picked":"Slice","floor":2},{"not_picked":["Deadly Poison","Force Field"],"picked":"Caltrops","floor":3},{"not_picked":["White Noise","Wild Strike"],"picked":"Gash","floor":4},{"not_picked":["Searing Blow","Hologram"],"picked":"Self Repair","floor":6},{"not_picked":["Hologram","Rampage"],"picked":"Sword Boomerang","floor":7},{"not_picked":["Skewer","PiercingWail"],"picked":"Die Die Die","floor":8},{"not_picked":["Barrage","Caltrops"],"picked":"Acrobatics","floor":11},{"not_picked":["Barrage","Pommel Strike"],"picked":"Distraction","floor":14},{"not_picked":["Rainbow","Hyperbeam","Thunder Strike"],"picked":"Fiend Fire","floor":16},{"not_picked":["Rebound","Dagger Throw+1","Endless Agony"],"picked":"Thunderclap","floor":18},{"not_picked":["Finisher","Heel Hook","Twin Strike"],"picked":"Backstab","floor":19},{"not_picked":["Headbutt","Clash","Double Tap"],"picked":"Coolheaded","floor":22},{"not_picked":["Phantasmal Killer","Self Repair","Bane"],"picked":"Conserve Battery","floor":23},{"not_picked":["Echo Form","Machine Learning","Acrobatics"],"picked":"Dodge and Roll","floor":28},{"not_picked":["Hologram+1","Concentrate+1","Well Laid Plans"],"picked":"White Noise","floor":30}],"player_experience":717875,"relics_obtained":[{"floor":6,"key":"WingedGreaves"},{"floor":7,"key":"Nunchaku"},{"floor":8,"key":"Smiling Mask"},{"floor":9,"key":"PreservedInsect"},{"floor":11,"key":"Shovel"},{"floor":15,"key":"Question Card"},{"floor":23,"key":"Blood Vial"},{"floor":25,"key":"Magic Flower"},{"floor":26,"key":"Mango"},{"floor":27,"key":"Juzu Bracelet"},{"floor":28,"key":"Regal Pillow"},{"floor":32,"key":"Dream Catcher"}],"event_choices":[{"damage_healed":0,"gold_gain":0,"player_choice":"Entered Light","damage_taken":16,"max_hp_gain":0,"max_hp_loss":0,"event_name":"Shining Light","floor":12,"gold_loss":0,"cards_upgraded":["Strike_R","Acrobatics"]},{"damage_healed":0,"gold_gain":0,"cards_transformed":["Strike_R"],"player_choice":"Change","damage_taken":0,"max_hp_gain":0,"max_hp_loss":0,"event_name":"Living Wall","floor":13,"gold_loss":0,"cards_obtained":["Dodge and Roll"]},{"damage_healed":0,"gold_gain":0,"player_choice":"Traded Relic","damage_taken":0,"relics_obtained":["Nloth\u0027s Gift"],"max_hp_gain":0,"max_hp_loss":0,"event_name":"N\u0027loth","floor":20,"relics_lost":["WingedGreaves"],"gold_loss":0},{"damage_healed":0,"gold_gain":0,"player_choice":"Read","damage_taken":0,"max_hp_gain":0,"max_hp_loss":0,"event_name":"The Library","floor":29,"gold_loss":0,"cards_obtained":["Flex"]},{"damage_healed":0,"gold_gain":0,"player_choice":"Ignored","damage_taken":0,"max_hp_gain":0,"max_hp_loss":0,"event_name":"Beggar","floor":31,"gold_loss":0}],"is_beta":false,"boss_relics":[{"not_picked":["Astrolabe","Velvet Choker"],"picked":"Black Blood"}],"items_purged_floors":[],"is_endless":false,"potions_floor_spawned":[1,6,7,14,18,23],"killed_by":"Collector","ascension_level":0}