{"gold_per_floor":[113,125,136,148,160,160,194,194,218,248,264,264,279,293,293,365,365,375,375,325,51,51,51,51,70,70,70,87,102,122,37,37,108,108,120,120,137,12,12,12,45,63,63,83,93,113,113,113,113,113],"floor_reached":50,"playtime":1930,"items_purged":["Berserk","Strike_R","Strike_R"],"score":976,"play_id":"acfdce6a-49b1-435f-8f81-ab4ae3eb7406","local_time":"20190913124159","is_ascension_mode":true,"campfire_choices":[{"data":"Uppercut","floor":6.0,"key":"SMITH"},{"floor":8.0,"key":"REST"},{"data":"Spot Weakness","floor":12.0,"key":"SMITH"},{"floor":15.0,"key":"REST"},{"floor":23.0,"key":"REST"},{"floor":27.0,"key":"REST"},{"floor":32.0,"key":"REST"},{"floor":40.0,"key":"REST"},{"floor":47,"key":"REST"},{"floor":49,"key":"REST"}],"neow_cost":"NONE","seed_source_timestamp":101604836014700,"circlet_count":0,"master_deck":["AscendersBane","Strike_R","Strike_R","Strike_R","Defend_R+1","Defend_R","Defend_R","Defend_R+1","Bash","Clothesline","Uppercut+1","Shrug It Off","Pummel+1","Spot Weakness+1","Hemokinesis+1","Headbutt+1","Shockwave","Flame Barrier+1","Necronomicurse","Dropkick+1","Disarm","Reaper+1","Offering","Flame Barrier+1","Heavy Blade+1","Seeing Red","Bludgeon+1","Power Through+1","Dropkick+1"],"special_seed":0,"relics":["Burning Blood","Molten Egg 2","Smiling Mask","War Paint","Fusion Hammer","Happy Flower","ClockworkSouvenir","Necronomicon","Vajra","Darkstone Periapt","Matryoshka","Orrery","Mercury Hourglass","Orichalcum","Dodecahedron"],"potions_floor_usage":[],"damage_taken":[{"damage":8.0,"enemies":"2 Louse","floor":1.0,"turns":3.0},{"damage":1.0,"enemies":"Cultist","floor":2.0,"turns":3.0},{"damage":4.0,"enemies":"Small Slimes","floor":3.0,"turns":4.0},{"damage":13.0,"enemies":"Blue Slaver","floor":4.0,"turns":5.0},{"damage":12.0,"enemies":"Exordium Wildlife","floor":5.0,"turns":5.0},{"damage":43.0,"enemies":"Lagavulin","floor":7.0,"turns":10.0},{"damage":26.0,"enemies":"Gremlin Nob","floor":10.0,"turns":4.0},{"damage":3.0,"enemies":"Looter","floor":11.0,"turns":2.0},{"damage":14.0,"enemies":"Large Slime","floor":13.0,"turns":5.0},{"damage":5.0,"enemies":"Exordium Thugs","floor":14.0,"turns":4.0},{"damage":29.0,"enemies":"Hexaghost","floor":16.0,"turns":11.0},{"damage":24.0,"enemies":"2 Thieves","floor":18.0,"turns":4.0},{"damage":22.0,"enemies":"Spheric Guardian","floor":25.0,"turns":4.0},{"damage":20.0,"enemies":"Centurion and Healer","floor":28.0,"turns":6.0},{"damage":11.0,"enemies":"Snake Plant","floor":29.0,"turns":4.0},{"damage":7.0,"enemies":"Cultist and Chosen","floor":30.0,"turns":5.0},{"damage":16.0,"enemies":"Automaton","floor":33.0,"turns":6.0},{"damage":18.0,"enemies":"3 Darklings","floor":35.0,"turns":4.0},{"damage":17.0,"enemies":"3 Shapes","floor":37.0,"turns":11.0},{"damage":103.0,"enemies":"Reptomancer","floor":41.0,"turns":7.0},{"damage":24.0,"enemies":"Maw","floor":42.0,"turns":5.0},{"damage":17.0,"enemies":"4 Shapes","floor":44.0,"turns":11.0},{"damage":37.0,"enemies":"Transient","floor":45.0,"turns":6.0},{"damage":6.0,"enemies":"Maw","floor":46.0,"turns":4.0},{"damage":79,"enemies":"Donu and Deca","floor":50,"turns":11}],"seed_played":"-2224435399401687538","potions_obtained":[{"floor":4.0,"key":"GamblersBrew"},{"floor":5.0,"key":"FearPotion"},{"floor":13.0,"key":"SteroidPotion"},{"floor":18.0,"key":"GamblersBrew"},{"floor":28.0,"key":"Strength Potion"},{"floor":30.0,"key":"Fruit Juice"},{"floor":33.0,"key":"Regen Potion"},{"floor":37.0,"key":"EssenceOfSteel"},{"floor":41.0,"key":"AttackPotion"},{"floor":42.0,"key":"Explosive Potion"}],"is_trial":false,"path_per_floor":["M","M","M","M","M","R","E","R","T","E","M","R","M","M","R","B",null,"M","?","$","$","?","R","T","M","T","R","M","M","M","?","R","B",null,"M","?","M","$","?","R","E","M","T","M","M","M","R","?","R","B"],"character_chosen":"IRONCLAD","items_purchased":["ClockworkSouvenir","Bludgeon+1"],"campfire_rested":8,"item_purchase_floors":[21,38],"current_hp_per_floor":[66,71,73,66,60,60,23,45,45,25,28,28,20,21,43,20,61,43,43,43,43,22,44,44,28,28,50,36,31,57,57,80,70,78,80,80,80,80,70,80,25,25,25,16,15,15,39,39,63,0],"gold":113,"neow_bonus":"THREE_CARDS","is_prod":false,"is_daily":false,"chose_seed":false,"campfire_upgraded":2,"win_rate":0,"timestamp":1568403719,"path_taken":["M","M","M","M","M","R","E","R","T","E","M","R","M","M","R","BOSS","M","?","?","$","?","R","?","?","T","R","M","M","M","?","R","BOSS","M","?","M","$","?","R","E","M","T","M","?","M","R","?","R","BOSS"],"build_version":"2019-07-17","purchased_purges":3,"victory":false,"max_hp_per_floor":[75,75,75,75,75,75,75,75,75,75,75,75,75,75,75,75,75,75,75,75,75,75,75,75,75,75,75,75,75,80,80,80,80,80,80,80,80,80,80,80,80,80,80,80,80,80,80,80,80,80],"card_choices":[{"not_picked":["Cleave","Warcry"],"picked":"Clothesline","floor":0.0},{"not_picked":["Clash","Flex","Heavy Blade"],"picked":"SKIP","floor":1.0},{"not_picked":["Warcry","Iron Wave","True Grit"],"picked":"SKIP","floor":2.0},{"not_picked":["Intimidate","Clothesline"],"picked":"Uppercut","floor":3.0},{"not_picked":["Rupture","Heavy Blade"],"picked":"Shrug It Off","floor":4.0},{"not_picked":["Sentinel","Cleave","Intimidate"],"picked":"SKIP","floor":5.0},{"not_picked":["Warcry","Corruption"],"picked":"Pummel","floor":7.0},{"not_picked":["Fire Breathing","Double Tap"],"picked":"Spot Weakness","floor":10.0},{"not_picked":["Dual Wield","Disarm"],"picked":"Hemokinesis+1","floor":11.0},{"not_picked":["Perfected Strike+1","Flex"],"picked":"Headbutt+1","floor":13.0},{"not_picked":["Second Wind","Intimidate"],"picked":"Shockwave","floor":14.0},{"not_picked":["Dark Embrace","Exhume"],"picked":"Berserk","floor":16.0},{"not_picked":["Flex","Cleave+1"],"picked":"Flame Barrier+1","floor":18.0},{"not_picked":["Clothesline+1","Flex"],"picked":"Dropkick+1","floor":25.0},{"not_picked":["Wild Strike+1","Warcry+1"],"picked":"Disarm","floor":28.0},{"not_picked":["Rage","Iron Wave+1"],"picked":"Reaper+1","floor":29.0},{"not_picked":["Armaments","Body Slam+1","Evolve"],"picked":"SKIP","floor":30.0},{"not_picked":["Double Tap","Exhume"],"picked":"Offering","floor":33.0},{"not_picked":["Anger+1","Shrug It Off+1"],"picked":"Flame Barrier+1","floor":34.0},{"not_picked":["Entrench","Combust"],"picked":"Heavy Blade+1","floor":34.0},{"not_picked":["Shockwave","Body Slam+1","Second Wind"],"picked":"SKIP","floor":35.0},{"not_picked":["Twin Strike+1","True Grit"],"picked":"Seeing Red","floor":37.0},{"not_picked":["Bloodletting+1","Pommel Strike+1","Whirlwind+1"],"picked":"SKIP","floor":41.0},{"not_picked":["Clothesline+1","Spot Weakness"],"picked":"Power Through+1","floor":42.0},{"not_picked":["Iron Wave+1","Burning Pact"],"picked":"Dropkick+1","floor":44.0},{"not_picked":["Thunderclap+1","Feel No Pain","Headbutt+1"],"picked":"SKIP","floor":45.0},{"not_picked":["Thunderclap+1","Headbutt+1","Warcry"],"picked":"SKIP","floor":46}],"player_experience":740085,"relics_obtained":[{"floor":7.0,"key":"Molten Egg 2"},{"floor":9.0,"key":"Smiling Mask"},{"floor":10.0,"key":"War Paint"},{"floor":22.0,"key":"Necronomicon"},{"floor":24.0,"key":"Vajra"},{"floor":26.0,"key":"Darkstone Periapt"},{"floor":41.0,"key":"Mercury Hourglass"},{"floor":43.0,"key":"Orichalcum"},{"floor":43.0,"key":"Dodecahedron"}],"event_choices":[{"damage_healed":0.0,"max_hp_gain":0.0,"max_hp_loss":0.0,"gold_gain":0.0,"event_name":"WeMeetAgain","player_choice":"Gave Potion","floor":19.0,"gold_loss":0.0,"damage_taken":0.0,"relics_obtained":["Happy Flower"]},{"damage_healed":0.0,"max_hp_gain":0.0,"max_hp_loss":0.0,"gold_gain":0.0,"event_name":"Cursed Tome","player_choice":"Obtained Book","floor":22.0,"gold_loss":0.0,"damage_taken":21.0},{"damage_healed":0.0,"max_hp_gain":0.0,"max_hp_loss":0.0,"gold_gain":0.0,"event_name":"Addict","player_choice":"Obtained Relic","floor":31.0,"gold_loss":85.0,"damage_taken":0.0,"relics_obtained":["Matryoshka"]},{"damage_healed":0.0,"max_hp_gain":0.0,"max_hp_loss":0.0,"gold_gain":0.0,"event_name":"Tomb of Lord Red Mask","player_choice":"Ignored","floor":36.0,"gold_loss":0.0,"damage_taken":0.0},{"damage_healed":0.0,"max_hp_gain":0.0,"max_hp_loss":0.0,"gold_gain":0.0,"event_name":"SensoryStone","player_choice":"Memory 3","floor":39.0,"gold_loss":0.0,"damage_taken":10.0},{"damage_healed":0,"gold_gain":0,"player_choice":"Ignored","damage_taken":0,"max_hp_gain":0,"max_hp_loss":0,"event_name":"SecretPortal","floor":48,"gold_loss":0}],"is_beta":false,"boss_relics":[{"not_picked":["Philosopher\u0027s Stone","White Beast Statue"],"picked":"Fusion Hammer"},{"not_picked":["Coffee Dripper","Busted Crown"],"picked":"Orrery"}],"items_purged_floors":[20,21,38],"is_endless":false,"potions_floor_spawned":[4,5,13,18,28,30,33,37,41,42],"killed_by":"Donu and Deca","ascension_level":20}