{"gold_per_floor":[114,114,133,308,14,14,52,71,96,134,134,30,68,68,68,193,223,242,12,12,12,31,31,69,69,69,88,107,20,20,39,39,164,164,183,233,252,271,25,44,44,63,63,101,101,120,139,40,40,40],"floor_reached":50,"playtime":2814,"items_purged":[],"score":710,"play_id":"a52ef226-bccb-42b2-93d4-a699a2b0c1a1","local_time":"20190517210700","daily_mods":["Specialized","Green Cards","Night Terrors"],"is_ascension_mode":false,"campfire_choices":[{"data":"Zap","floor":6,"key":"SMITH"},{"floor":11,"key":"REST"},{"data":"Hello World","floor":15,"key":"SMITH"},{"floor":23,"key":"REST"},{"data":"Calculated Gamble","floor":25,"key":"SMITH"},{"data":"Dramatic Entrance","floor":30,"key":"SMITH"},{"floor":32,"key":"REST"},{"data":"Doppelganger","floor":41,"key":"SMITH"},{"data":"Stack","floor":49,"key":"SMITH"}],"neow_cost":"","seed_source_timestamp":0,"circlet_count":0,"master_deck":["Strike_B","Strike_B","Strike_B","Strike_B","Defend_B","Defend_B","Defend_B","Defend_B","Zap+1","Dualcast","Die Die Die","Die Die Die","Die Die Die","Die Die Die","Die Die Die","Outmaneuver","Injury","Deflect","Doubt","Dramatic Entrance+1","Cold Snap","Go for the Eyes","Slice","Darkness","Hello World+1","Sucker Punch","Rainbow","A Thousand Cuts","Shame","Parasite","Slice","Poisoned Stab","Acrobatics","Necronomicurse","Rip and Tear","Calculated Gamble+1","Beam Cell+1","Outmaneuver","Flash of Steel","Reflex","Doppelganger+1","Stack+1","Slice","Tempest+1","Envenom+1","Blind","Parasite","Turbo+1","Dodge and Roll+1","Caltrops+1","Writhe","Escape Plan+1","A Thousand Cuts+1","BootSequence+1","Deflect+1"],"special_seed":18034,"relics":["Cracked Core","Golden Idol","Bronze Scales","Bag of Marbles","Ancient Tea Set","Pear","Bag of Preparation","Calling Bell","Tiny Chest","Letter Opener","WingedGreaves","Anchor","Necronomicon","Happy Flower","Matryoshka","Eternal Feather","Frozen Egg 2","Blood Vial","Lantern","Toxic Egg 2","Dead Branch"],"potions_floor_usage":[7,16,16,28,33,44,44,50,50],"damage_taken":[{"damage":11,"enemies":"Jaw Worm","floor":1,"turns":2},{"damage":0,"enemies":"2 Louse","floor":3,"turns":1},{"damage":29,"enemies":"Gremlin Nob","floor":7,"turns":4},{"damage":0,"enemies":"Small Slimes","floor":8,"turns":1},{"damage":29,"enemies":"Lagavulin","floor":10,"turns":4},{"damage":8,"enemies":"Gremlin Nob","floor":13,"turns":3},{"damage":11,"enemies":"The Guardian","floor":16,"turns":8},{"damage":30,"enemies":"Shell Parasite","floor":18,"turns":5},{"damage":11,"enemies":"2 Thieves","floor":22,"turns":3},{"damage":26,"enemies":"Book of Stabbing","floor":24,"turns":4},{"damage":5,"enemies":"Snake Plant","floor":27,"turns":3},{"damage":22,"enemies":"Sentry and Sphere","floor":28,"turns":4},{"damage":0,"enemies":"Shelled Parasite and Fungi","floor":31,"turns":2},{"damage":60,"enemies":"Automaton","floor":33,"turns":8},{"damage":13,"enemies":"3 Shapes","floor":35,"turns":3},{"damage":0,"enemies":"Orb Walker","floor":37,"turns":2},{"damage":0,"enemies":"Jaw Worm Horde","floor":38,"turns":1},{"damage":37,"enemies":"Writhing Mass","floor":40,"turns":6},{"damage":9,"enemies":"3 Darklings","floor":42,"turns":4},{"damage":29,"enemies":"Nemesis","floor":44,"turns":7},{"damage":16,"enemies":"Jaw Worm Horde","floor":46,"turns":4},{"damage":0,"enemies":"Sphere and 2 Shapes","floor":47,"turns":3},{"damage":82,"enemies":"Time Eater","floor":50,"turns":9}],"seed_played":"2607773541543886392","potions_obtained":[{"floor":1,"key":"SkillPotion"},{"floor":7,"key":"Ancient Potion"},{"floor":13,"key":"Dexterity Potion"},{"floor":27,"key":"Regen Potion"},{"floor":28,"key":"PowerPotion"},{"floor":31,"key":"FairyPotion"},{"floor":42,"key":"EntropicBrew"},{"floor":47,"key":"EssenceOfSteel"}],"is_trial":false,"path_per_floor":["M","?","M","?","$","R","E","M","T","E","R","$","E","?","R","B",null,"M","$","?","?","M","R","E","R","T","M","M","$","R","M","R","B",null,"M","T","M","M","$","M","R","M","T","E","?","M","M","$","R","B"],"character_chosen":"DEFECT","items_purchased":["Bronze Scales","Dramatic Entrance","Cold Snap","Hello World","Sucker Punch","Anchor","Poisoned Stab","Acrobatics","Flash of Steel","Envenom+1","Blind","BootSequence+1","Deflect+1"],"campfire_rested":3,"item_purchase_floors":[5,5,5,12,12,19,19,19,29,39,39,48,48],"current_hp_per_floor":[64,64,64,64,64,64,35,35,35,16,80,80,72,77,77,66,85,55,55,39,39,28,80,54,54,54,49,39,39,39,39,75,15,75,62,62,64,66,66,31,58,51,51,24,43,29,31,31,64,0],"gold":40,"neow_bonus":"","is_prod":false,"is_daily":true,"chose_seed":false,"campfire_upgraded":6,"win_rate":0,"timestamp":1558141620,"path_taken":["M","?","M","?","$","R","E","M","T","E","R","?","E","?","R","BOSS","M","$","?","?","M","R","E","R","T","M","M","$","R","?","R","BOSS","M","?","?","M","$","M","R","M","T","E","?","M","M","$","R","BOSS"],"build_version":"2019-01-23","purchased_purges":0,"victory":false,"max_hp_per_floor":[75,75,75,75,75,75,75,75,75,85,80,80,80,85,85,85,85,85,85,85,85,85,80,80,80,80,80,80,80,80,80,75,75,75,75,75,75,75,75,75,75,75,75,75,75,75,75,75,75,75],"card_choices":[{"not_picked":["All Out Attack","Poisoned Stab"],"picked":"Outmaneuver","floor":1},{"not_picked":["Backflip","Bane"],"picked":"Deflect","floor":3},{"not_picked":["Expertise","Calculated Gamble"],"picked":"Go for the Eyes","floor":7},{"not_picked":["Flying Knee","Ball Lightning"],"picked":"Slice","floor":8},{"not_picked":["Barrage","Eviscerate"],"picked":"Darkness","floor":10},{"not_picked":["All Out Attack","Blizzard"],"picked":"Rainbow","floor":13},{"not_picked":["Echo Form","Amplify"],"picked":"A Thousand Cuts","floor":16},{"not_picked":["Flying Knee","All Out Attack"],"picked":"Slice","floor":18},{"not_picked":["Conserve Battery+1","Dagger Spray"],"picked":"Rip and Tear","floor":22},{"not_picked":["Hologram","Glacier"],"picked":"Calculated Gamble","floor":24},{"not_picked":["Bane","Dagger Throw"],"picked":"Beam Cell+1","floor":27},{"not_picked":["Darkness","Chaos"],"picked":"Outmaneuver","floor":28},{"not_picked":["Masterful Stab","Bane"],"picked":"Reflex","floor":31},{"not_picked":["Burst","Machine Learning"],"picked":"Doppelganger","floor":33},{"not_picked":["Dagger Throw","Hologram"],"picked":"Stack","floor":35},{"not_picked":["Darkness+1","Dagger Spray"],"picked":"Slice","floor":37},{"not_picked":["Go for the Eyes","Redo"],"picked":"Tempest+1","floor":38},{"not_picked":["Outmaneuver","Dagger Spray+1"],"picked":"Turbo+1","floor":40},{"not_picked":["Hologram+1","Reinforced Body"],"picked":"Dodge and Roll+1","floor":42},{"not_picked":["Chaos+1","Rebound+1"],"picked":"Caltrops+1","floor":44},{"not_picked":["Backflip+1","Prepared+1"],"picked":"Escape Plan+1","floor":46},{"not_picked":["Underhanded Strike+1","Hologram+1"],"picked":"A Thousand Cuts+1","floor":47}],"player_experience":680833,"relics_obtained":[{"floor":7,"key":"Bag of Marbles"},{"floor":9,"key":"Ancient Tea Set"},{"floor":10,"key":"Pear"},{"floor":13,"key":"Bag of Preparation"},{"floor":17,"key":"Tiny Chest"},{"floor":17,"key":"Letter Opener"},{"floor":17,"key":"WingedGreaves"},{"floor":20,"key":"Necronomicon"},{"floor":24,"key":"Happy Flower"},{"floor":26,"key":"Matryoshka"},{"floor":36,"key":"Frozen Egg 2"},{"floor":36,"key":"Blood Vial"},{"floor":43,"key":"Lantern"},{"floor":43,"key":"Toxic Egg 2"},{"floor":44,"key":"Dead Branch"}],"event_choices":[{"damage_healed":0,"gold_gain":0,"player_choice":"Take Wound","damage_taken":0,"relics_obtained":["Golden Idol"],"max_hp_gain":0,"max_hp_loss":0,"event_name":"Golden Idol","floor":2,"gold_loss":0,"cards_obtained":["Injury"]},{"damage_healed":0,"gold_gain":175,"player_choice":"AGREE","damage_taken":0,"max_hp_gain":0,"max_hp_loss":0,"event_name":"Liars Game","floor":4,"gold_loss":0,"cards_obtained":["Doubt"]},{"damage_healed":0,"gold_gain":0,"player_choice":"Donut","damage_taken":0,"max_hp_gain":5,"max_hp_loss":0,"event_name":"Big Fish","floor":14,"gold_loss":0},{"damage_healed":0,"gold_gain":0,"player_choice":"Obtained Book","damage_taken":16,"max_hp_gain":0,"max_hp_loss":0,"event_name":"Cursed Tome","floor":20,"gold_loss":0},{"cards_removed":["Pain"],"damage_healed":0,"gold_gain":0,"player_choice":"Purged","damage_taken":0,"max_hp_gain":0,"max_hp_loss":0,"event_name":"Purifier","floor":21,"gold_loss":0},{"damage_healed":19,"gold_gain":0,"player_choice":"Writhe","damage_taken":0,"max_hp_gain":0,"max_hp_loss":0,"event_name":"Winding Halls","floor":45,"gold_loss":0,"cards_obtained":["Writhe"]}],"is_beta":false,"boss_relics":[{"not_picked":["Snecko Eye","Inserter"],"picked":"Calling Bell"},{"not_picked":["White Beast Statue","Astrolabe"],"picked":"Eternal Feather"}],"items_purged_floors":[],"is_endless":false,"potions_floor_spawned":[1,7,13,27,28,31,42,47],"killed_by":"Time Eater","ascension_level":0}