{"gold_per_floor":[114,129,129,4,4,4,34,49,124,154,119,119,138,22,22,147,147,166,166,9,28,47,47],"floor_reached":23,"playtime":1851,"items_purged":[],"score":199,"play_id":"3c0db146-5a00-4cce-9232-e29c51fbf688","local_time":"20180712034337","daily_mods":["Allstar","Elite Swarm","Night Terrors"],"is_ascension_mode":false,"campfire_choices":[{"data":"Meteor Strike","floor":6,"key":"SMITH"},{"data":"Buffer","floor":15,"key":"SMITH"}],"neow_cost":"","seed_source_timestamp":0,"circlet_count":0,"master_deck":["Strike_B","Strike_B","Strike_B","Strike_B","Defend_B","Defend_B","Defend_B","Defend_B","Zap","Dualcast","Magnetism","Blind","Transmutation","Purity","Master of Strategy","Go for the Eyes","Stack","Meteor Strike+1","Gash","Buffer","Turbo","Buffer+1","Injury","Conserve Battery","Self Repair","Tempest","Creative AI","Streamline","Hello World","Chaos","Ball Lightning","Steam","Aggregate+1"],"special_seed":17724,"relics":["Cracked Core","Cables","Dodecahedron","Letter Opener","Bottled Tornado","Golden Idol","Black Star"],"potions_floor_usage":[7,10,18,21,21,22],"damage_taken":[{"damage":0,"enemies":"Cultist","floor":1,"turns":4},{"damage":1,"enemies":"Small Slimes","floor":2,"turns":3},{"damage":27,"enemies":"Gremlin Nob","floor":7,"turns":4},{"damage":17,"enemies":"2 Louse","floor":8,"turns":3},{"damage":18,"enemies":"Lagavulin","floor":10,"turns":6},{"damage":0,"enemies":"Blue Slaver","floor":13,"turns":4},{"damage":16,"enemies":"Hexaghost","floor":16,"turns":12},{"damage":22,"enemies":"3 Byrds","floor":18,"turns":4},{"damage":10,"enemies":"Spheric Guardian","floor":21,"turns":4},{"damage":10,"enemies":"Centurion and Healer","floor":22,"turns":7},{"damage":35,"enemies":"Slavers","floor":23,"turns":2}],"seed_played":"-4311942942209726919","potions_obtained":[{"floor":2,"key":"Swift Potion"},{"floor":7,"key":"AttackPotion"},{"floor":16,"key":"AttackPotion"},{"floor":19,"key":"Swift Potion"},{"floor":19,"key":"FocusPotion"},{"floor":19,"key":"FocusPotion"}],"is_trial":false,"path_per_floor":["M","M","?","$","?","R","E","M","T","E","?","?","M","$","R","B",null,"M","?","$","M","M"],"character_chosen":"DEFECT","items_purchased":["Meteor Strike","Gash","Self Repair","Tempest","Hello World","Chaos","Ball Lightning"],"campfire_rested":0,"item_purchase_floors":[4,4,14,14,20,20,20],"current_hp_per_floor":[75,74,74,74,74,74,47,30,30,12,30,30,30,30,30,21,75,53,53,53,43,33,0],"gold":47,"neow_bonus":"","is_prod":false,"is_daily":true,"chose_seed":false,"campfire_upgraded":2,"win_rate":0.0,"timestamp":1531381417,"path_taken":["M","?","?","?","?","R","E","?","T","E","?","?","M","$","R","BOSS","M","?","?","M","M","E"],"build_version":"2018-07-05","purchased_purges":0,"victory":false,"max_hp_per_floor":[75,75,75,75,75,75,75,75,75,75,75,75,75,75,75,75,75,75,75,75,75,75,75],"card_choices":[{"not_picked":["Sweeping Beam","Steam"],"picked":"Go for the Eyes","floor":1},{"not_picked":["Hologram","Rebound"],"picked":"Stack","floor":2},{"not_picked":["Seek","Machine Learning"],"picked":"Buffer","floor":7},{"not_picked":["Steam","Barrage"],"picked":"Turbo","floor":8},{"not_picked":["Seek","Amplify"],"picked":"Buffer","floor":10},{"not_picked":["Ball Lightning","Sweeping Beam"],"picked":"Conserve Battery","floor":13},{"not_picked":["Machine Learning","Electrodynamics"],"picked":"Creative AI","floor":16},{"not_picked":["Sweeping Beam+1","Beam Cell"],"picked":"Streamline","floor":18},{"not_picked":["Ball Lightning","Compile Driver+1"],"picked":"Steam","floor":21},{"not_picked":["Hologram","Sweeping Beam"],"picked":"Aggregate+1","floor":22}],"player_experience":263710,"relics_obtained":[{"floor":7,"key":"Dodecahedron"},{"floor":9,"key":"Letter Opener"},{"floor":10,"key":"Bottled Tornado"}],"event_choices":[{"event_name":"Big Fish","player_choice":"Box","floor":3,"damage_taken":0},{"event_name":"Living Wall","player_choice":"Forget","floor":5,"damage_taken":0},{"event_name":"The Cleric","player_choice":"Healed","floor":11,"damage_taken":0},{"event_name":"Golden Idol","player_choice":"Take Wound","floor":12,"damage_taken":0},{"event_name":"The Lab","player_choice":"Got Potions","floor":19,"damage_taken":0}],"boss_relics":[{"not_picked":["Ectoplasm","Sozu"],"picked":"Black Star"}],"items_purged_floors":[],"is_endless":false,"potions_floor_spawned":[2,7,16],"killed_by":"Slavers","ascension_level":0}