{"gold_per_floor":[110,110,110,127,10,36,36,54,54,71,71,146,146,161,161,161],"floor_reached":16,"playtime":569,"items_purged":[],"score":105,"play_id":"0a8b9dbe-8d4a-4a5e-940a-22dbc519505c","local_time":"20180623095618","is_ascension_mode":true,"campfire_choices":[{"data":"Bandage Up","floor":7,"key":"SMITH"},{"data":"Loop","floor":11,"key":"SMITH"},{"data":"Self Repair","floor":13,"key":"SMITH"},{"floor":15,"key":"REST"}],"neow_cost":"NONE","seed_source_timestamp":6892300832885,"circlet_count":0,"master_deck":["Strike_B","Strike_B","Strike_B","Strike_B","Defend_B","Defend_B","Defend_B","Defend_B","Zap","Dualcast","Loop+1","Scrape","Normality","Ball Lightning","Bandage Up+1","Cold Snap","Gash","Self Repair+1","Turbo","Streamline"],"relics":["Cracked Core","Mercury Hourglass","Calipers","Oddly Smooth Stone"],"potions_floor_usage":[6,16],"damage_taken":[{"damage":0,"enemies":"Small Slimes","floor":1,"turns":3},{"damage":6,"enemies":"Jaw Worm","floor":4,"turns":3},{"damage":30,"enemies":"Gremlin Nob","floor":6,"turns":4},{"damage":1,"enemies":"2 Louse","floor":8,"turns":2},{"damage":4,"enemies":"Gremlin Gang","floor":10,"turns":3},{"damage":11,"enemies":"Red Slaver","floor":14,"turns":2},{"damage":66,"enemies":"Hexaghost","floor":16,"turns":9}],"seed_played":"3829345502704208681","potions_obtained":[{"floor":1,"key":"AttackPotion"},{"floor":8,"key":"SpeedPotion"}],"is_trial":false,"path_per_floor":["M","?","?","M","$","E","R","M","T","M","R","?","R","M","R"],"character_chosen":"DEFECT","items_purchased":["Bandage Up","Cold Snap"],"campfire_rested":1,"item_purchase_floors":[5,5],"current_hp_per_floor":[75,75,75,69,69,43,43,42,42,51,51,40,40,35,57,0],"gold":161,"neow_bonus":"THREE_CARDS","is_prod":false,"is_daily":false,"chose_seed":false,"campfire_upgraded":3,"win_rate":0.0,"timestamp":1529762178,"path_taken":["M","?","?","M","$","E","R","M","T","M","R","?","R","M","R","BOSS"],"build_version":"2018-06-21v2","purchased_purges":0,"victory":false,"max_hp_per_floor":[75,75,75,75,75,75,75,75,75,75,75,75,75,75,75,75],"card_choices":[{"not_picked":["Streamline","Ball Lightning"],"picked":"Loop","floor":0},{"not_picked":["Rebound","Compile Driver"],"picked":"Scrape","floor":1},{"not_picked":["Compile Driver","Consume"],"picked":"Ball Lightning","floor":4},{"not_picked":["Rebound","Static Discharge"],"picked":"Gash","floor":6},{"not_picked":["Go for the Eyes","Coolheaded"],"picked":"Self Repair","floor":8},{"not_picked":["Biased Cognition","Cold Snap"],"picked":"Turbo","floor":10},{"not_picked":["Redo","Compile Driver"],"picked":"Streamline","floor":14}],"player_experience":228040,"relics_obtained":[{"floor":6,"key":"Calipers"},{"floor":9,"key":"Oddly Smooth Stone"}],"event_choices":[{"event_name":"The Cleric","player_choice":"Leave","floor":2,"damage_taken":0},{"event_name":"Accursed Blacksmith","player_choice":"Rummage","floor":3,"damage_taken":0},{"event_name":"World of Goop","player_choice":"Gather Gold","floor":12,"damage_taken":0}],"boss_relics":[],"items_purged_floors":[],"is_endless":false,"potions_floor_spawned":[1,8],"killed_by":"Hexaghost","ascension_level":1}