{"path_per_floor":["M","?","?","M","$","E","R","M","T","M","?","M","?","$","R","B",null,"M","M","$","?","?"],"character_chosen":"DEFECT","items_purchased":["Self Repair","Aggregate","Defragment","Streamline","Capacitor","Finesse"],"gold_per_floor":[109,109,109,126,19,51,51,67,90,101,122,142,142,43,43,145,145,158,169,2,152,152,152],"floor_reached":23,"campfire_rested":1,"playtime":2366,"item_purchase_floors":[5,5,14,14,20,20],"current_hp_per_floor":[75,63,63,41,41,22,44,50,50,46,42,49,49,49,49,51,75,43,40,40,40,26,0],"items_purged":[],"gold":152,"score":189,"play_id":"42216e66-9fdb-44a8-9b19-d2c44c152000","local_time":"20180614181255","is_prod":false,"is_daily":false,"chose_seed":false,"is_ascension_mode":false,"campfire_upgraded":1,"win_rate":0.0,"timestamp":1529014375,"campfire_choices":[{"floor":7,"key":"REST"},{"data":"Sunder","floor":15,"key":"SMITH"}],"path_taken":["M","?","?","?","$","E","R","M","T","M","?","M","?","$","R","BOSS","M","M","$","?","?","E"],"build_version":"2018-06-07v3","seed_source_timestamp":9024791838375,"purchased_purges":0,"victory":false,"master_deck":["Strike_B","Strike_B","Strike_B","Strike_B","Defend_B","Defend_B","Defend_B","Defend_B","Zap","Redo","Turbo","Self Repair","Aggregate","Sunder+1","Sweeping Beam","Undo","Machine Learning","Coolheaded","Blind","Defragment","Streamline","Echo Form","Loop+1","Beam Cell","Capacitor","Finesse"],"max_hp_per_floor":[75,75,75,75,75,75,75,75,75,75,75,75,75,75,75,75,75,75,75,75,75,80,80],"relics":["Cracked Core","Vajra","Dead Branch","Anchor","Odd Mushroom","Inserter"],"card_choices":[{"not_picked":["Barrage","Scrape"],"picked":"Redo","floor":1},{"not_picked":["Beam Cell","Hologram"],"picked":"Turbo","floor":4},{"not_picked":["Chill","Coolheaded"],"picked":"Sunder","floor":6},{"not_picked":["Beam Cell","Redo"],"picked":"Sweeping Beam","floor":8},{"not_picked":["Sweeping Beam","Consume"],"picked":"Undo","floor":10},{"not_picked":["Leap","Hologram"],"picked":"Machine Learning","floor":11},{"not_picked":["Lockon","Blizzard"],"picked":"Coolheaded","floor":12},{"not_picked":["Multi-Cast","Rainbow"],"picked":"Echo Form","floor":16},{"not_picked":["BootSequence","Barrage"],"picked":"Loop+1","floor":18},{"not_picked":["Compile Driver","Leap"],"picked":"Beam Cell","floor":19}],"player_experience":199482,"potions_floor_usage":[1,4,12,16,16],"damage_taken":[{"damage":0,"enemies":"Small Slimes","floor":1,"turns":4},{"damage":22,"enemies":"Jaw Worm","floor":4,"turns":5},{"damage":26,"enemies":"3 Sentries","floor":6,"turns":8},{"damage":1,"enemies":"2 Louse","floor":8,"turns":2},{"damage":11,"enemies":"Lots of Slimes","floor":10,"turns":3},{"damage":11,"floor":11,"turns":4},{"damage":0,"enemies":"Blue Slaver","floor":12,"turns":3},{"damage":5,"enemies":"The Guardian","floor":16,"turns":13},{"damage":39,"enemies":"Spheric Guardian","floor":18,"turns":6},{"damage":10,"enemies":"Shell Parasite","floor":19,"turns":6},{"damage":35,"enemies":"Book of Stabbing","floor":23,"turns":5}],"relics_obtained":[{"floor":6,"key":"Dead Branch"},{"floor":9,"key":"Anchor"},{"floor":11,"key":"Odd Mushroom"}],"event_choices":[{"event_name":"Scrap Ooze","player_choice":"success","floor":2,"damage_taken":12},{"event_name":"Bonfire Elementals","player_choice":"BASIC","floor":3,"damage_taken":0},{"event_name":"Mushrooms","player_choice":"Fought Mushrooms","floor":11,"damage_taken":0},{"event_name":"Match and Keep!","player_choice":"1 cards matched","floor":13,"damage_taken":0},{"event_name":"Nest","player_choice":"Stole From Cult","floor":21,"damage_taken":0},{"event_name":"Forgotten Altar","player_choice":"Shed Blood","floor":22,"damage_taken":0}],"boss_relics":[{"not_picked":["Cursed Key","Ectoplasm"],"picked":"Inserter"}],"items_purged_floors":[],"potions_floor_spawned":[8,10,11,12],"seed_played":"3335175411986508557","killed_by":"Book of Stabbing","ascension_level":0,"potions_obtained":[{"floor":8,"key":"EssenceOfSteel"},{"floor":10,"key":"FocusPotion"},{"floor":12,"key":"SkillPotion"}],"is_trial":false}