{"path_per_floor":["M","M","M","?","$","E","M","R","T","?","M","M","M","M","R","B",null,"M","M","M","M","?","E","T","M","T","?","M","$","R","M","R","B",null,"M","M","?","?","M","$","M","M","T","R","M","R","E","M","R","B"],"character_chosen":"IRONCLAD","items_purchased":["True Grit","Flame Barrier","Wild Strike","Prayer Wheel","Bottled Tornado","Fire Breathing","Iron Wave+1"],"gold_per_floor":[114,129,144,144,0,30,45,45,45,45,90,105,120,435,435,535,535,475,490,505,520,520,550,575,590,640,640,655,0,0,15,15,115,115,130,145,0,0,15,15,30,45,45,45,60,60,90,105,105,105],"floor_reached":51,"campfire_rested":1,"playtime":8046,"item_purchase_floors":[5,5,5,29,29,29,29],"current_hp_per_floor":[80,83,83,66,66,67,59,59,59,56,56,62,65,77,77,66,97,87,83,70,69,69,54,54,44,44,28,48,48,48,65,105,104,105,105,105,105,92,100,100,105,105,115,115,115,115,122,122,122,122],"items_purged":[],"gold":105,"score":807,"play_id":"1d267f7e-b55c-4fc9-b417-63c9806ecc57","local_time":"20180530010646","daily_mods":["Shiny","Uncertain Future","Vintage"],"is_prod":false,"is_daily":true,"chose_seed":false,"is_ascension_mode":false,"campfire_upgraded":3,"win_rate":0,"timestamp":1527656806,"campfire_choices":[{"data":"Feed","floor":8,"key":"SMITH"},{"data":"Barricade","floor":15,"key":"SMITH"},{"data":"1","floor":30,"key":"LIFT"},{"floor":32,"key":"REST"},{"data":"2","floor":44,"key":"LIFT"},{"data":"3","floor":46,"key":"LIFT"},{"data":"Impervious","floor":49,"key":"SMITH"}],"path_taken":["M","M","M","?","$","E","?","R","T","?","M","M","M","M","R","BOSS","M","M","M","M","?","E","?","M","T","?","M","$","R","M","R","BOSS","M","M","?","?","M","$","M","M","T","R","?","R","E","M","R","BOSS"],"build_version":"2018-05-24","seed_source_timestamp":0,"purchased_purges":0,"victory":true,"master_deck":["Double Tap+1","Demon Form+1","Bludgeon+1","Feed+1","Limit Break+1","Barricade+1","Fiend Fire+1","Dark Embrace","Berserk","Impervious+1","Juggernaut","Reaper","Exhume","Offering","Immolate+1","True Grit","Flame Barrier","Wild Strike","Entrench+1","Limit Break+1","Armaments+1","Necronomicurse","Fire Breathing","Iron Wave+1","Rage+1","Immolate+1","Madness+1","Madness+1","Perfected Strike+1"],"max_hp_per_floor":[80,83,83,83,83,86,89,89,89,89,93,93,93,97,97,97,97,97,97,97,101,101,101,101,101,101,101,105,105,105,105,105,105,105,105,105,105,105,105,105,105,105,115,115,115,115,122,122,122,122],"relics":["Burning Blood","War Paint","Bronze Scales","Paper Frog","Toxic Egg 2","Self Forming Clay","Unceasing Top","Pantograph","Tiny Chest","Blood Vial","Lantern","Old Coin","Bottled Flame","Runic Cube","Singing Bowl","Matryoshka","Happy Flower","Mummified Hand","Molten Egg 2","Regal Pillow","Dream Catcher","Meat on the Bone","Vajra","Bag of Preparation","Necronomicon","Girya","Prayer Wheel","Bottled Tornado","Omamori","Question Card","Eternal Feather","Mercury Hourglass","Orichalcum","Red Mask","Centennial Puzzle","Bag of Marbles","Toolbox","Pear","Whetstone","Strawberry","Blue Candle"],"card_choices":[{"not_picked":["Warcry","Searing Blow"],"picked":"Entrench","floor":6},{"not_picked":["Impervious+1","Offering+1"],"picked":"Limit Break+1","floor":16},{"not_picked":["Infernal Blade+1","Blood for Blood+1"],"picked":"Armaments+1","floor":23},{"not_picked":["Spot Weakness+1","Twin Strike+1"],"picked":"Rage+1","floor":32},{"not_picked":["Dark Embrace","Demon Form"],"picked":"Immolate+1","floor":33},{"not_picked":["Headbutt+1","Searing Blow+1","Shockwave+1"],"picked":"Perfected Strike+1","floor":47}],"player_experience":101704,"potions_floor_usage":[6,16,16,16,19,33,33,50,50,50],"damage_taken":[{"damage":0,"enemies":"2 Louse","floor":1,"turns":1},{"damage":0,"enemies":"Small Slimes","floor":2,"turns":2},{"damage":0,"enemies":"Cultist","floor":3,"turns":2},{"damage":8,"enemies":"Gremlin Nob","floor":6,"turns":4},{"damage":17,"enemies":"Blue Slaver","floor":7,"turns":3},{"damage":18,"enemies":"Exordium Wildlife","floor":11,"turns":4},{"damage":0,"enemies":"Gremlin Gang","floor":12,"turns":1},{"damage":9,"enemies":"Blue Slaver","floor":13,"turns":4},{"damage":8,"enemies":"Red Slaver","floor":14,"turns":5},{"damage":49,"enemies":"Slime Boss","floor":16,"turns":10},{"damage":24,"enemies":"2 Thieves","floor":18,"turns":4},{"damage":12,"enemies":"Shell Parasite","floor":19,"turns":6},{"damage":21,"enemies":"Snake Plant","floor":20,"turns":2},{"damage":37,"enemies":"3 Cultists","floor":21,"turns":5},{"damage":35,"enemies":"Gremlin Leader","floor":23,"turns":6},{"damage":26,"enemies":"Cultist and Chosen","floor":25,"turns":6},{"damage":4,"enemies":"Sentry and Sphere","floor":28,"turns":2},{"damage":11,"enemies":"Centurion and Healer","floor":31,"turns":5},{"damage":7,"enemies":"Automaton","floor":33,"turns":10},{"damage":0,"enemies":"3 Darklings","floor":35,"turns":2},{"damage":6,"enemies":"3 Shapes","floor":36,"turns":1},{"damage":0,"enemies":"3 Darklings","floor":39,"turns":1},{"damage":0,"enemies":"Sphere and 2 Shapes","floor":41,"turns":3},{"damage":0,"enemies":"Maw","floor":42,"turns":5},{"damage":0,"enemies":"3 Darklings","floor":45,"turns":1},{"damage":0,"enemies":"2 Orb Walkers","floor":47,"turns":1},{"damage":13,"enemies":"4 Shapes","floor":48,"turns":2},{"damage":10,"enemies":"Donu and Deca","floor":50,"turns":7}],"relics_obtained":[{"floor":1,"key":"War Paint"},{"floor":2,"key":"Bronze Scales"},{"floor":3,"key":"Paper Frog"},{"floor":6,"key":"Toxic Egg 2"},{"floor":7,"key":"Self Forming Clay"},{"floor":9,"key":"Unceasing Top"},{"floor":11,"key":"Tiny Chest"},{"floor":12,"key":"Blood Vial"},{"floor":13,"key":"Lantern"},{"floor":14,"key":"Old Coin"},{"floor":16,"key":"Bottled Flame"},{"floor":18,"key":"Singing Bowl"},{"floor":19,"key":"Matryoshka"},{"floor":20,"key":"Happy Flower"},{"floor":21,"key":"Mummified Hand"},{"floor":23,"key":"Molten Egg 2"},{"floor":24,"key":"Regal Pillow"},{"floor":24,"key":"Dream Catcher"},{"floor":25,"key":"Meat on the Bone"},{"floor":26,"key":"Vajra"},{"floor":26,"key":"Bag of Preparation"},{"floor":27,"key":"Necronomicon"},{"floor":28,"key":"Girya"},{"floor":31,"key":"Omamori"},{"floor":33,"key":"Question Card"},{"floor":35,"key":"Mercury Hourglass"},{"floor":36,"key":"Orichalcum"},{"floor":39,"key":"Centennial Puzzle"},{"floor":41,"key":"Bag of Marbles"},{"floor":42,"key":"Toolbox"},{"floor":43,"key":"Pear"},{"floor":45,"key":"Whetstone"},{"floor":47,"key":"Strawberry"},{"floor":48,"key":"Blue Candle"}],"event_choices":[{"event_name":"Shining Light","player_choice":"Entered Light","floor":4,"damage_taken":0},{"event_name":"Scrap Ooze","player_choice":"success","floor":10,"damage_taken":3},{"event_name":"Wheel of Change","player_choice":"Card Removal","floor":22,"damage_taken":0},{"event_name":"Cursed Tome","player_choice":"Obtained Book","floor":27,"damage_taken":0},{"event_name":"Tomb of Lord Red Mask","player_choice":"Paid","floor":37,"damage_taken":0},{"event_name":"Winding Halls","player_choice":"Embrace Madness","floor":38,"damage_taken":0}],"boss_relics":[{"not_picked":["Black Blood","Philosopher\u0027s Stone"],"picked":"Runic Cube"},{"not_picked":["Runic Pyramid","White Beast Statue"],"picked":"Eternal Feather"}],"items_purged_floors":[],"potions_floor_spawned":[3,7,12,14,16,19,21,33,36,41,42,45],"seed_played":"-522671777961550399","ascension_level":0,"potions_obtained":[{"floor":3,"key":"SkillPotion"},{"floor":7,"key":"EssenceOfSteel"},{"floor":12,"key":"SneckoOil"},{"floor":14,"key":"Fire Potion"},{"floor":16,"key":"LiquidBronze"},{"floor":19,"key":"Block Potion"},{"floor":21,"key":"PowerPotion"},{"floor":33,"key":"Explosive Potion"},{"floor":36,"key":"Block Potion"},{"floor":41,"key":"LiquidBronze"}],"is_trial":false}