{"gold_per_floor":[115,135,100,100,110,142,142,173,173,173,173],"floor_reached":11,"playtime":222,"items_purged":[],"score":162,"play_id":"d0188537-b5fa-43c0-a849-9b8f7ffb7275","local_time":"20190922121117","is_ascension_mode":true,"campfire_choices":[{"floor":7,"key":"REST"},{"data":"Carnage","floor":10,"key":"SMITH"}],"neow_cost":"NONE","seed_source_timestamp":475246630270000,"circlet_count":0,"master_deck":["AscendersBane","Strike_R","Strike_R","Strike_R","Strike_R","Strike_R+1","Defend_R","Defend_R","Defend_R","Defend_R","Bash","Wild Strike+1","Armaments","Clothesline","Carnage+1","Disarm","True Grit"],"relics":["Burning Blood","MealTicket","Pear","Meat on the Bone"],"potions_floor_usage":[],"damage_taken":[{"damage":14,"enemies":"Jaw Worm","floor":1,"turns":4},{"damage":7,"enemies":"Small Slimes","floor":2,"turns":3},{"damage":0,"enemies":"2 Louse","floor":5,"turns":1},{"damage":35,"enemies":"Lagavulin","floor":6,"turns":5},{"damage":30,"enemies":"Gremlin Nob","floor":8,"turns":4},{"damage":40,"enemies":"3 Sentries","floor":11,"turns":5}],"seed_played":"6912575198453684533","potions_obtained":[{"floor":1,"key":"SpeedPotion"},{"floor":2,"key":"ElixirPotion"}],"is_trial":false,"path_per_floor":["M","M","?","?","M","E","R","E","T","R","E"],"character_chosen":"IRONCLAD","items_purchased":[],"campfire_rested":1,"item_purchase_floors":[],"current_hp_per_floor":[60,59,75,52,58,29,51,37,37,37,0],"gold":173,"neow_bonus":"THREE_CARDS","is_prod":false,"is_daily":false,"chose_seed":false,"campfire_upgraded":1,"win_rate":0,"timestamp":1569179477,"path_taken":["M","M","?","?","M","E","R","E","T","R","E"],"build_version":"2019-09-20","purchased_purges":0,"victory":false,"max_hp_per_floor":[75,75,75,75,75,75,75,85,85,85,85],"card_choices":[{"not_picked":["Heavy Blade","Headbutt"],"picked":"Wild Strike","floor":0},{"not_picked":["Sentinel","Flex"],"picked":"Armaments","floor":1},{"not_picked":["Sever Soul","Cleave"],"picked":"Clothesline","floor":2},{"not_picked":["Heavy Blade","True Grit"],"picked":"Carnage","floor":5},{"not_picked":["Burning Pact","Clothesline"],"picked":"Disarm","floor":6},{"not_picked":["Intimidate","Flex"],"picked":"True Grit","floor":8}],"player_experience":960873,"relics_obtained":[{"floor":6,"key":"MealTicket"},{"floor":8,"key":"Pear"},{"floor":9,"key":"Meat on the Bone"}],"event_choices":[{"damage_healed":18,"gold_gain":0,"player_choice":"Healed","damage_taken":0,"max_hp_gain":0,"max_hp_loss":0,"event_name":"The Cleric","floor":3,"gold_loss":35},{"damage_healed":0,"gold_gain":0,"player_choice":"Entered Light","damage_taken":23,"max_hp_gain":0,"max_hp_loss":0,"event_name":"Shining Light","floor":4,"gold_loss":0,"cards_upgraded":["Strike_R","Wild Strike"]}],"is_beta":true,"boss_relics":[],"items_purged_floors":[],"is_endless":false,"potions_floor_spawned":[1,2,6],"killed_by":"3 Sentries","ascension_level":20}