{"gold_per_floor":[118,118,18,30,30,30,58,58,81,92,127,177,177,189,189,263,263,278,291,76,95,95,95,105,130,130,147,127,140,140,160,160,236,236,246,265,105,155,78,106,106,141,141,141,16,33,33,50,50,50,50],"floor_reached":52,"playtime":3824,"items_purged":["Pain","Strike_R","Pain"],"score":2055,"play_id":"78704a44-fad9-4e28-9766-b6d7581f147c","local_time":"20190922165959","is_ascension_mode":true,"campfire_choices":[{"data":"Immolate","floor":6.0,"key":"SMITH"},{"data":"Demon Form","floor":8.0,"key":"SMITH"},{"data":"Corruption","floor":13.0,"key":"SMITH"},{"data":"Body Slam","floor":15.0,"key":"SMITH"},{"floor":23.0,"key":"REST"},{"floor":30.0,"key":"REST"},{"floor":32.0,"key":"REST"},{"data":"Juggernaut","floor":41.0,"key":"SMITH"},{"data":"Sentinel","floor":49,"key":"SMITH"}],"neow_cost":"CURSE","seed_source_timestamp":488822724436000,"circlet_count":0,"master_deck":["AscendersBane","Strike_R","Strike_R","Strike_R","Defend_R","Defend_R","Defend_R","Defend_R","Bash","Immolate+1","Burning Pact","True Grit","Corruption+1","Demon Form+1","Body Slam+1","True Grit","Juggernaut+1","Battle Trance","Shrug It Off","Flash of Steel","Shrug It Off","Sentinel+1","True Grit","Body Slam","Dark Embrace","Shrug It Off+1","Offering","Shrug It Off+1","Power Through","Body Slam","Power Through+1","Injury","Shrug It Off"],"special_seed":0,"relics":["Burning Blood","Question Card","Happy Flower","Shuriken","Cursed Key","Lizard Tail","FossilizedHelix","Snecko Eye","Bag of Preparation","Mango","Vajra","Incense Burner"],"potions_floor_usage":[51],"damage_taken":[{"damage":0.0,"enemies":"Small Slimes","floor":1.0,"turns":2.0},{"damage":1.0,"enemies":"Cultist","floor":4.0,"turns":4.0},{"damage":40.0,"enemies":"Lagavulin","floor":7.0,"turns":4.0},{"damage":0.0,"enemies":"2 Louse","floor":10.0,"turns":2.0},{"damage":15.0,"enemies":"3 Sentries","floor":11.0,"turns":5.0},{"damage":1.0,"enemies":"Looter","floor":14.0,"turns":3.0},{"damage":32.0,"enemies":"The Guardian","floor":16.0,"turns":11.0},{"damage":23.0,"enemies":"Shell Parasite","floor":18.0,"turns":4.0},{"damage":14.0,"enemies":"Spheric Guardian","floor":19.0,"turns":4.0},{"damage":17.0,"enemies":"Snake Plant","floor":21.0,"turns":4.0},{"damage":3.0,"enemies":"Snecko","floor":24.0,"turns":5.0},{"damage":39.0,"enemies":"Book of Stabbing","floor":25.0,"turns":5.0},{"damage":14.0,"enemies":"Centurion and Healer","floor":27.0,"turns":6.0},{"damage":21.0,"enemies":"Cultist and Chosen","floor":29.0,"turns":5.0},{"damage":9.0,"enemies":"Shelled Parasite and Fungi","floor":31.0,"turns":4.0},{"damage":40.0,"enemies":"Champ","floor":33.0,"turns":11.0},{"damage":7.0,"enemies":"3 Shapes","floor":35.0,"turns":3.0},{"damage":2.0,"enemies":"Orb Walker","floor":36.0,"turns":3.0},{"damage":11.0,"enemies":"Giant Head","floor":40.0,"turns":4.0},{"damage":13.0,"enemies":"Reptomancer","floor":42.0,"turns":3.0},{"damage":0,"enemies":"Writhing Mass","floor":46,"turns":4},{"damage":0,"enemies":"4 Shapes","floor":48,"turns":2},{"damage":6,"enemies":"Donu and Deca","floor":50,"turns":5},{"damage":42,"enemies":"Time Eater","floor":51,"turns":9}],"seed_played":"-3702361308315742476","potions_obtained":[{"floor":1.0,"key":"FearPotion"},{"floor":4.0,"key":"Fire Potion"},{"floor":10.0,"key":"ElixirPotion"},{"floor":25.0,"key":"SneckoOil"},{"floor":28.0,"key":"Swift Potion"},{"floor":31.0,"key":"SpeedPotion"},{"floor":35.0,"key":"Block Potion"}],"is_trial":false,"path_per_floor":["M","?","$","M","$","R","E","R","T","M","E","?","R","M","R","B",null,"M","M","$","M","T","R","M","E","T","M","?","M","R","M","R","B",null,"M","M","$","?","$","E","R","E","T","?","$","M","?","M","R","B","B",null],"character_chosen":"IRONCLAD","items_purchased":["True Grit","Flash of Steel","Shrug It Off","Bag of Preparation","Power Through"],"campfire_rested":3,"item_purchase_floors":[3,20,20,37,39],"current_hp_per_floor":[74,74,74,75,75,75,41,41,41,47,38,38,38,43,43,17,61,44,36,36,25,25,47,50,17,17,9,9,32,54,51,73,39,66,65,69,69,69,69,78,78,71,71,71,71,77,77,83,83,83,47],"gold":50,"neow_bonus":"THREE_RARE_CARDS","is_prod":false,"is_daily":false,"chose_seed":false,"campfire_upgraded":6,"win_rate":0,"timestamp":1569196799,"path_taken":["M","?","$","M","$","R","E","R","T","M","E","?","R","M","R","BOSS","M","?","$","M","?","R","M","E","T","M","?","M","R","?","R","BOSS","M","M","$","?","?","E","R","E","T","?","$","M","?","M","R","BOSS","BOSS"],"build_version":"2019-09-20","purchased_purges":3,"victory":true,"max_hp_per_floor":[75,75,75,75,75,75,75,75,75,75,75,75,75,75,75,75,75,75,75,75,75,75,75,75,75,75,75,75,75,75,75,75,75,75,75,75,75,75,75,89,89,89,89,89,89,89,89,89,89,89,89],"card_choices":[{"not_picked":["Impervious","Limit Break"],"picked":"Immolate","floor":0.0},{"not_picked":["Pommel Strike","Havoc"],"picked":"Burning Pact","floor":1.0},{"not_picked":["Rupture","Anger"],"picked":"Corruption","floor":4.0},{"not_picked":["Sever Soul","Cleave"],"picked":"Demon Form","floor":7.0},{"not_picked":["Clothesline","Ghostly Armor","Twin Strike"],"picked":"Body Slam","floor":10.0},{"not_picked":["Warcry","Clash","Brutality","Body Slam"],"picked":"SKIP","floor":11.0},{"not_picked":["Bloodletting","Carnage","Reckless Charge"],"picked":"True Grit","floor":14.0},{"not_picked":["Limit Break","Offering","Fiend Fire"],"picked":"Juggernaut","floor":16.0},{"not_picked":["Iron Wave","Anger","Hemokinesis"],"picked":"Battle Trance","floor":18.0},{"not_picked":["Pommel Strike","Warcry","Spot Weakness"],"picked":"Shrug It Off","floor":19.0},{"not_picked":["Iron Wave","Wild Strike","Body Slam+1"],"picked":"Sentinel","floor":21.0},{"not_picked":["Sever Soul","Cleave","Inflame"],"picked":"True Grit","floor":24.0},{"not_picked":["Headbutt","Pommel Strike","Sword Boomerang"],"picked":"Body Slam","floor":25.0},{"not_picked":["Armaments","Warcry","Corruption","Iron Wave"],"picked":"SKIP","floor":27.0},{"not_picked":["Infernal Blade","Perfected Strike","Twin Strike"],"picked":"Dark Embrace","floor":29.0},{"not_picked":["Sword Boomerang","Cleave","Perfected Strike"],"picked":"Shrug It Off+1","floor":31.0},{"not_picked":["Immolate","Brutality","Double Tap"],"picked":"Offering","floor":33.0},{"not_picked":["Rage","Perfected Strike","Warcry","Intimidate"],"picked":"SKIP","floor":35.0},{"not_picked":["Iron Wave","Rampage","Second Wind"],"picked":"Shrug It Off+1","floor":36.0},{"not_picked":["Carnage","Headbutt","Twin Strike"],"picked":"Body Slam","floor":40.0},{"not_picked":["Warcry","Sever Soul","Rage"],"picked":"Power Through+1","floor":42.0},{"not_picked":["Carnage","Flex","Heavy Blade","Headbutt"],"picked":"SKIP","floor":46},{"not_picked":["Blood for Blood","Wild Strike","Clothesline"],"picked":"Shrug It Off","floor":48}],"player_experience":973904,"relics_obtained":[{"floor":7.0,"key":"Question Card"},{"floor":9.0,"key":"Happy Flower"},{"floor":11.0,"key":"Shuriken"},{"floor":25.0,"key":"Lizard Tail"},{"floor":26.0,"key":"FossilizedHelix"},{"floor":40.0,"key":"Mango"},{"floor":42.0,"key":"Vajra"},{"floor":43.0,"key":"Incense Burner"}],"event_choices":[{"damage_healed":0.0,"max_hp_gain":0.0,"max_hp_loss":0.0,"gold_gain":0.0,"event_name":"Liars Game","player_choice":"Ignored","floor":2.0,"gold_loss":0.0,"damage_taken":0.0},{"damage_healed":0.0,"max_hp_gain":0.0,"max_hp_loss":0.0,"gold_gain":50.0,"event_name":"Golden Shrine","player_choice":"Pray","floor":12.0,"gold_loss":0.0,"damage_taken":0.0},{"damage_healed":0.0,"max_hp_gain":0.0,"max_hp_loss":0.0,"gold_gain":0.0,"event_name":"The Woman in Blue","player_choice":"Bought 1 Potion","floor":28.0,"gold_loss":0.0,"damage_taken":0.0},{"damage_healed":0.0,"max_hp_gain":0.0,"max_hp_loss":0.0,"gold_gain":50.0,"event_name":"Golden Shrine","player_choice":"Pray","floor":38.0,"gold_loss":0.0,"damage_taken":0.0},{"cards_removed":["Strike_R"],"damage_healed":0.0,"max_hp_gain":0.0,"max_hp_loss":0.0,"gold_gain":0.0,"event_name":"Falling","player_choice":"Removed Attack","floor":44.0,"gold_loss":0.0,"damage_taken":0.0},{"damage_healed":0,"gold_gain":0,"player_choice":"Leave","damage_taken":0,"max_hp_gain":0,"max_hp_loss":0,"event_name":"FaceTrader","floor":47,"gold_loss":0}],"is_beta":true,"boss_relics":[{"not_picked":["Pandora\u0027s Box","Black Star"],"picked":"Cursed Key"},{"not_picked":["Velvet Choker","Tiny House"],"picked":"Snecko Eye"}],"items_purged_floors":[3,20,45],"is_endless":false,"potions_floor_spawned":[1,4,10,11,16,19,25,31,35,36,40],"ascension_level":20}