{"gold_per_floor":[113,130,150,169,180,180,212,224,261,284,356,368,345,357,369,454,466,492,515,543,50,60,60,89,89,89,124,138,192,203,215,215,290,290,301,318,329,229,247,247,18,18,43,62,92,92,92,121,121,121],"floor_reached":50,"playtime":2592,"items_purged":["Strike_R","Strike_R"],"score":1137,"play_id":"0823ad9b-40c2-46b8-83f3-f4c4d40d74a9","local_time":"20190916134321","is_ascension_mode":true,"campfire_choices":[{"data":"Hemokinesis","floor":6,"key":"SMITH"},{"data":"Shockwave","floor":8,"key":"SMITH"},{"data":"Metallicize","floor":15,"key":"SMITH"},{"floor":23,"key":"REST"},{"data":"Dark Embrace","floor":25,"key":"SMITH"},{"floor":32,"key":"REST"},{"floor":40,"key":"REST"},{"data":"Juggernaut","floor":42,"key":"SMITH"},{"floor":47,"key":"REST"},{"floor":49,"key":"REST"}],"neow_cost":"NONE","seed_source_timestamp":363940409089800,"circlet_count":0,"master_deck":["AscendersBane","Strike_R+1","Strike_R","Defend_R","Defend_R","Defend_R","Defend_R","Bash","Shockwave+1","Hemokinesis+1","Battle Trance","Metallicize+1","Anger+1","Disarm+1","Shrug It Off","Feed","Shrug It Off+1","Corruption","Dark Embrace+1","Master of Strategy","Sentinel","Battle Trance","Impervious","Juggernaut+1","Warcry+1","Disarm","Immolate","Corruption+1"],"relics":["Burning Blood","MawBank","Juzu Bracelet","Tiny Chest","Runic Dome","Omamori","StoneCalendar","Kunai","Regal Pillow","Cursed Key","OrangePellets","Lantern","FossilizedHelix","Toxic Egg 2"],"potions_floor_usage":[7,16,20,22,27,27,33,37,50],"damage_taken":[{"damage":4,"enemies":"Jaw Worm","floor":1,"turns":7},{"damage":5,"enemies":"Small Slimes","floor":2,"turns":3},{"damage":7,"enemies":"Cultist","floor":3,"turns":4},{"damage":6,"enemies":"Exordium Wildlife","floor":4,"turns":3},{"damage":13,"enemies":"Large Slime","floor":5,"turns":4},{"damage":35,"enemies":"3 Sentries","floor":7,"turns":12},{"damage":4,"enemies":"Blue Slaver","floor":10,"turns":4},{"damage":16,"enemies":"Lagavulin","floor":11,"turns":6},{"damage":11,"enemies":"The Guardian","floor":16,"turns":13},{"damage":13,"enemies":"2 Thieves","floor":18,"turns":4},{"damage":20,"enemies":"Spheric Guardian","floor":19,"turns":6},{"damage":38,"enemies":"Cultist and Chosen","floor":20,"turns":8},{"damage":2,"enemies":"Snake Plant","floor":22,"turns":5},{"damage":10,"enemies":"Book of Stabbing","floor":24,"turns":5},{"damage":21,"enemies":"Slavers","floor":27,"turns":7},{"damage":13,"enemies":"Chosen and Byrds","floor":28,"turns":7},{"damage":5,"enemies":"3 Cultists","floor":30,"turns":5},{"damage":4,"enemies":"Snecko","floor":31,"turns":6},{"damage":85,"enemies":"Champ","floor":33,"turns":18},{"damage":4,"enemies":"Orb Walker","floor":35,"turns":4},{"damage":22,"enemies":"3 Shapes","floor":36,"turns":4},{"damage":33,"enemies":"Transient","floor":37,"turns":6},{"damage":9,"enemies":"3 Darklings","floor":39,"turns":5},{"damage":9,"enemies":"Spire Growth","floor":44,"turns":5},{"damage":78,"enemies":"Reptomancer","floor":45,"turns":6},{"damage":14,"enemies":"Nemesis","floor":48,"turns":7},{"damage":138,"enemies":"Donu and Deca","floor":50,"turns":9}],"seed_played":"-3265017407138276233","potions_obtained":[{"floor":1,"key":"BloodPotion"},{"floor":2,"key":"Fire Potion"},{"floor":11,"key":"Block Potion"},{"floor":18,"key":"FearPotion"},{"floor":20,"key":"SteroidPotion"},{"floor":24,"key":"Fire Potion"},{"floor":31,"key":"Fire Potion"},{"floor":33,"key":"FairyPotion"},{"floor":36,"key":"Weak Potion"},{"floor":39,"key":"Ancient Potion"},{"floor":48,"key":"Regen Potion"}],"is_trial":false,"path_per_floor":["M","M","M","M","M","R","E","R","T","M","E","?","?","?","R","B",null,"M","M","M","$","M","R","E","R","T","E","M","T","M","M","R","B",null,"M","M","M","$","M","R","$","R","T","M","E","?","R","E","R","B"],"character_chosen":"IRONCLAD","items_purchased":["Dark Embrace","Regen Potion","Master of Strategy","OrangePellets"],"campfire_rested":5,"item_purchase_floors":[21,21,21,41],"current_hp_per_floor":[70,71,70,70,63,63,52,52,52,54,44,21,39,39,39,34,65,61,50,21,21,42,68,64,64,64,49,42,42,46,51,93,14,73,78,65,38,38,38,83,83,83,83,83,11,32,78,70,105,0],"gold":121,"neow_bonus":"TRANSFORM_CARD","is_prod":false,"is_daily":false,"chose_seed":false,"campfire_upgraded":5,"win_rate":0,"timestamp":1568666601,"path_taken":["M","M","M","M","M","R","E","R","T","M","E","?","?","?","R","BOSS","M","M","M","$","M","R","E","R","T","E","M","?","M","M","R","BOSS","M","M","M","$","M","R","$","R","T","M","E","?","R","E","R","BOSS"],"build_version":"2019-07-17","purchased_purges":2,"victory":false,"max_hp_per_floor":[75,75,75,75,75,75,75,75,75,75,75,75,75,75,75,75,75,78,81,84,84,87,87,87,87,87,87,87,87,90,93,93,93,93,96,99,99,99,102,102,102,102,102,105,105,105,105,105,105,105],"card_choices":[{"not_picked":["Sever Soul","Twin Strike"],"picked":"Hemokinesis","floor":1},{"not_picked":["Havoc","Headbutt","Iron Wave"],"picked":"SKIP","floor":2},{"not_picked":["Body Slam","Havoc","Hemokinesis"],"picked":"SKIP","floor":3},{"not_picked":["Reckless Charge","Rampage"],"picked":"Battle Trance","floor":4},{"not_picked":["Thunderclap","Headbutt"],"picked":"Metallicize","floor":5},{"not_picked":["Bloodletting","Headbutt"],"picked":"Anger","floor":7},{"not_picked":["Twin Strike","Clash"],"picked":"Disarm","floor":10},{"not_picked":["Infernal Blade","Double Tap"],"picked":"Shrug It Off","floor":11},{"not_picked":["Dark Embrace","Limit Break"],"picked":"Feed","floor":16},{"not_picked":["Sword Boomerang","Body Slam"],"picked":"Shrug It Off+1","floor":18},{"not_picked":["Heavy Blade","Rampage","Twin Strike"],"picked":"SKIP","floor":19},{"not_picked":["Heavy Blade","Clash"],"picked":"Corruption","floor":20},{"not_picked":["Anger","Rage"],"picked":"Sentinel","floor":22},{"not_picked":["Thunderclap","Blood for Blood","Anger"],"picked":"SKIP","floor":24},{"not_picked":["Twin Strike+1","Wild Strike","Second Wind"],"picked":"SKIP","floor":27},{"not_picked":["Perfected Strike","Sentinel"],"picked":"Battle Trance","floor":28},{"not_picked":["Perfected Strike","Pommel Strike","Warcry"],"picked":"SKIP","floor":30},{"not_picked":["Rupture","Twin Strike"],"picked":"Impervious","floor":31},{"not_picked":["Reaper","Berserk"],"picked":"Juggernaut","floor":33},{"not_picked":["Iron Wave+1","Shockwave"],"picked":"Warcry+1","floor":35},{"not_picked":["Armaments+1","Thunderclap"],"picked":"Disarm","floor":36},{"not_picked":["Twin Strike","Rupture+1","Infernal Blade+1"],"picked":"SKIP","floor":37},{"not_picked":["Clothesline","Heavy Blade"],"picked":"Immolate","floor":39},{"not_picked":["Anger+1","Twin Strike+1"],"picked":"Corruption+1","floor":44},{"not_picked":["Flex","Anger","Reckless Charge+1"],"picked":"SKIP","floor":45},{"not_picked":["Twin Strike","Anger+1","Headbutt+1"],"picked":"SKIP","floor":48}],"player_experience":776756,"relics_obtained":[{"floor":7,"key":"MawBank"},{"floor":9,"key":"Juzu Bracelet"},{"floor":11,"key":"Tiny Chest"},{"floor":24,"key":"Omamori"},{"floor":26,"key":"StoneCalendar"},{"floor":27,"key":"Kunai"},{"floor":29,"key":"Regal Pillow"},{"floor":43,"key":"Lantern"},{"floor":45,"key":"FossilizedHelix"},{"floor":48,"key":"Toxic Egg 2"}],"event_choices":[{"damage_healed":0,"gold_gain":0,"player_choice":"Entered Light","damage_taken":23,"max_hp_gain":0,"max_hp_loss":0,"event_name":"Shining Light","floor":12,"gold_loss":0,"cards_upgraded":["Strike_R","Anger"]},{"damage_healed":18,"gold_gain":0,"player_choice":"Healed","damage_taken":0,"max_hp_gain":0,"max_hp_loss":0,"event_name":"The Cleric","floor":13,"gold_loss":35},{"damage_healed":0,"gold_gain":0,"player_choice":"Upgraded","damage_taken":0,"max_hp_gain":0,"max_hp_loss":0,"event_name":"Upgrade Shrine","floor":14,"gold_loss":0,"cards_upgraded":["Disarm"]},{"damage_healed":21,"gold_gain":0,"player_choice":"Writhe","damage_taken":0,"max_hp_gain":0,"max_hp_loss":0,"event_name":"Winding Halls","floor":46,"gold_loss":0,"cards_obtained":["Writhe"]}],"is_beta":false,"boss_relics":[{"not_picked":["Coffee Dripper","White Beast Statue"],"picked":"Runic Dome"},{"not_picked":["Black Blood","Eternal Feather"],"picked":"Cursed Key"}],"items_purged_floors":[21,38],"is_endless":false,"potions_floor_spawned":[1,2,11,18,20,24,31,33,36,39,48],"killed_by":"Donu and Deca","ascension_level":20}