{"path_per_floor":["M","M","M","?","T","E","$","M","T","M","M","R","E","$","R","B",null,"M","?","M","$","?","R"],"character_chosen":"IRONCLAD","items_purchased":["Letter Opener","Heavy Blade","Flex","Sadistic Nature","Rampage","Ginger","Perfected Strike","Flame Barrier"],"gold_per_floor":[144,189,234,234,234,324,5,50,50,95,140,140,230,14,14,314,314,359,359,404,4,4,4,4],"floor_reached":24,"campfire_rested":3,"playtime":3165,"item_purchase_floors":[7,7,7,14,14,21,21,21],"current_hp_per_floor":[80,80,80,80,80,63,63,64,64,62,63,80,78,78,80,34,80,51,51,45,45,45,69,0],"items_purged":[],"gold":4,"score":256,"play_id":"0161e2c0-a965-43d5-bab0-04e25f1a81c0","local_time":"20180529004106","daily_mods":["Heirloom","Midas","Hoarder"],"is_prod":false,"is_daily":true,"chose_seed":false,"is_ascension_mode":false,"campfire_upgraded":0,"win_rate":0,"timestamp":1527568866,"campfire_choices":[{"floor":12,"key":"REST"},{"floor":15,"key":"REST"},{"floor":23,"key":"REST"}],"path_taken":["M","M","M","?","?","E","$","M","T","?","?","R","E","?","R","BOSS","M","?","M","$","?","R","E"],"build_version":"2018-05-24","seed_source_timestamp":0,"purchased_purges":0,"victory":false,"master_deck":["Strike_R","Strike_R","Strike_R","Strike_R","Defend_R","Defend_R","Defend_R","Defend_R","Bash","Pommel Strike","Pommel Strike","Pommel Strike","Blood for Blood","Blood for Blood","Blood for Blood","Carnage","Carnage","Carnage","Anger","Anger","Anger","Heavy Blade","Heavy Blade","Heavy Blade","Flex","Flex","Flex","Clash","Clash","Clash","Immolate","Immolate","Immolate","Thunderclap","Thunderclap","Thunderclap","Seeing Red","Seeing Red","Seeing Red","Rage","Rage","Rage","Sadistic Nature","Sadistic Nature","Sadistic Nature","Rampage","Rampage","Rampage","Feel No Pain","Feel No Pain","Feel No Pain","Exhume","Exhume","Exhume","Body Slam","Body Slam","Body Slam","Bludgeon","Bludgeon","Bludgeon","Pummel","Pummel","Pummel","Perfected Strike","Perfected Strike","Perfected Strike","Flame Barrier","Flame Barrier","Flame Barrier","Corruption","Corruption","Corruption"],"max_hp_per_floor":[80,80,80,80,80,80,80,80,80,80,80,80,80,80,80,80,80,80,80,80,80,80,80,80],"relics":["Burning Blood","Gambling Chip","Paper Frog","Dream Catcher","Letter Opener","Bottled Flame","Matryoshka","Black Star","Ginger"],"card_choices":[{"not_picked":["Clothesline","Flame Barrier"],"picked":"Pommel Strike","floor":1},{"not_picked":["Burning Pact","Flame Barrier"],"picked":"Blood for Blood","floor":2},{"not_picked":["Dual Wield","Twin Strike"],"picked":"Carnage","floor":3},{"not_picked":["Intimidate","Pommel Strike"],"picked":"Anger","floor":6},{"not_picked":["Carnage","Hemokinesis"],"picked":"Clash","floor":8},{"not_picked":["Sever Soul","Pommel Strike"],"picked":"Immolate","floor":10},{"not_picked":["Flex","Armaments"],"picked":"Thunderclap","floor":11},{"not_picked":["Pommel Strike","Armaments"],"picked":"Seeing Red","floor":12},{"not_picked":["Clothesline","Twin Strike"],"picked":"Rage","floor":13},{"not_picked":["Clothesline","Burning Pact"],"picked":"Feel No Pain","floor":15},{"not_picked":["Immolate","Double Tap"],"picked":"Exhume","floor":16},{"not_picked":["Clash","Shockwave+1"],"picked":"Body Slam","floor":18},{"not_picked":["Wild Strike+1","Hemokinesis+1"],"picked":"Pummel","floor":20},{"not_picked":["Anger","Thunderclap"],"picked":"Corruption","floor":23}],"player_experience":97668,"potions_floor_usage":[6,6,16,16,20,24],"damage_taken":[{"damage":0,"enemies":"2 Louse","floor":1,"turns":2},{"damage":6,"enemies":"Cultist","floor":2,"turns":3},{"damage":6,"enemies":"Jaw Worm","floor":3,"turns":3},{"damage":23,"enemies":"Gremlin Nob","floor":6,"turns":4},{"damage":5,"enemies":"Exordium Thugs","floor":8,"turns":4},{"damage":8,"enemies":"Lots of Slimes","floor":10,"turns":2},{"damage":5,"enemies":"Looter","floor":11,"turns":3},{"damage":8,"enemies":"3 Sentries","floor":13,"turns":2},{"damage":52,"enemies":"The Guardian","floor":16,"turns":6},{"damage":35,"enemies":"Shell Parasite","floor":18,"turns":5},{"damage":12,"enemies":"3 Byrds","floor":20,"turns":3},{"damage":77,"enemies":"Slavers","floor":24,"turns":4}],"relics_obtained":[{"floor":5,"key":"Paper Frog"},{"floor":6,"key":"Dream Catcher"},{"floor":9,"key":"Bottled Flame"},{"floor":13,"key":"Matryoshka"}],"event_choices":[{"event_name":"Purifier","player_choice":"One Purge","floor":4,"damage_taken":0},{"event_name":"Match and Keep!","player_choice":"1 cards matched","floor":19,"damage_taken":0},{"event_name":"Beggar","player_choice":"Ignored","floor":22,"damage_taken":0}],"boss_relics":[{"not_picked":["Snecko Eye","Ectoplasm"],"picked":"Black Star"}],"items_purged_floors":[],"potions_floor_spawned":[1,2,8,13,18,20],"seed_played":"1251829673718243193","killed_by":"Slavers","ascension_level":0,"potions_obtained":[{"floor":1,"key":"EssenceOfSteel"},{"floor":2,"key":"PowerPotion"},{"floor":8,"key":"FearPotion"},{"floor":13,"key":"FearPotion"},{"floor":18,"key":"Explosive Potion"},{"floor":20,"key":"BloodPotion"}],"is_trial":false}