{"gold_per_floor":[114,126,51,51,51,85,96,114,170,170,198,198,229,304,304,304],"floor_reached":16,"playtime":307,"items_purged":[],"score":286,"play_id":"44d4e2ad-bc50-4ec6-a5af-274a92d2f238","local_time":"20190922171318","is_ascension_mode":true,"campfire_choices":[{"data":"Immolate","floor":10,"key":"SMITH"},{"data":"Fire Breathing","floor":12,"key":"SMITH"},{"data":"Rampage","floor":15,"key":"SMITH"}],"neow_cost":"NONE","seed_source_timestamp":493282157457200,"circlet_count":0,"master_deck":["AscendersBane","Strike_R","Strike_R","Strike_R+1","Strike_R","Defend_R","Defend_R","Defend_R","Defend_R","Bash+1","Wild Strike","Fire Breathing+1","Second Wind","Immolate+1","Metallicize","Rampage+1"],"relics":["Burning Blood","NeowsBlessing","Smiling Mask","Juzu Bracelet","Tiny Chest","Du-Vu Doll","Whetstone"],"potions_floor_usage":[8,16],"damage_taken":[{"damage":0,"enemies":"Jaw Worm","floor":1,"turns":2},{"damage":0,"enemies":"2 Louse","floor":2,"turns":1},{"damage":0,"enemies":"Lagavulin","floor":6,"turns":1},{"damage":3,"enemies":"Small Slimes","floor":7,"turns":4},{"damage":3,"enemies":"Blue Slaver","floor":8,"turns":3},{"damage":20,"enemies":"3 Sentries","floor":11,"turns":4},{"damage":26,"enemies":"Lagavulin","floor":13,"turns":6},{"damage":38,"enemies":"The Guardian","floor":16,"turns":7}],"seed_played":"6754132472284107419","potions_obtained":[{"floor":6,"key":"SpeedPotion"},{"floor":7,"key":"Fire Potion"},{"floor":11,"key":"Weak Potion"}],"is_trial":false,"path_per_floor":["M","M","?","$","?","E","M","M","T","R","E","R","E","?","R","B"],"character_chosen":"IRONCLAD","items_purchased":[],"campfire_rested":0,"item_purchase_floors":[],"current_hp_per_floor":[74,75,75,75,70,75,75,75,75,75,61,61,41,30,30,0],"gold":304,"neow_bonus":"THREE_ENEMY_KILL","is_prod":false,"is_daily":false,"chose_seed":false,"campfire_upgraded":3,"win_rate":0,"timestamp":1569197598,"path_taken":["M","M","?","$","?","E","M","M","T","R","E","R","E","?","R","BOSS"],"build_version":"2019-09-20","purchased_purges":0,"victory":false,"max_hp_per_floor":[75,75,75,75,75,75,75,75,75,75,75,75,75,75,75,75],"card_choices":[{"not_picked":["Warcry","Body Slam"],"picked":"Wild Strike","floor":1},{"not_picked":["Sever Soul","Entrench"],"picked":"Fire Breathing","floor":2},{"not_picked":["Heavy Blade","Pummel"],"picked":"Second Wind","floor":6},{"not_picked":["Pommel Strike","Body Slam","Sword Boomerang"],"picked":"SKIP","floor":7},{"not_picked":["Whirlwind","Pommel Strike"],"picked":"Immolate","floor":8},{"not_picked":["Cleave","Shrug It Off"],"picked":"Metallicize","floor":11},{"not_picked":["Fire Breathing","Combust"],"picked":"Rampage","floor":13}],"player_experience":978028,"relics_obtained":[{"floor":6,"key":"Juzu Bracelet"},{"floor":9,"key":"Tiny Chest"},{"floor":11,"key":"Du-Vu Doll"},{"floor":13,"key":"Whetstone"}],"event_choices":[{"cards_removed":["Strike_R"],"damage_healed":0,"gold_gain":0,"player_choice":"Card Removal","damage_taken":0,"max_hp_gain":0,"max_hp_loss":0,"event_name":"The Cleric","floor":3,"gold_loss":75},{"damage_healed":0,"gold_gain":0,"player_choice":"Success","damage_taken":5,"relics_obtained":["Smiling Mask"],"max_hp_gain":0,"max_hp_loss":0,"event_name":"Scrap Ooze","floor":5,"gold_loss":0},{"damage_healed":0,"gold_gain":75,"player_choice":"Gather Gold","damage_taken":11,"max_hp_gain":0,"max_hp_loss":0,"event_name":"World of Goop","floor":14,"gold_loss":0}],"is_beta":true,"boss_relics":[],"items_purged_floors":[],"is_endless":false,"potions_floor_spawned":[6,7,11],"killed_by":"The Guardian","ascension_level":20}