{"gold_per_floor":[117,169,169,169,169,169,188,188,188,216,216,235,262,187,187,260,260,273,273,290,340,352,352,369,394,420,161,161,186,19,35,35,110,110,126,126,138,149,172,172,206,206,275,275],"floor_reached":44,"playtime":1245,"items_purged":["Strike_R"],"score":1014,"play_id":"f462c974-3a6c-4d3d-89e0-349bd620c0af","local_time":"20190920172014","is_ascension_mode":true,"campfire_choices":[{"data":"Second Wind","floor":6.0,"key":"SMITH"},{"data":"Fire Breathing","floor":8.0,"key":"SMITH"},{"data":"Immolate","floor":11.0,"key":"SMITH"},{"data":"Rampage","floor":15.0,"key":"SMITH"},{"data":"Brutality","floor":23.0,"key":"SMITH"},{"data":"Rupture","floor":28.0,"key":"SMITH"},{"data":"Limit Break","floor":32.0,"key":"SMITH"},{"data":"Barricade","floor":40.0,"key":"SMITH"}],"neow_cost":"NONE","seed_source_timestamp":319880166034000,"circlet_count":0,"master_deck":["AscendersBane","Strike_R+1","Defend_R+1","Defend_R","Defend_R+1","Defend_R","Bash+1","Second Wind+1","Fire Breathing+1","Immolate+1","Rampage+1","Immolate","Brutality+1","Disarm","True Grit","Evolve+1","Rupture+1","Limit Break+1","Fire Breathing","Barricade+1","CurseOfTheBell","Disarm","Body Slam+1","Warcry+1"],"special_seed":0,"relics":["Burning Blood","NeowsBlessing","Ancient Tea Set","The Courier","Orichalcum","Torii","Mark of Pain","Singing Bowl","Oddly Smooth Stone","Lee\u0027s Waffle","Happy Flower","HandDrill","Calling Bell","War Paint","Self Forming Clay","Gambling Chip","Lantern","Charon\u0027s Ashes","Sundial"],"potions_floor_usage":[44],"damage_taken":[{"damage":0.0,"enemies":"Cultist","floor":1.0,"turns":1.0},{"damage":0.0,"enemies":"Small Slimes","floor":7.0,"turns":1.0},{"damage":0.0,"enemies":"Lagavulin","floor":10.0,"turns":1.0},{"damage":0.0,"enemies":"2 Louse","floor":12.0,"turns":3.0},{"damage":22.0,"enemies":"Gremlin Nob","floor":13.0,"turns":4.0},{"damage":32.0,"enemies":"The Guardian","floor":16.0,"turns":10.0},{"damage":0.0,"enemies":"2 Thieves","floor":18.0,"turns":1.0},{"damage":11.0,"enemies":"Chosen","floor":20.0,"turns":4.0},{"damage":18.0,"enemies":"Centurion and Healer","floor":22.0,"turns":2.0},{"damage":10.0,"enemies":"Chosen and Byrds","floor":24.0,"turns":4.0},{"damage":11.0,"enemies":"Slavers","floor":25.0,"turns":3.0},{"damage":32.0,"enemies":"Book of Stabbing","floor":29.0,"turns":5.0},{"damage":3.0,"enemies":"Cultist and Chosen","floor":31.0,"turns":4.0},{"damage":26.0,"enemies":"Champ","floor":33.0,"turns":8.0},{"damage":4.0,"enemies":"Orb Walker","floor":35.0,"turns":4.0},{"damage":29.0,"enemies":"3 Darklings","floor":37.0,"turns":4.0},{"damage":21.0,"enemies":"Writhing Mass","floor":38.0,"turns":7.0},{"damage":32.0,"enemies":"Reptomancer","floor":41.0,"turns":5.0},{"damage":19,"enemies":"Maw","floor":44,"turns":4}],"seed_played":"-1837574234790231406","potions_obtained":[{"floor":10.0,"key":"Strength Potion"},{"floor":12.0,"key":"ElixirPotion"},{"floor":16.0,"key":"FearPotion"},{"floor":18.0,"key":"Fire Potion"},{"floor":25.0,"key":"Ancient Potion"},{"floor":35.0,"key":"Fire Potion"}],"is_trial":false,"path_per_floor":["M","T","?","?","?","R","M","R","T","E","R","M","E","?","R","B",null,"M","?","M","?","M","R","M","E","T","$","R","E","$","M","R","B",null,"M","?","M","M","T","R","E","?","T","M"],"character_chosen":"IRONCLAD","items_purchased":["Rupture","Lee\u0027s Waffle","Fire Breathing","HandDrill"],"campfire_rested":0,"item_purchase_floors":[27,27,30,30],"current_hp_per_floor":[74,74,79,79,55,55,61,61,61,67,67,73,57,57,57,31,68,74,74,69,69,57,57,53,48,48,87,87,61,61,66,66,46,78,80,80,57,44,44,44,18,18,18,0],"gold":275,"neow_bonus":"THREE_ENEMY_KILL","is_prod":false,"is_daily":false,"chose_seed":false,"campfire_upgraded":8,"win_rate":0,"timestamp":1569025214,"path_taken":["M","?","?","?","?","R","?","R","T","E","R","M","E","?","R","BOSS","M","?","M","?","M","R","M","E","T","$","R","E","$","M","R","BOSS","M","?","M","M","?","R","E","?","T","M"],"build_version":"2019-09-20","purchased_purges":1,"victory":false,"max_hp_per_floor":[75,75,80,80,80,80,80,80,80,80,80,80,80,80,80,80,80,80,80,80,80,80,80,80,80,80,87,87,87,87,89,89,89,89,89,89,89,91,91,91,91,91,91,91],"card_choices":[{"not_picked":["Clash","Second Wind","Warcry"],"picked":"SKIP","floor":1.0},{"not_picked":["Clash","Warcry"],"picked":"Second Wind","floor":1.0},{"not_picked":["Iron Wave","Thunderclap"],"picked":"Fire Breathing","floor":7.0},{"not_picked":["Perfected Strike","Dropkick"],"picked":"Immolate","floor":10.0},{"not_picked":["Dual Wield","Perfected Strike","Blood for Blood"],"picked":"SKIP","floor":12.0},{"not_picked":["Hemokinesis","Flex"],"picked":"Rampage","floor":13.0},{"not_picked":["Exhume","Offering"],"picked":"Immolate","floor":16.0},{"not_picked":["Dropkick","Thunderclap","Anger"],"picked":"SKIP","floor":18.0},{"not_picked":["Rupture","Heavy Blade+1","Warcry"],"picked":"SKIP","floor":20.0},{"not_picked":["Pummel","Flex"],"picked":"True Grit","floor":22.0},{"not_picked":["Body Slam","Cleave"],"picked":"Headbutt","floor":24.0},{"not_picked":["Blood for Blood","Cleave"],"picked":"Evolve+1","floor":25.0},{"not_picked":["Cleave","Body Slam"],"picked":"Limit Break","floor":29.0},{"not_picked":["Headbutt","Inflame","Flame Barrier"],"picked":"Singing Bowl","floor":31.0},{"not_picked":["Brutality","Bludgeon"],"picked":"Barricade","floor":33.0},{"not_picked":["Hemokinesis","Searing Blow"],"picked":"Disarm","floor":35.0},{"not_picked":["Flex","Warcry"],"picked":"Body Slam+1","floor":37.0},{"not_picked":["Cleave+1","Perfected Strike","Clash"],"picked":"Singing Bowl","floor":38.0},{"not_picked":["Blood for Blood","Perfected Strike+1"],"picked":"Warcry+1","floor":41.0}],"player_experience":895479,"relics_obtained":[{"floor":2.0,"key":"Ancient Tea Set"},{"floor":9.0,"key":"The Courier"},{"floor":10.0,"key":"Orichalcum"},{"floor":13.0,"key":"Torii"},{"floor":25.0,"key":"Singing Bowl"},{"floor":26.0,"key":"Oddly Smooth Stone"},{"floor":29.0,"key":"Happy Flower"},{"floor":34.0,"key":"War Paint"},{"floor":34.0,"key":"Self Forming Clay"},{"floor":34.0,"key":"Gambling Chip"},{"floor":39.0,"key":"Lantern"},{"floor":41.0,"key":"Charon\u0027s Ashes"},{"floor":43.0,"key":"Sundial"}],"event_choices":[{"damage_healed":0.0,"max_hp_gain":5.0,"max_hp_loss":0.0,"gold_gain":0.0,"event_name":"Big Fish","player_choice":"Donut","floor":3.0,"gold_loss":0.0,"damage_taken":0.0},{"damage_healed":0.0,"max_hp_gain":0.0,"max_hp_loss":0.0,"gold_gain":0.0,"event_name":"Liars Game","player_choice":"Ignored","floor":4.0,"gold_loss":0.0,"damage_taken":0.0},{"damage_healed":0.0,"max_hp_gain":0.0,"max_hp_loss":0.0,"gold_gain":0.0,"event_name":"Shining Light","player_choice":"Entered Light","floor":5.0,"gold_loss":0.0,"damage_taken":24.0,"cards_upgraded":["Bash","Strike_R"]},{"cards_removed":["Strike_R"],"damage_healed":0.0,"max_hp_gain":0.0,"max_hp_loss":0.0,"gold_gain":0.0,"event_name":"The Cleric","player_choice":"Card Removal","floor":14.0,"gold_loss":75.0,"damage_taken":0.0},{"damage_healed":0.0,"max_hp_gain":0.0,"max_hp_loss":0.0,"gold_gain":0.0,"cards_transformed":["Strike_R","Strike_R"],"event_name":"Drug Dealer","player_choice":"Became Test Subject","floor":19.0,"gold_loss":0.0,"damage_taken":0.0,"cards_obtained":["Brutality","Disarm"]},{"damage_healed":0.0,"max_hp_gain":0.0,"max_hp_loss":0.0,"gold_gain":50.0,"event_name":"Golden Shrine","player_choice":"Pray","floor":21.0,"gold_loss":0.0,"damage_taken":0.0},{"cards_removed":["Headbutt"],"damage_healed":0.0,"max_hp_gain":0.0,"max_hp_loss":0.0,"gold_gain":0.0,"event_name":"Falling","player_choice":"Removed Attack","floor":36.0,"gold_loss":0.0,"damage_taken":0.0},{"damage_healed":0.0,"max_hp_gain":0.0,"max_hp_loss":0.0,"gold_gain":0.0,"event_name":"Mysterious Sphere","player_choice":"Ignored","floor":42.0,"gold_loss":0.0,"damage_taken":0.0}],"is_beta":true,"boss_relics":[{"not_picked":["Tiny House","Cursed Key"],"picked":"Mark of Pain"},{"not_picked":["SlaversCollar","Busted Crown"],"picked":"Calling Bell"}],"items_purged_floors":[27],"is_endless":false,"potions_floor_spawned":[10,12,16,18,20,22,25,33,35,37],"killed_by":"Maw","ascension_level":20}