{"gold_per_floor":[110,185,200,200,215,215,246,262,288,302,302,302,316,378,378,457,457,469,486,486,486,498,498,529,529,529,529,541,541],"floor_reached":29,"playtime":1029,"items_purged":[],"score":510,"play_id":"fc1d4d1e-fca9-4f63-8ca7-159d5a5e6daf","local_time":"20190916222239","is_ascension_mode":true,"campfire_choices":[{"data":"Wild Strike","floor":6,"key":"SMITH"},{"data":"Anger","floor":12,"key":"SMITH"},{"data":"Wild Strike","floor":15,"key":"SMITH"},{"data":"Rage","floor":23,"key":"SMITH"},{"floor":27,"key":"REST"}],"neow_cost":"NONE","seed_source_timestamp":396661730968300,"circlet_count":0,"master_deck":["AscendersBane","Strike_R","Strike_R","Strike_R","Strike_R","Strike_R","Defend_R","Defend_R","Defend_R+1","Defend_R","Bash+1","Rage+1","Wild Strike+1","Anger+1","Shockwave+1","Battle Trance","Wild Strike+1","Shrug It Off","Immolate","Shrug It Off+1","Rage","Writhe","Necronomicurse","Rage+1"],"relics":["Burning Blood","Pen Nib","War Paint","Tiny Chest","Velvet Choker","Prayer Wheel","Necronomicon","WingedGreaves","Bottled Flame"],"potions_floor_usage":[7,8,16,19],"damage_taken":[{"damage":1,"enemies":"2 Louse","floor":1,"turns":4},{"damage":3,"enemies":"Cultist","floor":3,"turns":4},{"damage":2,"enemies":"Jaw Worm","floor":5,"turns":2},{"damage":45,"enemies":"3 Sentries","floor":7,"turns":12},{"damage":3,"enemies":"Blue Slaver","floor":8,"turns":3},{"damage":3,"enemies":"Looter","floor":10,"turns":3},{"damage":7,"enemies":"2 Fungi Beasts","floor":13,"turns":3},{"damage":15,"enemies":"Lagavulin","floor":14,"turns":5},{"damage":26,"enemies":"The Guardian","floor":16,"turns":11},{"damage":0,"enemies":"Spheric Guardian","floor":18,"turns":3},{"damage":6,"enemies":"2 Thieves","floor":19,"turns":2},{"damage":12,"enemies":"3 Cultists","floor":22,"turns":3},{"damage":26,"enemies":"Gremlin Leader","floor":24,"turns":5},{"damage":25,"enemies":"Snecko","floor":28,"turns":4},{"damage":0,"enemies":"Centurion and Healer","floor":29,"turns":1}],"seed_played":"5622677693758741558","potions_obtained":[{"floor":1,"key":"GamblersBrew"},{"floor":7,"key":"Swift Potion"},{"floor":14,"key":"Poison Potion"},{"floor":18,"key":"Energy Potion"}],"is_trial":false,"path_per_floor":["M","?","M","?","M","R","E","M","T","M","?","R","M","E","R","B",null,"M","M","?","?","M","R","E","?","T","R","M","M"],"character_chosen":"IRONCLAD","items_purchased":[],"campfire_rested":1,"item_purchase_floors":[],"current_hp_per_floor":[73,62,65,65,69,69,30,33,33,36,61,61,60,51,51,31,64,70,70,70,49,43,43,23,2,2,26,7,7],"gold":541,"neow_bonus":"UPGRADE_CARD","is_prod":false,"is_daily":false,"chose_seed":false,"campfire_upgraded":4,"win_rate":0,"timestamp":1568697759,"path_taken":["M","?","M","?","?","R","E","M","T","M","?","R","M","E","R","BOSS","M","M","?","?","M","R","E","?","T","R","M","M"],"build_version":"2019-07-17","purchased_purges":0,"victory":false,"max_hp_per_floor":[75,75,75,75,75,75,75,75,75,75,75,75,75,75,75,75,75,75,75,75,75,75,75,75,80,80,80,80,80],"card_choices":[{"not_picked":["Sever Soul","Pommel Strike"],"picked":"Rage","floor":1},{"not_picked":["Flex","Pommel Strike","Warcry"],"picked":"SKIP","floor":3},{"not_picked":["Clash","Thunderclap"],"picked":"Wild Strike","floor":5},{"not_picked":["Metallicize","Rampage"],"picked":"Anger","floor":7},{"not_picked":["Anger","Pommel Strike"],"picked":"Shockwave","floor":8},{"not_picked":["Carnage","Fiend Fire"],"picked":"Battle Trance","floor":10},{"not_picked":["Havoc","Pummel"],"picked":"Wild Strike","floor":13},{"not_picked":["Iron Wave","Fiend Fire"],"picked":"Shrug It Off","floor":14},{"not_picked":["Impervious","Bludgeon"],"picked":"Immolate","floor":16},{"not_picked":["Inflame","Body Slam+1"],"picked":"Shrug It Off+1","floor":18},{"not_picked":["Clash","Warcry"],"picked":"Rage","floor":19},{"not_picked":["Thunderclap","Warcry"],"picked":"Rage","floor":22},{"not_picked":["True Grit","Combust","Headbutt"],"picked":"SKIP","floor":22},{"not_picked":["Exhume","Rupture","Carnage"],"picked":"SKIP","floor":24},{"not_picked":["Warcry","Searing Blow","Spot Weakness"],"picked":"SKIP","floor":28},{"not_picked":["Heavy Blade+1","Second Wind","Pommel Strike"],"picked":"SKIP","floor":28}],"player_experience":797139,"relics_obtained":[{"floor":7,"key":"Pen Nib"},{"floor":9,"key":"War Paint"},{"floor":14,"key":"Tiny Chest"},{"floor":21,"key":"Necronomicon"},{"floor":24,"key":"WingedGreaves"},{"floor":26,"key":"Bottled Flame"}],"event_choices":[{"damage_healed":0,"gold_gain":75,"player_choice":"Gather Gold","damage_taken":11,"max_hp_gain":0,"max_hp_loss":0,"event_name":"World of Goop","floor":2,"gold_loss":0},{"damage_healed":0,"gold_gain":0,"player_choice":"Forge","damage_taken":0,"max_hp_gain":0,"max_hp_loss":0,"event_name":"Accursed Blacksmith","floor":4,"gold_loss":0,"cards_upgraded":["Rage"]},{"damage_healed":25,"gold_gain":0,"player_choice":"Banana","damage_taken":0,"max_hp_gain":0,"max_hp_loss":0,"event_name":"Big Fish","floor":11,"gold_loss":0},{"damage_healed":0,"gold_gain":0,"player_choice":"Opened","damage_taken":0,"relics_obtained":["Prayer Wheel"],"max_hp_gain":0,"max_hp_loss":0,"event_name":"The Mausoleum","floor":20,"gold_loss":0,"cards_obtained":["Writhe"]},{"damage_healed":0,"gold_gain":0,"player_choice":"Obtained Book","damage_taken":21,"max_hp_gain":0,"max_hp_loss":0,"event_name":"Cursed Tome","floor":21,"gold_loss":0},{"damage_healed":0,"gold_gain":0,"player_choice":"Shed Blood","damage_taken":26,"max_hp_gain":5,"max_hp_loss":0,"event_name":"Forgotten Altar","floor":25,"gold_loss":0}],"is_beta":false,"boss_relics":[{"not_picked":["Eternal Feather","Lizard Tail"],"picked":"Velvet Choker"}],"items_purged_floors":[],"is_endless":false,"potions_floor_spawned":[1,7,14,18],"killed_by":"Centurion and Healer","ascension_level":20}