{"gold_per_floor":[111,129,142,142,67,67,98,98,98,128,128,142,170,170,170,245,245,257,276,287,287,307,307,307,307,355,380,78,90,90,104,104,176,176,194,6,18,18,18,45,55,55,55,69,87,114,114,125,125,125,125],"floor_reached":52,"playtime":2829,"items_purged":["Writhe","Defend_R"],"score":1879,"play_id":"a73eeb02-79f6-4239-bcf9-d5259a673ca2","local_time":"20190916081823","is_ascension_mode":true,"campfire_choices":[{"data":"Hemokinesis","floor":6.0,"key":"SMITH"},{"data":"Uppercut","floor":8.0,"key":"SMITH"},{"floor":11.0,"key":"REST"},{"floor":15.0,"key":"REST"},{"data":"Flame Barrier","floor":23,"key":"SMITH"},{"data":"Armaments","floor":30,"key":"SMITH"},{"data":"Juggernaut","floor":32,"key":"SMITH"},{"data":"Demon Form","floor":42,"key":"SMITH"},{"data":"Feel No Pain","floor":47,"key":"SMITH"},{"data":"Bludgeon","floor":49,"key":"SMITH"}],"neow_cost":"NONE","seed_source_timestamp":0,"circlet_count":0,"master_deck":["AscendersBane","Defend_R","Defend_R","Bash","Shrug It Off","Hemokinesis+1","Shrug It Off","Pummel","Uppercut+1","Feel No Pain+1","Flame Barrier+1","Second Wind+1","Clothesline","Disarm+1","Bite","Bite","Bite","Bite","Bite","Shrug It Off+1","Carnage+1","Juggernaut+1","Armaments+1","Clothesline","Feed","Demon Form+1","Seeing Red","Metallicize+1","Corruption+1","Brutality","Battle Trance+1","Burning Pact+1","Bludgeon+1","Disarm","Power Through","Evolve+1"],"special_seed":0,"relics":["Burning Blood","Magic Flower","StoneCalendar","Matryoshka","Prayer Wheel","Oddly Smooth Stone","Snecko Eye","Blue Candle","Blood Vial","Omamori","Gambling Chip","Medical Kit","Philosopher\u0027s Stone","Red Skull","Self Forming Clay","Bronze Scales","Smiling Mask"],"potions_floor_usage":[27,27,33,37,40,50,50],"damage_taken":[{"damage":0.0,"enemies":"2 Louse","floor":1.0,"turns":4.0},{"damage":5.0,"enemies":"Jaw Worm","floor":2.0,"turns":5.0},{"damage":7.0,"enemies":"Small Slimes","floor":3.0,"turns":4.0},{"damage":30.0,"enemies":"3 Sentries","floor":7.0,"turns":11.0},{"damage":36.0,"enemies":"Gremlin Nob","floor":10.0,"turns":6.0},{"damage":8.0,"enemies":"2 Fungi Beasts","floor":12.0,"turns":4.0},{"damage":20.0,"enemies":"3 Sentries","floor":13.0,"turns":7.0},{"damage":34.0,"enemies":"The Guardian","floor":16.0,"turns":9.0},{"damage":2,"enemies":"Chosen","floor":18,"turns":5},{"damage":17,"enemies":"Shell Parasite","floor":19,"turns":3},{"damage":11,"enemies":"3 Cultists","floor":20,"turns":5},{"damage":14,"enemies":"Snake Plant","floor":22,"turns":4},{"damage":58,"enemies":"Gremlin Leader","floor":27,"turns":8},{"damage":13,"enemies":"Shelled Parasite and Fungi","floor":29,"turns":6},{"damage":4,"enemies":"Cultist and Chosen","floor":31,"turns":5},{"damage":36,"enemies":"Automaton","floor":33,"turns":13},{"damage":4,"enemies":"3 Shapes","floor":35,"turns":6},{"damage":45,"enemies":"3 Darklings","floor":37,"turns":7},{"damage":25,"enemies":"Nemesis","floor":40,"turns":7},{"damage":11,"enemies":"Sphere and 2 Shapes","floor":41,"turns":4},{"damage":26,"enemies":"Writhing Mass","floor":44,"turns":5},{"damage":2,"enemies":"3 Darklings","floor":45,"turns":3},{"damage":6,"enemies":"Giant Head","floor":46,"turns":6},{"damage":7,"enemies":"Maw","floor":48,"turns":6},{"damage":109,"enemies":"Awakened One","floor":50,"turns":7},{"damage":32,"enemies":"Time Eater","floor":51,"turns":8}],"seed_played":"-1466338711299492732","potions_obtained":[{"floor":1.0,"key":"PowerPotion"},{"floor":12.0,"key":"Regen Potion"},{"floor":13.0,"key":"FearPotion"},{"floor":20,"key":"BloodPotion"},{"floor":27,"key":"Poison Potion"},{"floor":31,"key":"Weak Potion"},{"floor":33,"key":"Regen Potion"},{"floor":37,"key":"Strength Potion"},{"floor":41,"key":"BloodPotion"},{"floor":44,"key":"BloodPotion"}],"is_trial":false,"path_per_floor":["M","M","M","?","?","R","E","R","T","E","R","M","E","?","R","B",null,"M","M","M","?","M","R","?","?","T","E","$","M","R","M","R","B",null,"M","$","M","?","?","E","M","R","T","M","M","E","R","M","R","B","B",null],"character_chosen":"IRONCLAD","items_purchased":["Medical Kit","Seeing Red"],"campfire_rested":2,"item_purchase_floors":[28,36],"current_hp_per_floor":[74,75,74,67,67,67,43,43,43,16,38,39,52,17,39,14,60,67,59,57,52,52,52,39,39,39,33,33,41,41,57,57,53,56,60,60,64,64,64,65,70,70,70,58,73,73,73,73,73,52,45],"gold":125,"neow_bonus":"THREE_CARDS","is_prod":false,"is_daily":false,"chose_seed":false,"campfire_upgraded":8,"win_rate":0,"timestamp":1568647103,"path_taken":["M","M","M","?","?","R","E","R","T","E","R","M","E","?","R","BOSS","M","M","M","?","M","R","?","?","T","E","$","M","R","M","R","BOSS","M","$","M","?","?","E","M","R","T","?","M","E","R","M","R","BOSS","BOSS"],"build_version":"2019-07-17","purchased_purges":2,"victory":true,"max_hp_per_floor":[75,75,75,75,75,75,75,75,75,75,75,75,75,75,75,75,75,75,75,75,52,52,52,57,57,57,57,57,57,57,57,57,57,57,60,60,64,64,64,67,70,70,70,70,73,73,73,73,73,73,76],"card_choices":[{"not_picked":["Cleave","Wild Strike"],"picked":"Shrug It Off","floor":0.0},{"not_picked":["Ghostly Armor","Twin Strike"],"picked":"Hemokinesis","floor":1.0},{"not_picked":["Heavy Blade","Dual Wield"],"picked":"Shrug It Off","floor":2.0},{"not_picked":["Sword Boomerang","Flex"],"picked":"Pummel","floor":3.0},{"not_picked":["Spot Weakness","Twin Strike"],"picked":"Uppercut","floor":7.0},{"not_picked":["Clash","Armaments"],"picked":"Feel No Pain","floor":10.0},{"not_picked":["Sword Boomerang","Body Slam"],"picked":"Flame Barrier","floor":12.0},{"not_picked":["Havoc","Heavy Blade","Thunderclap"],"picked":"SKIP","floor":13.0},{"not_picked":["Clash","Cleave","Power Through"],"picked":"SKIP","floor":18},{"not_picked":["Perfected Strike","Bloodletting+1","Armaments"],"picked":"SKIP","floor":18},{"not_picked":["Pummel","Seeing Red"],"picked":"Second Wind+1","floor":19},{"not_picked":["Thunderclap","Burning Pact"],"picked":"Clothesline","floor":19},{"not_picked":["Combust","Metallicize"],"picked":"Disarm+1","floor":20},{"not_picked":["Iron Wave+1","Twin Strike","Anger+1"],"picked":"SKIP","floor":20},{"not_picked":["Ghostly Armor","Body Slam"],"picked":"Shrug It Off+1","floor":22},{"not_picked":["Twin Strike+1","Inflame"],"picked":"Carnage+1","floor":22},{"not_picked":["Headbutt+1","Wild Strike"],"picked":"Juggernaut","floor":27},{"not_picked":["Havoc+1","Sword Boomerang+1"],"picked":"Armaments","floor":29},{"not_picked":["Wild Strike","Carnage"],"picked":"Clothesline","floor":29},{"not_picked":["Pommel Strike+1","Perfected Strike"],"picked":"Feed","floor":31},{"not_picked":["Armaments","Iron Wave","Sword Boomerang+1"],"picked":"SKIP","floor":31},{"not_picked":["Reaper","Juggernaut"],"picked":"Demon Form","floor":33},{"not_picked":["Wild Strike","Body Slam","Perfected Strike"],"picked":"SKIP","floor":35},{"not_picked":["Warcry","Whirlwind","Intimidate"],"picked":"SKIP","floor":35},{"not_picked":["Burning Pact","Flex"],"picked":"Metallicize+1","floor":37},{"not_picked":["Warcry","Clash"],"picked":"Corruption+1","floor":37},{"not_picked":["Flex","Combust","Iron Wave"],"picked":"SKIP","floor":40},{"not_picked":["Havoc","Clothesline","Wild Strike"],"picked":"SKIP","floor":41},{"not_picked":["Havoc","Whirlwind","Anger+1"],"picked":"SKIP","floor":41},{"not_picked":["Armaments","Combust"],"picked":"Battle Trance+1","floor":44},{"not_picked":["Flex+1","Rupture"],"picked":"Burning Pact+1","floor":44},{"not_picked":["Clash","True Grit"],"picked":"Bludgeon","floor":45},{"not_picked":["Whirlwind","Evolve"],"picked":"Disarm","floor":45},{"not_picked":["Twin Strike","True Grit"],"picked":"Power Through","floor":46},{"not_picked":["Perfected Strike","Clothesline"],"picked":"Evolve+1","floor":48},{"not_picked":["Searing Blow","Thunderclap+1","Flex+1"],"picked":"SKIP","floor":48}],"player_experience":758135,"relics_obtained":[{"floor":7.0,"key":"Magic Flower"},{"floor":9.0,"key":"StoneCalendar"},{"floor":10.0,"key":"Matryoshka"},{"floor":13.0,"key":"Prayer Wheel"},{"floor":26,"key":"Blood Vial"},{"floor":26,"key":"Omamori"},{"floor":27,"key":"Gambling Chip"},{"floor":40,"key":"Red Skull"},{"floor":43,"key":"Self Forming Clay"},{"floor":43,"key":"Bronze Scales"},{"floor":46,"key":"Smiling Mask"}],"event_choices":[{"cards_removed":["Defend_R"],"damage_healed":0.0,"max_hp_gain":0.0,"max_hp_loss":0.0,"gold_gain":0.0,"event_name":"Golden Wing","player_choice":"Card Removal","floor":4.0,"gold_loss":0.0,"damage_taken":7.0},{"cards_removed":["Strike_R"],"damage_healed":0.0,"max_hp_gain":0.0,"max_hp_loss":0.0,"gold_gain":0.0,"event_name":"The Cleric","player_choice":"Card Removal","floor":5.0,"gold_loss":75.0,"damage_taken":0.0},{"damage_healed":0.0,"max_hp_gain":0.0,"max_hp_loss":0.0,"gold_gain":0.0,"event_name":"Scrap Ooze","player_choice":"Success","floor":14.0,"gold_loss":0.0,"damage_taken":35.0,"relics_obtained":["Oddly Smooth Stone"]},{"damage_healed":0,"gold_gain":0,"player_choice":"Became a vampire","damage_taken":0,"max_hp_gain":0,"max_hp_loss":23,"event_name":"Vampires","floor":21,"gold_loss":0,"cards_obtained":["Bite","Bite","Bite","Bite","Bite"]},{"damage_healed":0,"gold_gain":0,"player_choice":"Shed Blood","damage_taken":18,"max_hp_gain":5,"max_hp_loss":0,"event_name":"Forgotten Altar","floor":24,"gold_loss":0},{"damage_healed":0,"gold_gain":0,"player_choice":"Opened","damage_taken":0,"relics_obtained":["Blue Candle"],"max_hp_gain":0,"max_hp_loss":0,"event_name":"The Mausoleum","floor":25,"gold_loss":0,"cards_obtained":["Writhe"]},{"damage_healed":0,"gold_gain":0,"player_choice":"Ignored","damage_taken":0,"max_hp_gain":0,"max_hp_loss":0,"event_name":"Mysterious Sphere","floor":38,"gold_loss":0},{"damage_healed":0,"gold_gain":0,"player_choice":"1 cards matched","damage_taken":0,"max_hp_gain":0,"max_hp_loss":0,"event_name":"Match and Keep!","floor":39,"gold_loss":0,"cards_obtained":["Brutality"]}],"is_beta":false,"boss_relics":[{"not_picked":["Cursed Key","Fusion Hammer"],"picked":"Snecko Eye"},{"not_picked":["Calling Bell","Tiny House"],"picked":"Philosopher\u0027s Stone"}],"items_purged_floors":[28,36],"is_endless":false,"potions_floor_spawned":[1,12,13,20,27,31,33,37,41,44,45,46],"ascension_level":20}