{"path_per_floor":["M","M","?","M","$","R","E","M","T","M","?","T","$","M","R","B",null,"M","M","$","M","M","E","?","M","T","M","M","R","?","$","R","B",null,"M","$","M","M","?","E","?","$","T","M","E","M","M","M","R","B"],"character_chosen":"THE_SILENT","items_purchased":["Carnage","Slice","Swift Strike","Pantograph","Gremlin Horn","Apotheosis","Centennial Puzzle","Bandage Up","Molten Egg 2","Flash of Steel","War Paint","Power Through"],"gold_per_floor":[144,189,189,234,51,51,141,186,186,231,231,256,6,51,51,351,351,396,441,10,55,100,190,190,235,285,330,375,375,375,25,25,325,325,370,16,61,106,106,196,196,7,82,127,217,262,307,352,352,352],"floor_reached":51,"campfire_rested":5,"playtime":8675,"current_hp_per_floor":[70,70,70,70,70,70,48,43,49,42,42,48,48,48,72,85,106,102,98,98,89,84,58,58,51,57,66,22,55,55,55,88,81,118,103,103,103,107,113,96,96,96,102,91,69,77,67,69,108,79],"items_purged":[],"gold":352,"score":935,"play_id":"3b94306c-377d-461e-aea8-702f9d1fca1d","local_time":"20180522012546","daily_mods":["Diverse","Cursed Run","Midas"],"is_prod":false,"is_daily":true,"chose_seed":false,"is_ascension_mode":false,"campfire_upgraded":0,"timestamp":1526966746,"campfire_choices":[{"floor":6,"key":"REST"},{"floor":15,"key":"REST"},{"floor":29,"key":"REST"},{"floor":32,"key":"REST"},{"floor":49,"key":"REST"}],"path_taken":["M","M","?","M","$","R","E","M","T","M","?","?","$","M","R","BOSS","M","M","$","M","M","E","?","M","T","M","?","R","?","$","R","BOSS","M","$","M","M","?","E","?","$","T","M","E","M","M","M","R","BOSS"],"build_version":"2018-05-17","seed_source_timestamp":0,"purchased_purges":0,"victory":true,"master_deck":["Survivor","Neutralize","Sword Boomerang","Armaments","Flex","Carnage","Slice","Swift Strike","PiercingWail","Bludgeon+1","Cleave","Deflect","Writhe","Tools of the Trade","Parasite","Parasite","Doubt","Distraction+1","Blur","Apotheosis","Poisoned Stab+1","Pommel Strike","Spot Weakness+1","Flying Knee+1","Parasite","All Out Attack","Juggernaut","Backflip","Bandage Up+1","Writhe","Die Die Die","Flying Knee","Armaments","Thunderclap","Twin Strike","Crippling Poison","Cleave","Reckless Charge","Armaments","Underhanded Strike","Whirlwind","Sword Boomerang+1","Flash of Steel+1","Cloak And Dagger+1","Prepared","Normality","Bane+1","Power Through","Injury","Dagger Throw+1","Concentrate+1","Dagger Throw+1","Perfected Strike+1","Corruption+1","Regret"],"max_hp_per_floor":[70,70,70,70,70,70,70,70,76,76,76,82,82,82,82,88,106,106,106,106,106,106,106,106,106,112,112,112,112,112,112,112,118,118,118,118,118,118,124,124,124,124,130,130,130,130,130,130,130,136],"relics":["Cursed Key","Darkstone Periapt","Du-Vu Doll","Ancient Tea Set","Bottled Flame","Happy Flower","Pantograph","Calling Bell","Anchor","Meat on the Bone","The Specimen","Gremlin Horn","Gambling Chip","Pen Nib","Centennial Puzzle","Pandora\u0027s Box","Molten Egg 2","Blood Vial","Juzu Bracelet","War Paint","Ninja Scroll","Bronze Scales"],"card_choices":[{"not_picked":["Malaise","Eviscerate"],"picked":"Sword Boomerang","floor":1},{"not_picked":["Sentinel","Pommel Strike"],"picked":"Armaments","floor":2},{"not_picked":["Outmaneuver","Flying Knee"],"picked":"Flex","floor":4},{"not_picked":["Armaments","Setup"],"picked":"PiercingWail","floor":7},{"not_picked":["PiercingWail","Dagger Spray"],"picked":"Bludgeon","floor":8},{"not_picked":["Thunderclap","Slice"],"picked":"Cleave","floor":10},{"not_picked":["Choke","Sword Boomerang"],"picked":"Deflect","floor":14},{"not_picked":["Double Tap","Glass Knife"],"picked":"Tools of the Trade","floor":16},{"not_picked":["Quick Slash","Thunderclap+1"],"picked":"Distraction","floor":18},{"not_picked":["Disarm","Battle Trance"],"picked":"Blur","floor":19},{"not_picked":["Dagger Spray","Clothesline"],"picked":"Poisoned Stab+1","floor":21},{"not_picked":["Dash","Body Slam"],"picked":"Pommel Strike","floor":22},{"not_picked":["True Grit","Poisoned Stab"],"picked":"Spot Weakness+1","floor":23},{"not_picked":["Malaise+1","Quick Slash"],"picked":"Flying Knee+1","floor":25},{"not_picked":["Burning Pact","Expertise"],"picked":"All Out Attack","floor":27},{"not_picked":["PiercingWail","Rupture"],"picked":"Juggernaut","floor":28},{"not_picked":["Tools of the Trade","Fiend Fire"],"picked":"Die Die Die","floor":33},{"not_picked":["Rage","Dodge and Roll"],"picked":"Sword Boomerang+1","floor":35},{"not_picked":["Pommel Strike+1","Wild Strike+1"],"picked":"Cloak And Dagger+1","floor":37},{"not_picked":["Thunderclap+1","Slice+1"],"picked":"Prepared","floor":38},{"not_picked":["Thunderclap+1","Underhanded Strike+1"],"picked":"Bane+1","floor":40},{"not_picked":["Sword Boomerang+1","Phantasmal Killer"],"picked":"Dagger Throw+1","floor":44},{"not_picked":["Heavy Blade+1","Bloodletting"],"picked":"Concentrate+1","floor":45},{"not_picked":["Quick Slash+1","Shrug It Off"],"picked":"Dagger Throw+1","floor":46},{"not_picked":["Well Laid Plans","Prepared"],"picked":"Perfected Strike+1","floor":47},{"not_picked":["Backstab+1","Well Laid Plans+1"],"picked":"Corruption+1","floor":48}],"player_experience":44917,"potions_floor_usage":[18,23,33,33,44,48,48],"damage_taken":[{"damage":0,"enemies":"Small Slimes","floor":1,"turns":3},{"damage":0,"enemies":"2 Louse","floor":2,"turns":3},{"damage":0,"enemies":"Cultist","floor":4,"turns":4},{"damage":22,"enemies":"Lagavulin","floor":7,"turns":6},{"damage":5,"enemies":"Large Slime","floor":8,"turns":7},{"damage":7,"enemies":"Looter","floor":10,"turns":2},{"damage":0,"enemies":"Blue Slaver","floor":14,"turns":3},{"damage":3,"enemies":"Slime Boss","floor":16,"turns":6},{"damage":4,"enemies":"3 Byrds","floor":18,"turns":5},{"damage":4,"enemies":"Shell Parasite","floor":19,"turns":4},{"damage":9,"enemies":"Centurion and Healer","floor":21,"turns":4},{"damage":5,"enemies":"Snecko","floor":22,"turns":5},{"damage":40,"enemies":"Book of Stabbing","floor":23,"turns":5},{"damage":19,"enemies":"3 Cultists","floor":25,"turns":4},{"damage":3,"enemies":"Snake Plant","floor":27,"turns":2},{"damage":56,"enemies":"Chosen and Byrds","floor":28,"turns":7},{"damage":57,"enemies":"Automaton","floor":33,"turns":9},{"damage":15,"enemies":"3 Darklings","floor":35,"turns":3},{"damage":0,"enemies":"3 Shapes","floor":37,"turns":1},{"damage":0,"enemies":"Sphere and 2 Shapes","floor":38,"turns":2},{"damage":19,"enemies":"2 Orb Walkers","floor":40,"turns":3},{"damage":13,"enemies":"Maw","floor":44,"turns":5},{"damage":42,"enemies":"Nemesis","floor":45,"turns":5},{"damage":0,"enemies":"3 Darklings","floor":46,"turns":3},{"damage":12,"enemies":"4 Shapes","floor":47,"turns":2},{"damage":0,"enemies":"Sphere and 2 Shapes","floor":48,"turns":1},{"damage":57,"enemies":"Time Eater","floor":50,"turns":7}],"relics_obtained":[{"floor":7,"key":"Ancient Tea Set"},{"floor":9,"key":"Bottled Flame"},{"floor":12,"key":"Happy Flower"},{"floor":17,"key":"Anchor"},{"floor":17,"key":"Meat on the Bone"},{"floor":17,"key":"The Specimen"},{"floor":23,"key":"Gambling Chip"},{"floor":26,"key":"Pen Nib"},{"floor":40,"key":"Juzu Bracelet"},{"floor":43,"key":"Ninja Scroll"},{"floor":45,"key":"Bronze Scales"}],"event_choices":[{"event_name":"Golden Wing","player_choice":"Ignored","floor":3,"damage_taken":0},{"event_name":"Wheel of Change","player_choice":"Card Removal","floor":11,"damage_taken":0},{"event_name":"Purifier","player_choice":"One Purge","floor":24,"damage_taken":0},{"event_name":"The Library","player_choice":"Read","floor":30,"damage_taken":0},{"event_name":"Accursed Blacksmith","player_choice":"Rummage","floor":39,"damage_taken":0},{"event_name":"Upgrade Shrine","player_choice":"Upgraded","floor":41,"damage_taken":0}],"boss_relics":[{"not_picked":["Runic Dome","Tiny House"],"picked":"Calling Bell"},{"not_picked":["Runic Pyramid","Lizard Tail"],"picked":"Pandora\u0027s Box"}],"potions_floor_spawned":[1,4,8,16,18,21,23,37,44,47],"seed_played":"-8577527438372817843","ascension_level":0,"potions_obtained":[{"floor":1,"key":"Regen Potion"},{"floor":4,"key":"Regen Potion"},{"floor":8,"key":"LiquidBronze"},{"floor":18,"key":"SteroidPotion"},{"floor":23,"key":"SkillPotion"},{"floor":37,"key":"SpeedPotion"},{"floor":44,"key":"Fire Potion"},{"floor":47,"key":"Regen Potion"}],"is_trial":false}