{"path_per_floor":["M","?","?","M","?","R","E","?","T","$","M","R","M","E","R","B",null,"M","$","?","?","M","R"],"character_chosen":"DEFECT","items_purchased":["Metallicize","White Noise","Stack","Happy Flower","Gash+1"],"gold_per_floor":[114,114,79,94,94,94,124,165,190,19,34,34,49,109,109,209,209,224,25,25,25,40,40,40],"floor_reached":24,"campfire_rested":1,"playtime":1885,"item_purchase_floors":[10,10,10,19,19],"current_hp_per_floor":[68,50,68,67,67,77,63,49,49,49,49,67,65,65,64,35,62,56,56,56,56,52,60,0],"items_purged":[],"gold":40,"score":227,"play_id":"c825f4ad-4ffd-4a2d-a5ca-73057cb79592","local_time":"20180614160820","daily_mods":["Diverse","Night Terrors","Terminal"],"is_prod":false,"is_daily":true,"chose_seed":false,"is_ascension_mode":false,"campfire_upgraded":3,"win_rate":0.0,"timestamp":1529006900,"campfire_choices":[{"data":"Chaos","floor":6,"key":"SMITH"},{"floor":12,"key":"REST"},{"data":"White Noise","floor":15,"key":"SMITH"},{"data":"Turbo","floor":23,"key":"SMITH"}],"path_taken":["M","?","?","?","?","R","E","?","T","$","M","R","M","E","R","BOSS","M","$","?","?","M","R","E"],"build_version":"2018-06-07v3","seed_source_timestamp":0,"purchased_purges":0,"victory":false,"master_deck":["Strike_B+1","Strike_B","Strike_B","Strike_B+1","Defend_B","Defend_B","Defend_B","Defend_B","Zap","Dualcast","Deflect","Chaos+1","Doom and Gloom+1","Auto Shields","Metallicize","White Noise+1","Stack","Feel No Pain","Turbo+1","Backflip","Feed+1","Coolheaded+1","Gash+1","Streamline+1"],"max_hp_per_floor":[73,72,71,70,69,78,77,76,75,74,73,67,66,65,64,63,62,61,60,59,58,61,60,60],"relics":["Cracked Core","Molten Egg 2","Anchor","Orichalcum","Whetstone","Tiny Chest","Eternal Feather","Happy Flower"],"card_choices":[{"not_picked":["Uppercut","Clash"],"picked":"Deflect","floor":1},{"not_picked":["Sword Boomerang+1","Glacier"],"picked":"Chaos","floor":4},{"not_picked":["Clash+1","Deadly Poison"],"picked":"Doom and Gloom+1","floor":7},{"not_picked":["Uppercut+1","Ball Lightning+1"],"picked":"Auto Shields","floor":8},{"not_picked":["Reprogram","Consume"],"picked":"Feel No Pain","floor":11},{"not_picked":["Tools of the Trade","Sword Boomerang+1"],"picked":"Turbo","floor":13},{"not_picked":["Burning Pact","Streamline+1"],"picked":"Backflip","floor":14},{"not_picked":["Wraith Form v2","Venomology"],"picked":"Feed+1","floor":16},{"not_picked":["Feel No Pain","Beam Cell+1"],"picked":"Coolheaded+1","floor":18},{"not_picked":["Consume","Cold Snap+1"],"picked":"Streamline+1","floor":22}],"player_experience":195650,"potions_floor_usage":[6,6,14,24,24,24],"damage_taken":[{"damage":6,"enemies":"2 Louse","floor":1,"turns":3},{"damage":1,"enemies":"Small Slimes","floor":4,"turns":3},{"damage":14,"enemies":"Lagavulin","floor":7,"turns":7},{"damage":14,"enemies":"Lagavulin Event","floor":8,"turns":5},{"damage":0,"enemies":"Jaw Worm","floor":11,"turns":3},{"damage":2,"enemies":"Exordium Wildlife","floor":13,"turns":3},{"damage":0,"enemies":"3 Sentries","floor":14,"turns":6},{"damage":29,"enemies":"Slime Boss","floor":16,"turns":8},{"damage":6,"enemies":"Chosen","floor":18,"turns":6},{"damage":8,"enemies":"3 Byrds","floor":22,"turns":4},{"damage":63,"enemies":"Gremlin Leader","floor":24,"turns":7}],"relics_obtained":[{"floor":7,"key":"Anchor"},{"floor":8,"key":"Orichalcum"},{"floor":9,"key":"Whetstone"},{"floor":14,"key":"Tiny Chest"}],"event_choices":[{"event_name":"Scrap Ooze","player_choice":"success","floor":2,"damage_taken":18},{"event_name":"The Cleric","player_choice":"Healed","floor":3,"damage_taken":0},{"event_name":"The Lab","player_choice":"Got Potions","floor":5,"damage_taken":0},{"event_name":"Dead Adventurer","player_choice":"Searched \u00273\u0027 times","floor":8,"damage_taken":0},{"event_name":"Beggar","player_choice":"Ignored","floor":20,"damage_taken":0},{"event_name":"Ghosts","player_choice":"Ignored","floor":21,"damage_taken":0}],"boss_relics":[{"not_picked":["Pandora\u0027s Box","Ectoplasm"],"picked":"Eternal Feather"}],"items_purged_floors":[],"potions_floor_spawned":[1,7,8,16,18],"seed_played":"-3577076227804411564","killed_by":"Gremlin Leader","ascension_level":0,"potions_obtained":[{"floor":1,"key":"Swift Potion"},{"floor":5,"key":"Fruit Juice"},{"floor":5,"key":"Fruit Juice"},{"floor":7,"key":"SpeedPotion"},{"floor":8,"key":"EssenceOfSteel"},{"floor":16,"key":"EssenceOfSteel"}],"is_trial":false}