{"gold_per_floor":[369,544,30,40,40,40,40,71,95,95,113,127,142,161,161,266,266,248,248,262,281,43,68,68,85,111,129,146,178,190,235,247,358,370,394,406,437,459,21,21,40,0,76,76,96,125,140,150,150,150],"floor_reached":51,"playtime":5011,"items_purged":["Doubt","Injury"],"score":1304,"play_id":"35162ed6-1015-4134-bd37-3d3167c9ed75","local_time":"20190924003118","is_ascension_mode":true,"campfire_choices":[{"data":"Chill","floor":6.0,"key":"SMITH"},{"data":"Conserve Battery","floor":10.0,"key":"SMITH"},{"data":"Buffer","floor":15.0,"key":"SMITH"},{"data":"Biased Cognition","floor":24,"key":"SMITH"},{"data":"Defragment","floor":30,"key":"SMITH"},{"data":"Dualcast","floor":32,"key":"SMITH"},{"data":"Electrodynamics","floor":40,"key":"SMITH"},{"data":"Glacier","floor":44,"key":"SMITH"},{"data":"Ball Lightning","floor":49,"key":"SMITH"}],"neow_cost":"CURSE","seed_source_timestamp":219591111717299,"circlet_count":0,"master_deck":["AscendersBane","Strike_B","Strike_B","Strike_B","Strike_B","Defend_B+1","Defend_B","Defend_B","Defend_B","Zap","Dualcast+1","Chill+1","Ball Lightning+1","Genetic Algorithm","Self Repair","Sunder+1","Conserve Battery+1","Cold Snap+1","Hologram","Go for the Eyes+1","Leap","Buffer+1","Biased Cognition+1","Cold Snap+1","Coolheaded","Glacier+1","Defragment+1","Electrodynamics+1","Madness","Madness","Cold Snap+1","FTL+1"],"special_seed":0,"relics":["Cracked Core","ClockworkSouvenir","Molten Egg 2","Smiling Mask","Sozu","Singing Bowl","Bird Faced Urn","PreservedInsect","MawBank","Pear","Inserter","Bottled Tornado","Ancient Tea Set","Red Mask","Mercury Hourglass","Frozen Egg 2"],"potions_floor_usage":[23],"damage_taken":[{"damage":7.0,"enemies":"Jaw Worm","floor":1.0,"turns":4.0},{"damage":0.0,"enemies":"2 Louse","floor":4.0,"turns":3.0},{"damage":24.0,"enemies":"Gremlin Nob","floor":8.0,"turns":4.0},{"damage":3.0,"enemies":"Small Slimes","floor":11.0,"turns":2.0},{"damage":13.0,"enemies":"Exordium Wildlife","floor":12.0,"turns":5.0},{"damage":4.0,"enemies":"Blue Slaver","floor":13.0,"turns":4.0},{"damage":0.0,"enemies":"3 Louse","floor":14.0,"turns":3.0},{"damage":26.0,"enemies":"The Guardian","floor":16.0,"turns":12.0},{"damage":4.0,"enemies":"2 Thieves","floor":18.0,"turns":4.0},{"damage":0.0,"enemies":"Spheric Guardian","floor":20.0,"turns":4.0},{"damage":0.0,"enemies":"Cultist and Chosen","floor":21.0,"turns":7.0},{"damage":4,"enemies":"Slavers","floor":23,"turns":8},{"damage":5,"enemies":"3 Cultists","floor":25,"turns":8},{"damage":0,"enemies":"Snake Plant","floor":27,"turns":5},{"damage":4,"enemies":"Centurion and Healer","floor":28,"turns":10},{"damage":0,"enemies":"Gremlin Leader","floor":29,"turns":8},{"damage":0,"enemies":"Book of Stabbing","floor":31,"turns":6},{"damage":31,"enemies":"Collector","floor":33,"turns":20},{"damage":1,"enemies":"3 Shapes","floor":35,"turns":4},{"damage":22,"enemies":"3 Darklings","floor":37,"turns":6},{"damage":9,"enemies":"4 Shapes","floor":38,"turns":5},{"damage":12,"enemies":"Spire Growth","floor":41,"turns":8},{"damage":0,"enemies":"Sphere and 2 Shapes","floor":45,"turns":6},{"damage":0,"enemies":"Reptomancer","floor":46,"turns":5},{"damage":0,"enemies":"3 Darklings","floor":47,"turns":5},{"damage":0,"enemies":"Transient","floor":48,"turns":5},{"damage":10,"enemies":"Donu and Deca","floor":50,"turns":13}],"seed_played":"6185822221501887563","potions_obtained":[{"floor":8.0,"key":"FearPotion"},{"floor":11.0,"key":"LiquidBronze"}],"is_trial":false,"path_per_floor":["M","?","$","M","?","R","?","E","T","R","M","M","M","M","R","B",null,"M","?","M","M","$","E","R","M","T","M","M","E","R","E","R","B",null,"M","?","M","M","$","R","M","?","T","R","M","E","M","M","R","B",null],"character_chosen":"DEFECT","items_purchased":["ClockworkSouvenir","Ball Lightning","Genetic Algorithm","Self Repair","Sunder","Singing Bowl","Bottled Tornado","Ancient Tea Set"],"campfire_rested":0,"item_purchase_floors":[3,3,3,3,3,22,39,39],"current_hp_per_floor":[61,61,61,68,53,53,58,41,41,41,38,32,35,42,42,23,66,69,69,76,80,80,80,80,79,79,82,84,86,86,98,98,75,92,99,86,83,82,82,82,89,89,89,89,97,103,108,110,110,110],"gold":150,"neow_bonus":"TWO_FIFTY_GOLD","is_prod":false,"is_daily":false,"chose_seed":false,"campfire_upgraded":9,"win_rate":0,"timestamp":1569310278,"path_taken":["M","?","$","M","?","R","?","E","T","R","M","M","M","M","R","BOSS","M","?","M","M","$","E","R","M","T","M","M","E","R","E","R","BOSS","M","?","M","M","$","R","M","?","T","R","M","E","M","M","R","BOSS"],"build_version":"2019-07-17","purchased_purges":2,"victory":true,"max_hp_per_floor":[75,75,75,75,75,75,80,80,80,80,80,80,80,80,80,80,80,80,80,80,80,80,80,80,80,80,82,84,86,86,98,98,98,98,100,100,102,102,102,102,104,104,104,104,106,106,108,110,110,110],"card_choices":[{"not_picked":["Go for the Eyes","Sweeping Beam"],"picked":"Chill","floor":1.0},{"not_picked":["Compile Driver","Steam"],"picked":"Conserve Battery","floor":4.0},{"not_picked":["Ball Lightning","Heatsinks"],"picked":"Cold Snap","floor":8.0},{"not_picked":["Conserve Battery","Chill"],"picked":"Hologram","floor":11.0},{"not_picked":["Reprogram","Cold Snap+1"],"picked":"Go for the Eyes+1","floor":12.0},{"not_picked":["Darkness","Rebound+1"],"picked":"Leap","floor":13.0},{"not_picked":["Undo","Genetic Algorithm"],"picked":"Buffer","floor":14.0},{"not_picked":["Multi-Cast","Buffer"],"picked":"Biased Cognition","floor":16.0},{"not_picked":["Hologram","BootSequence+1"],"picked":"Cold Snap+1","floor":18.0},{"not_picked":["Consume","Rebound+1"],"picked":"Coolheaded","floor":20.0},{"not_picked":["Storm","Steam+1","Biased Cognition"],"picked":"SKIP","floor":21.0},{"not_picked":["Stack+1","Melter+1"],"picked":"Glacier","floor":23},{"not_picked":["Auto Shields","Tempest"],"picked":"Defragment","floor":25},{"not_picked":["Streamline+1","Turbo+1","Self Repair"],"picked":"Singing Bowl","floor":27},{"not_picked":["Chill","Rebound+1","Melter+1"],"picked":"Singing Bowl","floor":28},{"not_picked":["Rebound+1","Gash+1","Meteor Strike+1"],"picked":"Singing Bowl","floor":29},{"not_picked":["Hologram","Tempest","Beam Cell+1"],"picked":"Singing Bowl","floor":31},{"not_picked":["Machine Learning","Amplify"],"picked":"Electrodynamics","floor":33},{"not_picked":["Double Energy","Redo","Streamline+1"],"picked":"Singing Bowl","floor":35},{"not_picked":["Coolheaded","Blizzard+1","Sweeping Beam+1"],"picked":"Singing Bowl","floor":37},{"not_picked":["Defragment","Steam Power+1"],"picked":"Cold Snap+1","floor":38},{"not_picked":["Steam","Double Energy","Hologram"],"picked":"Singing Bowl","floor":41},{"not_picked":["Streamline+1","Rebound+1","Chill"],"picked":"Singing Bowl","floor":45},{"not_picked":["Conserve Battery","Leap+1"],"picked":"FTL+1","floor":46},{"not_picked":["Gash+1","Steam+1","Scrape+1"],"picked":"Singing Bowl","floor":47},{"not_picked":["Hologram","Double Energy","Static Discharge+1"],"picked":"Singing Bowl","floor":48}],"player_experience":627490,"relics_obtained":[{"floor":8.0,"key":"Molten Egg 2"},{"floor":9.0,"key":"Smiling Mask"},{"floor":23,"key":"Bird Faced Urn"},{"floor":26,"key":"PreservedInsect"},{"floor":29,"key":"MawBank"},{"floor":31,"key":"Pear"},{"floor":43,"key":"Mercury Hourglass"},{"floor":46,"key":"Frozen Egg 2"}],"event_choices":[{"damage_healed":0.0,"max_hp_gain":0.0,"max_hp_loss":0.0,"gold_gain":175.0,"event_name":"Liars Game","player_choice":"AGREE","floor":2.0,"gold_loss":0.0,"damage_taken":0.0,"cards_obtained":["Doubt"]},{"damage_healed":0.0,"max_hp_gain":0.0,"max_hp_loss":0.0,"gold_gain":0.0,"event_name":"Shining Light","player_choice":"Entered Light","floor":5.0,"gold_loss":0.0,"damage_taken":15.0,"cards_upgraded":["Defend_B","Sunder"]},{"damage_healed":0.0,"max_hp_gain":5.0,"max_hp_loss":0.0,"gold_gain":0.0,"event_name":"Big Fish","player_choice":"Donut","floor":7.0,"gold_loss":0.0,"damage_taken":0.0},{"damage_healed":0.0,"max_hp_gain":0.0,"max_hp_loss":0.0,"gold_gain":0.0,"event_name":"Ghosts","player_choice":"Ignored","floor":19.0,"gold_loss":0.0,"damage_taken":0.0},{"damage_healed":0,"gold_gain":0,"player_choice":"Embrace Madness","damage_taken":13,"max_hp_gain":0,"max_hp_loss":0,"event_name":"Winding Halls","floor":36,"gold_loss":0,"cards_obtained":["Madness","Madness"]},{"damage_healed":0,"gold_gain":0,"player_choice":"Paid","damage_taken":0,"relics_obtained":["Red Mask"],"max_hp_gain":0,"max_hp_loss":0,"event_name":"Tomb of Lord Red Mask","floor":42,"gold_loss":40}],"is_beta":false,"boss_relics":[{"not_picked":["Astrolabe","Calling Bell"],"picked":"Sozu"},{"not_picked":["Cursed Key","Nuclear Battery"],"picked":"Inserter"}],"items_purged_floors":[3,39],"is_endless":false,"potions_floor_spawned":[8,11,12,14,20,25,33,37,38],"ascension_level":12}