{"gold_per_floor":[114,129,144,144,31,31,61,76,76,106,121,151,166,181,181,281,281,296,311,311,326,26,26,26],"floor_reached":24,"playtime":2022,"items_purged":[],"score":220,"play_id":"822e7d18-e0b1-4f43-8fd9-7bfb523fc740","local_time":"20190608125205","daily_mods":["Chimera","Diverse","DeadlyEvents"],"is_ascension_mode":false,"campfire_choices":[{"data":"Zap","floor":6,"key":"SMITH"},{"floor":15,"key":"REST"},{"data":"Creative AI","floor":23,"key":"SMITH"}],"neow_cost":"","seed_source_timestamp":0,"circlet_count":0,"master_deck":["Bash","Survivor","Zap+1","Strike_R","Strike_G","Strike_B","Defend_R","Defend_G","Defend_B","Metallicize","Havoc","Chaos","Swift Strike","Clash","Flex","Dropkick","Quick Slash","Dagger Spray","Die Die Die","Feel No Pain","Cleave","Creative AI+1","Metallicize+1","Prepared","Sunder+1"],"special_seed":18055,"relics":["Burning Blood","Vajra","Bottled Tornado","Regal Pillow","Sundial","Runic Pyramid","Meat on the Bone","Champion Belt"],"potions_floor_usage":[12,16,16,24],"damage_taken":[{"damage":0,"enemies":"2 Louse","floor":1,"turns":3},{"damage":8,"enemies":"Jaw Worm","floor":2,"turns":6},{"damage":1,"enemies":"Cultist","floor":3,"turns":4},{"damage":10,"enemies":"3 Sentries","floor":7,"turns":9},{"damage":13,"enemies":"Blue Slaver","floor":8,"turns":3},{"damage":25,"enemies":"Gremlin Nob","floor":10,"turns":4},{"damage":9,"enemies":"Exordium Wildlife","floor":11,"turns":4},{"damage":10,"enemies":"Lagavulin","floor":12,"turns":5},{"damage":0,"enemies":"Red Slaver","floor":13,"turns":3},{"damage":4,"enemies":"Looter","floor":14,"turns":3},{"damage":52,"enemies":"The Guardian","floor":16,"turns":9},{"damage":5,"enemies":"3 Byrds","floor":18,"turns":3},{"damage":23,"enemies":"Shell Parasite","floor":19,"turns":8},{"damage":33,"enemies":"Sentry and Sphere","floor":21,"turns":6},{"damage":55,"enemies":"Slavers","floor":24,"turns":4}],"seed_played":"3869915423027512540","potions_obtained":[{"floor":8,"key":"Block Potion"},{"floor":11,"key":"LiquidBronze"},{"floor":13,"key":"FearPotion"},{"floor":16,"key":"FearPotion"},{"floor":18,"key":"Strength Potion"},{"floor":21,"key":"Block Potion"}],"is_trial":false,"path_per_floor":["M","M","M","?","$","R","E","M","T","E","M","E","M","M","R","B",null,"M","M","T","M","$","R","E"],"character_chosen":"IRONCLAD","items_purchased":["Swift Strike","Clash","Champion Belt"],"campfire_rested":1,"item_purchase_floors":[5,5,22],"current_hp_per_floor":[80,78,80,80,80,80,76,69,69,50,47,43,49,51,80,34,80,80,63,63,48,48,48,0],"gold":26,"neow_bonus":"","is_prod":false,"is_daily":true,"chose_seed":false,"campfire_upgraded":2,"win_rate":0,"timestamp":1560012725,"path_taken":["M","M","M","?","?","R","E","M","T","?","?","?","M","?","R","BOSS","M","M","?","M","$","R","E"],"build_version":"2019-01-23","purchased_purges":0,"victory":false,"max_hp_per_floor":[80,80,80,80,80,80,80,80,80,80,80,80,80,80,80,80,80,80,80,80,80,80,80,80],"card_choices":[{"not_picked":["Hologram","Perfected Strike"],"picked":"Metallicize","floor":1},{"not_picked":["Leg Sweep","Leap"],"picked":"Havoc","floor":2},{"not_picked":["Clash","Concentrate"],"picked":"Chaos","floor":3},{"not_picked":["Bloodletting","Inflame"],"picked":"Flex","floor":7},{"not_picked":["Warcry","Steam"],"picked":"Dropkick","floor":8},{"not_picked":["Prepared","Accuracy"],"picked":"Quick Slash","floor":10},{"not_picked":["Tools of the Trade","Rip and Tear"],"picked":"Dagger Spray","floor":11},{"not_picked":["Well Laid Plans","Clash"],"picked":"Die Die Die","floor":12},{"not_picked":["Dagger Spray","BootSequence"],"picked":"Feel No Pain","floor":13},{"not_picked":["Wild Strike","Redo"],"picked":"Cleave","floor":14},{"not_picked":["Limit Break","A Thousand Cuts"],"picked":"Creative AI","floor":16},{"not_picked":["Compile Driver+1","Headbutt+1"],"picked":"Metallicize+1","floor":18},{"not_picked":["Wild Strike","Footwork+1"],"picked":"Prepared","floor":19},{"not_picked":["Reflex","Bane"],"picked":"Sunder+1","floor":21}],"player_experience":743772,"relics_obtained":[{"floor":7,"key":"Vajra"},{"floor":9,"key":"Bottled Tornado"},{"floor":10,"key":"Regal Pillow"},{"floor":12,"key":"Sundial"},{"floor":20,"key":"Meat on the Bone"}],"event_choices":[{"damage_healed":0,"gold_gain":0,"player_choice":"Ignored","damage_taken":0,"max_hp_gain":0,"max_hp_loss":0,"event_name":"Golden Wing","floor":4,"gold_loss":0}],"is_beta":false,"boss_relics":[{"not_picked":["Busted Crown","Runic Cube"],"picked":"Runic Pyramid"}],"items_purged_floors":[],"is_endless":false,"potions_floor_spawned":[8,11,13,16,18,21],"killed_by":"Slavers","ascension_level":0}