{"gold_per_floor":[112,129,129,148,166,166,192,192,192,192,221,241,241,255,255,255],"floor_reached":16,"playtime":686,"items_purged":[],"score":228,"play_id":"8af77ab3-282a-4f35-8417-6d16077ed4fb","local_time":"20190911174842","is_ascension_mode":true,"campfire_choices":[{"data":"Shockwave","floor":6,"key":"SMITH"},{"floor":8,"key":"REST"},{"data":"Disarm","floor":15,"key":"SMITH"}],"neow_cost":"NONE","seed_source_timestamp":179853776010800,"circlet_count":0,"master_deck":["AscendersBane","Strike_R","Strike_R","Strike_R","Strike_R","Strike_R","Defend_R","Defend_R","Defend_R","Defend_R","Bash+1","Shockwave+1","Decay","Metallicize","Spot Weakness","Power Through","Bludgeon","Spot Weakness","Disarm+1"],"relics":["Burning Blood","Unceasing Top","Prayer Wheel","Ice Cream"],"potions_floor_usage":[11,12,13],"damage_taken":[{"damage":0,"enemies":"Cultist","floor":1,"turns":3},{"damage":13,"enemies":"Jaw Worm","floor":2,"turns":6},{"damage":1,"enemies":"2 Louse","floor":4,"turns":4},{"damage":24,"enemies":"Exordium Wildlife","floor":5,"turns":7},{"damage":42,"enemies":"Gremlin Nob","floor":7,"turns":5},{"damage":35,"enemies":"3 Sentries","floor":11,"turns":11},{"damage":5,"enemies":"Large Slime","floor":12,"turns":8},{"damage":0,"enemies":"Lots of Slimes","floor":13,"turns":1},{"damage":1,"enemies":"2 Fungi Beasts","floor":14,"turns":5},{"damage":23,"enemies":"The Guardian","floor":16,"turns":10}],"seed_played":"-6425313706109890910","potions_obtained":[{"floor":1,"key":"Weak Potion"},{"floor":4,"key":"SmokeBomb"},{"floor":11,"key":"Block Potion"},{"floor":12,"key":"Fire Potion"}],"is_trial":false,"path_per_floor":["M","M","?","M","M","R","E","R","T","?","E","M","M","M","R","B"],"character_chosen":"IRONCLAD","items_purchased":[],"campfire_rested":1,"item_purchase_floors":[],"current_hp_per_floor":[74,67,67,72,54,54,18,40,40,40,11,12,18,23,23,0],"gold":255,"neow_bonus":"UPGRADE_CARD","is_prod":false,"is_daily":false,"chose_seed":false,"campfire_upgraded":2,"win_rate":0,"timestamp":1568249322,"path_taken":["M","M","?","?","M","R","E","R","T","?","E","M","?","M","R","BOSS"],"build_version":"2019-07-17","purchased_purges":0,"victory":false,"max_hp_per_floor":[75,75,75,75,75,75,75,75,75,75,75,75,75,75,75,75],"card_choices":[{"not_picked":["Clash","Carnage"],"picked":"Shockwave","floor":1},{"not_picked":["Flex","Warcry","Clash"],"picked":"SKIP","floor":2},{"not_picked":["Blood for Blood","Flex"],"picked":"Metallicize","floor":4},{"not_picked":["Headbutt","Corruption","Havoc"],"picked":"SKIP","floor":5},{"not_picked":["Body Slam","Havoc"],"picked":"Spot Weakness","floor":7},{"not_picked":["Flex","Twin Strike"],"picked":"Power Through","floor":11},{"not_picked":["Armaments","Iron Wave"],"picked":"Bludgeon","floor":12},{"not_picked":["Flex","Iron Wave"],"picked":"Spot Weakness","floor":12},{"not_picked":["Bloodletting","Iron Wave"],"picked":"Disarm","floor":14},{"not_picked":["Spot Weakness","Bloodletting","True Grit"],"picked":"SKIP","floor":14}],"player_experience":670807,"relics_obtained":[{"floor":7,"key":"Unceasing Top"},{"floor":9,"key":"Prayer Wheel"},{"floor":11,"key":"Ice Cream"}],"event_choices":[{"damage_healed":0,"gold_gain":0,"player_choice":"Cursed","damage_taken":0,"max_hp_gain":0,"max_hp_loss":0,"event_name":"Wheel of Change","floor":3,"gold_loss":0,"cards_obtained":["Decay"]},{"damage_healed":0,"gold_gain":0,"player_choice":"0 cards matched","damage_taken":0,"max_hp_gain":0,"max_hp_loss":0,"event_name":"Match and Keep!","floor":10,"gold_loss":0,"cards_obtained":[]}],"is_beta":false,"boss_relics":[],"items_purged_floors":[],"is_endless":false,"potions_floor_spawned":[1,4,5,11,12],"killed_by":"The Guardian","ascension_level":20}