{"path_per_floor":["M","?","?","?","$","M","T","E","T","R","M","$","?","?","R","B",null,"M","M","?","T","?","E","M","R","T","M","M","M","$","M","R","B",null,"M","$","?","M","M","R","M","?","T","$","M","?","M","?","R"],"character_chosen":"IRONCLAD","items_purchased":["Swift Strike","Flex","Dark Embrace","Letter Opener","Magnetism","Toy Ornithopter","Fire Breathing","Perfected Strike","Mummified Hand","Sadistic Nature","Blood Vial"],"gold_per_floor":[144,144,144,144,1,46,46,136,136,136,181,23,23,23,23,348,348,367,416,416,416,416,514,563,563,613,662,711,760,41,90,90,415,415,464,7,7,56,105,105,154,154,154,4,53,53,102,402,402,402],"floor_reached":50,"campfire_rested":6,"playtime":6965,"item_purchase_floors":[5,5,12,30,30,30,30,30,36,36,44],"current_hp_per_floor":[76,76,76,76,76,80,80,79,79,80,80,80,80,60,80,70,80,76,77,77,77,77,44,54,79,79,87,90,76,76,72,98,38,98,80,80,80,93,71,98,85,73,73,73,85,75,54,66,96,0],"items_purged":[],"gold":402,"score":862,"play_id":"3cdcd9df-ecb9-435c-81f2-d58b824ffb28","local_time":"20180612222243","daily_mods":["Heirloom","Midas","Hoarder"],"is_prod":false,"is_daily":true,"chose_seed":false,"is_ascension_mode":false,"campfire_upgraded":0,"win_rate":0,"timestamp":1528856563,"campfire_choices":[{"floor":10,"key":"REST"},{"floor":15,"key":"REST"},{"floor":25,"key":"REST"},{"floor":32,"key":"REST"},{"floor":40,"key":"REST"},{"floor":49,"key":"REST"}],"path_taken":["M","?","?","?","$","M","?","E","T","R","?","$","?","?","R","BOSS","M","M","?","?","?","E","M","R","T","M","M","M","$","M","R","BOSS","M","?","?","M","M","R","M","?","T","$","M","?","?","?","R","BOSS"],"build_version":"2018-06-07v3","seed_source_timestamp":0,"purchased_purges":0,"victory":false,"master_deck":["Strike_R+1","Strike_R+1","Strike_R+1","Strike_R+1","Strike_R+1","Defend_R+1","Defend_R+1","Defend_R+1","Defend_R+1","Bash","Cleave","Cleave+1","Cleave","Swift Strike","Swift Strike","Swift Strike+1","Flex","Flex","Flex","Anger","Anger","Anger","Ghostly Armor","Ghostly Armor","Ghostly Armor","Iron Wave","Iron Wave","Iron Wave","Dark Embrace","Dark Embrace","Dark Embrace","Feed","Feed","Feed","Perfected Strike","Perfected Strike","Perfected Strike","Shrug It Off+1","Shrug It Off+1","Shrug It Off+1","Pommel Strike+1","Pommel Strike+1","Pommel Strike+1","Barricade","Barricade","Barricade","Carnage","Carnage","Carnage","Pommel Strike","Pommel Strike","Pommel Strike","Inflame","Inflame","Inflame","Magnetism","Magnetism","Magnetism","Fire Breathing","Fire Breathing","Fire Breathing","Perfected Strike","Perfected Strike","Perfected Strike","Exhume","Exhume","Exhume","Impervious","Impervious","Impervious","Evolve+1","Evolve+1","Evolve+1","Sadistic Nature","Sadistic Nature","Sadistic Nature","Bash","Bash","Bash","Doubt","Doubt","Doubt","Immolate","Immolate","Immolate","Perfected Strike+1","Perfected Strike+1","Perfected Strike+1","Infernal Blade+1","Infernal Blade+1","Infernal Blade+1","Sentinel+1","Sentinel+1","Sentinel+1","Madness","Madness","Madness","Madness","Madness","Madness","Sword Boomerang","Sword Boomerang","Sword Boomerang","Flash of Steel","Flash of Steel","Flash of Steel","Thinking Ahead","Thinking Ahead","Thinking Ahead","Dramatic Entrance","Dramatic Entrance","Dramatic Entrance","Thunderclap+1","Thunderclap+1","Thunderclap+1","Dropkick+1","Dropkick+1","Dropkick+1"],"max_hp_per_floor":[80,80,80,80,80,80,80,80,80,80,80,80,80,80,80,80,80,80,80,80,80,80,80,84,84,84,87,90,94,94,98,98,98,98,98,98,98,98,98,98,98,98,98,98,98,98,101,101,101,101],"relics":["Black Blood","Gambling Chip","Gremlin Horn","Bottled Lightning","Ginger","Golden Idol","Snecko Eye","Potion Belt","Toolbox","Whetstone","Letter Opener","Toy Ornithopter","Mummified Hand","Self Forming Clay","Blood Vial","Old Coin"],"card_choices":[{"not_picked":["Pummel","Sword Boomerang"],"picked":"Cleave","floor":1},{"not_picked":["Headbutt","Wild Strike"],"picked":"Anger","floor":6},{"not_picked":["Fiend Fire","Havoc"],"picked":"Ghostly Armor","floor":8},{"not_picked":["Headbutt","Bloodletting"],"picked":"Iron Wave","floor":11},{"not_picked":["Bludgeon","Fiend Fire"],"picked":"Feed","floor":16},{"not_picked":["Clothesline","Power Through+1"],"picked":"Perfected Strike","floor":18},{"not_picked":["Clash","Reckless Charge+1"],"picked":"Shrug It Off+1","floor":19},{"not_picked":["Heavy Blade","Pummel"],"picked":"Pommel Strike+1","floor":23},{"not_picked":["Cleave","Bloodletting"],"picked":"Barricade","floor":24},{"not_picked":["Spot Weakness+1","Pummel+1"],"picked":"Carnage","floor":27},{"not_picked":["Body Slam+1","Carnage"],"picked":"Pommel Strike","floor":28},{"not_picked":["Clothesline","Dual Wield"],"picked":"Inflame","floor":29},{"not_picked":["Armaments","Havoc"],"picked":"Exhume","floor":31},{"not_picked":["Offering","Exhume"],"picked":"Impervious","floor":33},{"not_picked":["Shrug It Off+1","Perfected Strike"],"picked":"Evolve+1","floor":35},{"not_picked":["Clash+1","Hemokinesis"],"picked":"Perfected Strike+1","floor":38},{"not_picked":["Sword Boomerang+1","Carnage+1"],"picked":"Infernal Blade+1","floor":39},{"not_picked":["Combust","Sever Soul+1"],"picked":"Sentinel+1","floor":41},{"not_picked":["Headbutt+1","Clash+1"],"picked":"Sword Boomerang","floor":45},{"not_picked":["Madness","Trip"],"picked":"Flash of Steel","floor":46},{"not_picked":["Dark Shackles","Purity"],"picked":"Thinking Ahead","floor":46},{"not_picked":["Swift Strike","Secret Technique"],"picked":"Dramatic Entrance","floor":46},{"not_picked":["Cleave","Blood for Blood+1"],"picked":"Thunderclap+1","floor":47},{"not_picked":["Warcry+1","Headbutt"],"picked":"Dropkick+1","floor":48}],"player_experience":188685,"potions_floor_usage":[8,8,16,16,23,24,31,31,33,38,41],"damage_taken":[{"damage":10,"enemies":"Jaw Worm","floor":1,"turns":4},{"damage":0,"enemies":"Cultist","floor":6,"turns":2},{"damage":7,"enemies":"3 Sentries","floor":8,"turns":4},{"damage":0,"enemies":"Small Slimes","floor":11,"turns":1},{"damage":16,"enemies":"Slime Boss","floor":16,"turns":9},{"damage":10,"enemies":"2 Thieves","floor":18,"turns":4},{"damage":5,"enemies":"Spheric Guardian","floor":19,"turns":3},{"damage":39,"enemies":"Gremlin Leader","floor":23,"turns":6},{"damage":0,"enemies":"3 Cultists","floor":24,"turns":2},{"damage":0,"enemies":"Chosen and Byrds","floor":27,"turns":3},{"damage":0,"enemies":"Cultist and Chosen","floor":28,"turns":4},{"damage":24,"enemies":"Centurion and Healer","floor":29,"turns":3},{"damage":20,"enemies":"Snake Plant","floor":31,"turns":3},{"damage":66,"enemies":"Automaton","floor":33,"turns":9},{"damage":32,"enemies":"3 Shapes","floor":35,"turns":5},{"damage":0,"enemies":"Orb Walker","floor":38,"turns":2},{"damage":32,"enemies":"4 Shapes","floor":39,"turns":2},{"damage":26,"enemies":"Maw","floor":41,"turns":4},{"damage":0,"enemies":"Sphere and 2 Shapes","floor":45,"turns":1},{"damage":36,"enemies":"3 Darklings","floor":47,"turns":4},{"damage":0,"floor":48,"turns":1},{"damage":101,"enemies":"Time Eater","floor":50,"turns":7}],"relics_obtained":[{"floor":7,"key":"Gremlin Horn"},{"floor":8,"key":"Bottled Lightning"},{"floor":9,"key":"Ginger"},{"floor":21,"key":"Potion Belt"},{"floor":23,"key":"Toolbox"},{"floor":26,"key":"Whetstone"},{"floor":43,"key":"Self Forming Clay"},{"floor":48,"key":"Old Coin"}],"event_choices":[{"event_name":"The Lab","player_choice":"Got Potions","floor":2,"damage_taken":0},{"event_name":"Golden Wing","player_choice":"Ignored","floor":3,"damage_taken":0},{"event_name":"The Woman in Blue","player_choice":"Bought 0 Potions","floor":4,"damage_taken":0},{"event_name":"The Cleric","player_choice":"Leave","floor":13,"damage_taken":0},{"event_name":"Golden Idol","player_choice":"Take Damage","floor":14,"damage_taken":0},{"event_name":"Ghosts","player_choice":"Ignored","floor":20,"damage_taken":0},{"event_name":"Back to Basics","player_choice":"Simplicity","floor":22,"damage_taken":0},{"event_name":"Match and Keep!","player_choice":"3 cards matched","floor":37,"damage_taken":0},{"event_name":"Winding Halls","player_choice":"Embrace Madness","floor":42,"damage_taken":0},{"event_name":"SensoryStone","player_choice":"Memory 3","floor":46,"damage_taken":0},{"event_name":"MindBloom","player_choice":"Fight","floor":48,"damage_taken":0}],"boss_relics":[{"not_picked":["Runic Dome","Sozu"],"picked":"Snecko Eye"},{"not_picked":["Astrolabe","Runic Cube"],"picked":"Black Blood"}],"items_purged_floors":[],"potions_floor_spawned":[1,6,11,19,23,27,28,31,35,39],"seed_played":"-5779064230905744809","killed_by":"Time Eater","ascension_level":0,"potions_obtained":[{"floor":1,"key":"LiquidBronze"},{"floor":2,"key":"SneckoOil"},{"floor":2,"key":"Fire Potion"},{"floor":6,"key":"EssenceOfSteel"},{"floor":11,"key":"EssenceOfSteel"},{"floor":19,"key":"Swift Potion"},{"floor":23,"key":"Explosive Potion"},{"floor":27,"key":"Block Potion"},{"floor":28,"key":"Ancient Potion"},{"floor":31,"key":"Energy Potion"},{"floor":35,"key":"Fire Potion"},{"floor":39,"key":"Dexterity Potion"}],"is_trial":false}