{"gold_per_floor":[111,128,147,167,167,167,202,202,252,252,252,268,286,300,300,300],"floor_reached":16,"playtime":479,"items_purged":[],"score":208,"play_id":"bb57acf9-425a-47d4-94ab-2d7edcac65eb","local_time":"20190918091358","is_ascension_mode":true,"campfire_choices":[{"data":"Rampage","floor":6,"key":"SMITH"},{"floor":8,"key":"REST"},{"data":"Clothesline","floor":11,"key":"SMITH"},{"data":"Rampage","floor":15,"key":"SMITH"}],"neow_cost":"TEN_PERCENT_HP_LOSS","seed_source_timestamp":118748003344500,"circlet_count":0,"master_deck":["AscendersBane","Strike_R","Strike_R","Strike_R","Defend_R","Defend_R","Defend_R","Bash","Clothesline+1","Headbutt","Rampage+1","Immolate","Rampage+1"],"relics":["Burning Blood","Dodecahedron","Red Skull"],"potions_floor_usage":[7,16,16],"damage_taken":[{"damage":1,"enemies":"Cultist","floor":1,"turns":3},{"damage":4,"enemies":"Small Slimes","floor":2,"turns":4},{"damage":7,"enemies":"Jaw Worm","floor":3,"turns":3},{"damage":25,"enemies":"Large Slime","floor":4,"turns":5},{"damage":30,"enemies":"3 Sentries","floor":7,"turns":7},{"damage":5,"enemies":"Gremlin Gang","floor":12,"turns":2},{"damage":14,"enemies":"Exordium Thugs","floor":13,"turns":5},{"damage":13,"enemies":"Blue Slaver","floor":14,"turns":4},{"damage":43,"enemies":"The Guardian","floor":16,"turns":9}],"seed_played":"2158263369252350408","potions_obtained":[{"floor":2,"key":"Dexterity Potion"},{"floor":4,"key":"GamblersBrew"},{"floor":12,"key":"AttackPotion"}],"is_trial":false,"path_per_floor":["M","M","M","M","?","R","E","R","T","?","R","M","M","M","R","B"],"character_chosen":"IRONCLAD","items_purchased":[],"campfire_rested":1,"item_purchase_floors":[],"current_hp_per_floor":[68,68,67,48,41,41,17,37,37,59,59,60,52,45,45,2],"gold":300,"neow_bonus":"REMOVE_TWO","is_prod":false,"is_daily":false,"chose_seed":false,"campfire_upgraded":3,"win_rate":0,"timestamp":1568823238,"path_taken":["M","M","M","M","?","R","E","R","T","?","R","M","M","M","R","BOSS"],"build_version":"2019-07-17","purchased_purges":0,"victory":false,"max_hp_per_floor":[68,68,68,68,68,68,68,68,68,68,68,68,68,68,68,68],"card_choices":[{"not_picked":["Carnage","Heavy Blade"],"picked":"Clothesline","floor":1},{"not_picked":["Sword Boomerang","Iron Wave"],"picked":"Headbutt","floor":2},{"not_picked":["Reckless Charge","Corruption"],"picked":"Rampage","floor":3},{"not_picked":["Perfected Strike","Iron Wave","Warcry"],"picked":"SKIP","floor":4},{"not_picked":["Limit Break","Sword Boomerang"],"picked":"Immolate","floor":7},{"not_picked":["Pommel Strike","Iron Wave"],"picked":"Rampage","floor":12},{"not_picked":["Sever Soul","Combust","Thunderclap"],"picked":"SKIP","floor":13},{"not_picked":["Entrench","Rupture","Whirlwind"],"picked":"SKIP","floor":14}],"player_experience":833904,"relics_obtained":[{"floor":7,"key":"Dodecahedron"},{"floor":9,"key":"Red Skull"}],"event_choices":[{"cards_removed":["Strike_R"],"damage_healed":0,"gold_gain":0,"player_choice":"Card Removal","damage_taken":7,"max_hp_gain":0,"max_hp_loss":0,"event_name":"Golden Wing","floor":5,"gold_loss":0},{"damage_healed":22,"gold_gain":0,"player_choice":"Banana","damage_taken":0,"max_hp_gain":0,"max_hp_loss":0,"event_name":"Big Fish","floor":10,"gold_loss":0}],"is_beta":false,"boss_relics":[],"items_purged_floors":[],"is_endless":false,"potions_floor_spawned":[2,4,12],"killed_by":"The Guardian","ascension_level":20}