{"gold_per_floor":[116,133,50,67,87,87,107,117,143,155,155,187,23,87,87,87],"floor_reached":16,"playtime":623,"items_purged":[],"score":228,"play_id":"661d60e1-1aac-4ac3-ac7e-c6e561e47632","local_time":"20190917082128","is_ascension_mode":true,"campfire_choices":[{"data":"Bash","floor":6.0,"key":"SMITH"},{"data":"Clothesline","floor":11.0,"key":"SMITH"},{"floor":15.0,"key":"REST"}],"neow_cost":"PERCENT_DAMAGE","seed_source_timestamp":29018319453300,"circlet_count":0,"master_deck":["AscendersBane","Strike_R","Strike_R","Strike_R","Strike_R","Strike_R","Defend_R","Defend_R+1","Defend_R","Defend_R","Bash+1","Twin Strike","Shrug It Off","Reckless Charge","Seeing Red","Double Tap+1","Clothesline+1","Shrug It Off","Anger","Battle Trance"],"special_seed":0,"relics":["Burning Blood","Bag of Preparation","Shuriken","War Paint","Tiny Chest"],"potions_floor_usage":[],"damage_taken":[{"damage":19.0,"enemies":"Cultist","floor":1.0,"turns":6.0},{"damage":0.0,"enemies":"2 Louse","floor":2.0,"turns":3.0},{"damage":4.0,"enemies":"Jaw Worm","floor":4.0,"turns":5.0},{"damage":23.0,"enemies":"Exordium Wildlife","floor":5.0,"turns":7.0},{"damage":3.0,"enemies":"Blue Slaver","floor":7.0,"turns":3.0},{"damage":10.0,"enemies":"Looter","floor":8.0,"turns":4.0},{"damage":15.0,"enemies":"Gremlin Gang","floor":10.0,"turns":4.0},{"damage":6.0,"enemies":"Gremlin Nob","floor":12.0,"turns":3.0},{"damage":7.0,"enemies":"Lagavulin","floor":14.0,"turns":8.0},{"damage":65,"enemies":"Slime Boss","floor":16,"turns":9}],"seed_played":"-8940233039737132270","potions_obtained":[{"floor":1.0,"key":"Block Potion"},{"floor":4.0,"key":"Fire Potion"}],"is_trial":false,"path_per_floor":["M","M","$","M","M","R","M","M","T","M","R","E","$","E","R","B"],"character_chosen":"IRONCLAD","items_purchased":["Reckless Charge","War Paint"],"campfire_rested":1,"item_purchase_floors":[3,13],"current_hp_per_floor":[51,57,57,59,42,42,45,41,41,32,32,32,32,31,57,0],"gold":87,"neow_bonus":"TWENTY_PERCENT_HP_BONUS","is_prod":false,"is_daily":false,"chose_seed":false,"campfire_upgraded":2,"win_rate":0,"timestamp":1568733688,"path_taken":["M","M","$","M","M","R","?","M","T","M","R","E","$","E","R","BOSS"],"build_version":"2019-07-17","purchased_purges":0,"victory":false,"max_hp_per_floor":[89,89,89,89,89,89,89,89,89,89,89,89,89,89,89,89],"card_choices":[{"not_picked":["Entrench","Second Wind"],"picked":"Twin Strike","floor":1.0},{"not_picked":["Second Wind","Bloodletting"],"picked":"Shrug It Off","floor":2.0},{"not_picked":["Flex","Body Slam"],"picked":"Seeing Red","floor":4.0},{"not_picked":["Body Slam","Twin Strike","Flex"],"picked":"SKIP","floor":5.0},{"not_picked":["Warcry","Twin Strike"],"picked":"Double Tap","floor":7.0},{"not_picked":["Cleave","Seeing Red"],"picked":"Clothesline","floor":8.0},{"not_picked":["Armaments","Reckless Charge"],"picked":"Shrug It Off","floor":10.0},{"not_picked":["Bloodletting","Flame Barrier"],"picked":"Anger","floor":12.0},{"not_picked":["Carnage","Metallicize"],"picked":"Battle Trance","floor":14.0}],"player_experience":805269,"relics_obtained":[{"floor":9.0,"key":"Bag of Preparation"},{"floor":12.0,"key":"Shuriken"},{"floor":14.0,"key":"Tiny Chest"}],"event_choices":[],"is_beta":false,"boss_relics":[],"items_purged_floors":[],"is_endless":false,"potions_floor_spawned":[1,4,10],"killed_by":"Slime Boss","ascension_level":20}