{"gold_per_floor":[110,110,123,142,67,96,96,110,110,110,141,154,166,166],"floor_reached":14,"playtime":721,"items_purged":["Strike_G"],"score":138,"play_id":"4bb635f3-1507-41a2-99bc-f076494c5b5c","local_time":"20190728032759","is_ascension_mode":true,"campfire_choices":[{"data":"Neutralize","floor":7,"key":"SMITH"},{"floor":10,"key":"REST"}],"neow_cost":"NONE","seed_source_timestamp":3746298603040578,"circlet_count":0,"master_deck":["Strike_G","Strike_G","Strike_G","Strike_G","Defend_G","Defend_G","Defend_G","Defend_G","Defend_G","Survivor","Neutralize+1","Finesse","Poisoned Stab","Caltrops","Dagger Spray","Backstab","Blur","Blade Dance","Endless Agony","Deadly Poison","PiercingWail","Dodge and Roll"],"relics":["Ring of the Snake","Matryoshka","Tough Bandages","The Courier","The Specimen","Prayer Wheel"],"potions_floor_usage":[6,11],"damage_taken":[{"damage":0,"enemies":"Cultist","floor":1,"turns":4},{"damage":0,"enemies":"Jaw Worm","floor":3,"turns":3},{"damage":0,"enemies":"2 Louse","floor":4,"turns":4},{"damage":17,"enemies":"3 Sentries","floor":6,"turns":8},{"damage":1,"enemies":"Looter","floor":8,"turns":4},{"damage":29,"enemies":"Gremlin Nob","floor":11,"turns":5},{"damage":0,"enemies":"3 Louse","floor":12,"turns":3},{"damage":15,"enemies":"Exordium Thugs","floor":13,"turns":5}],"seed_played":"6228444827125113396","potions_obtained":[{"floor":4,"key":"SteroidPotion"},{"floor":6,"key":"PowerPotion"},{"floor":12,"key":"EssenceOfSteel"}],"is_trial":false,"path_per_floor":["M","?","M","M","$","E","R","M","T","R","E","M","M","?"],"character_chosen":"THE_SILENT","items_purchased":[],"campfire_rested":1,"item_purchase_floors":[],"current_hp_per_floor":[63,45,45,45,45,28,28,27,27,48,19,19,4,0],"gold":166,"neow_bonus":"RANDOM_COLORLESS","is_prod":false,"is_daily":false,"chose_seed":false,"campfire_upgraded":1,"win_rate":0,"timestamp":1564298879,"path_taken":["M","?","M","M","$","E","R","M","T","R","E","M","M","?"],"build_version":"2019-07-17","purchased_purges":1,"victory":false,"max_hp_per_floor":[70,70,70,70,70,70,70,70,70,70,70,70,70,70],"card_choices":[{"not_picked":["Underhanded Strike","Flying Knee"],"picked":"Poisoned Stab","floor":1},{"not_picked":["Outmaneuver","Deadly Poison"],"picked":"Caltrops","floor":3},{"not_picked":["Underhanded Strike","Outmaneuver"],"picked":"Dagger Spray","floor":4},{"not_picked":["Dodge and Roll","Cloak And Dagger"],"picked":"Backstab","floor":6},{"not_picked":["Flying Knee","Sucker Punch"],"picked":"Blur","floor":8},{"not_picked":["Underhanded Strike","Setup"],"picked":"Blade Dance","floor":11},{"not_picked":["Prepared","Dagger Throw"],"picked":"Endless Agony","floor":12},{"not_picked":["Eviscerate","Heel Hook"],"picked":"Deadly Poison","floor":12},{"not_picked":["Prepared","Dagger Spray"],"picked":"PiercingWail","floor":13},{"not_picked":["Underhanded Strike","Sucker Punch"],"picked":"Dodge and Roll","floor":13}],"player_experience":354402,"relics_obtained":[{"floor":6,"key":"Tough Bandages"},{"floor":9,"key":"The Courier"},{"floor":9,"key":"The Specimen"},{"floor":11,"key":"Prayer Wheel"}],"event_choices":[{"damage_healed":0,"gold_gain":0,"player_choice":"Success","damage_taken":18,"relics_obtained":["Matryoshka"],"max_hp_gain":0,"max_hp_loss":0,"event_name":"Scrap Ooze","floor":2,"gold_loss":0}],"is_beta":false,"boss_relics":[],"items_purged_floors":[5],"is_endless":false,"potions_floor_spawned":[4,6,12],"ascension_level":7}