{"gold_per_floor":[112,126,126,149,149,149,165,90,142,142,142,142,155,171,171,171],"floor_reached":16,"playtime":614,"items_purged":["Hemokinesis"],"score":92,"play_id":"834cf89f-676c-441e-bbbf-162042907c45","local_time":"20190904095721","is_ascension_mode":false,"campfire_choices":[{"data":"Bash","floor":6,"key":"SMITH"},{"data":"Body Slam","floor":10,"key":"SMITH"},{"data":"Armaments","floor":12,"key":"SMITH"},{"floor":15,"key":"REST"}],"neow_cost":"NONE","seed_source_timestamp":1023528153836700,"circlet_count":0,"master_deck":["Strike_R","Strike_R","Strike_R","Strike_R","Defend_R","Defend_R","Defend_R","Defend_R","Bash+1","Body Slam+1","Armaments+1","Pommel Strike","Heavy Blade","Perfected Strike","Twin Strike"],"relics":["Burning Blood","Golden Idol","Omamori","Bottled Lightning"],"potions_floor_usage":[16,16],"damage_taken":[{"damage":1,"enemies":"Cultist","floor":1,"turns":4},{"damage":2,"enemies":"Small Slimes","floor":2,"turns":4},{"damage":8,"enemies":"2 Louse","floor":4,"turns":4},{"damage":4,"enemies":"Blue Slaver","floor":7,"turns":4},{"damage":6,"enemies":"Gremlin Gang","floor":13,"turns":6},{"damage":0,"enemies":"Exordium Wildlife","floor":14,"turns":4},{"damage":80,"enemies":"The Guardian","floor":16,"turns":13}],"seed_played":"7690920373384060900","potions_obtained":[{"floor":4,"key":"Energy Potion"},{"floor":13,"key":"Poison Potion"}],"is_trial":false,"path_per_floor":["M","M","?","M","?","R","M","$","T","R","T","R","M","M","R","B"],"character_chosen":"IRONCLAD","items_purchased":[],"campfire_rested":1,"item_purchase_floors":[],"current_hp_per_floor":[80,80,60,58,58,58,60,60,60,60,60,60,60,66,80,0],"gold":171,"neow_bonus":"TRANSFORM_CARD","is_prod":false,"is_daily":false,"chose_seed":false,"campfire_upgraded":3,"win_rate":0.0,"timestamp":1567605441,"path_taken":["M","?","?","M","?","R","M","$","T","R","?","R","?","M","R","BOSS"],"build_version":"2019-07-17","purchased_purges":1,"victory":false,"max_hp_per_floor":[80,80,80,80,80,80,80,80,80,80,80,80,80,80,80,80],"card_choices":[{"not_picked":["Heavy Blade","Perfected Strike"],"picked":"Body Slam","floor":1},{"not_picked":["Clothesline","Perfected Strike"],"picked":"Armaments","floor":2},{"not_picked":["Flex","Intimidate"],"picked":"Pommel Strike","floor":4},{"not_picked":["Hemokinesis","Sever Soul"],"picked":"Heavy Blade","floor":7},{"not_picked":["Combust","True Grit"],"picked":"Perfected Strike","floor":13},{"not_picked":["Havoc","Clash"],"picked":"Twin Strike","floor":14}],"player_experience":42030,"relics_obtained":[{"floor":9,"key":"Omamori"},{"floor":11,"key":"Bottled Lightning"}],"event_choices":[{"damage_healed":0,"gold_gain":0,"player_choice":"Take Damage","damage_taken":20,"relics_obtained":["Golden Idol"],"max_hp_gain":0,"max_hp_loss":0,"event_name":"Golden Idol","floor":3,"gold_loss":0},{"damage_healed":0,"gold_gain":0,"player_choice":"Ignored","damage_taken":0,"max_hp_gain":0,"max_hp_loss":0,"event_name":"Liars Game","floor":5,"gold_loss":0}],"is_beta":false,"boss_relics":[],"items_purged_floors":[8],"is_endless":false,"potions_floor_spawned":[4,13],"killed_by":"The Guardian","ascension_level":0}