{"gold_per_floor":[119,119,119,135,148,176,186,201,224,123,149,336,348,374,386,501,513,536,548],"floor_reached":19,"playtime":1673,"items_purged":[],"score":179,"play_id":"6a3e47a9-5e8c-4715-b705-7848f3982c7d","local_time":"20190303190733","is_ascension_mode":false,"campfire_choices":[{"floor":13,"key":"REST"},{"floor":15,"key":"REST"}],"neow_cost":"NONE","seed_source_timestamp":483710799413471,"circlet_count":0,"master_deck":["Strike_R","Strike_R","Strike_R","Strike_R","Defend_R","Bash","Shockwave","Perfected Strike","Iron Wave","Pommel Strike","Rage","Clothesline","Dark Embrace","Headbutt","Fire Breathing","Perfected Strike","Barricade","Writhe","Warcry+1","Impervious+1","Armaments+1"],"relics":["Burning Blood","Potion Belt","Ancient Tea Set","MawBank","Astrolabe"],"potions_floor_usage":[16,19,19],"damage_taken":[{"damage":11,"enemies":"Small Slimes","floor":1,"turns":4},{"damage":1,"enemies":"2 Louse","floor":4,"turns":3},{"damage":0,"enemies":"Cultist","floor":5,"turns":3},{"damage":41,"enemies":"3 Sentries","floor":6,"turns":8},{"damage":16,"enemies":"Red Slaver","floor":7,"turns":4},{"damage":7,"enemies":"Exordium Wildlife","floor":8,"turns":3},{"damage":15,"enemies":"Gremlin Nob","floor":11,"turns":5},{"damage":7,"enemies":"Looter","floor":14,"turns":3},{"damage":54,"enemies":"The Guardian","floor":16,"turns":13},{"damage":51,"enemies":"Shell Parasite","floor":18,"turns":8},{"damage":47,"enemies":"3 Byrds","floor":19,"turns":5}],"seed_played":"6522577073035702737","potions_obtained":[{"floor":5,"key":"Energy Potion"},{"floor":6,"key":"SpeedPotion"},{"floor":8,"key":"EntropicBrew"},{"floor":11,"key":"Weak Potion"},{"floor":14,"key":"Regen Potion"}],"is_trial":false,"path_per_floor":["M","?","?","M","M","E","M","M","T","$","E","?","R","M","R","B",null,"M","M"],"character_chosen":"IRONCLAD","items_purchased":["Regen Potion","Headbutt"],"campfire_rested":2,"item_purchase_floors":[10,10],"current_hp_per_floor":[75,68,68,73,79,44,34,33,33,33,24,24,48,47,71,38,80,35,0],"gold":548,"neow_bonus":"TRANSFORM_CARD","is_prod":false,"is_daily":false,"chose_seed":false,"campfire_upgraded":0,"win_rate":0.0,"timestamp":1551658053,"path_taken":["M","?","?","M","M","E","M","?","T","?","E","?","R","M","R","BOSS","M","M"],"build_version":"2019-01-23","purchased_purges":0,"victory":false,"max_hp_per_floor":[80,80,80,80,80,80,80,80,80,80,80,80,80,80,80,80,80,80,80],"card_choices":[{"not_picked":["Heavy Blade","Clash"],"picked":"Perfected Strike","floor":1},{"not_picked":["Sever Soul","Warcry"],"picked":"Twin Strike","floor":4},{"not_picked":["Clash","True Grit"],"picked":"Pommel Strike","floor":5},{"not_picked":["Body Slam","Clothesline"],"picked":"Rage","floor":6},{"not_picked":["Heavy Blade","Warcry"],"picked":"Clothesline","floor":7},{"not_picked":["Heavy Blade","Clash"],"picked":"Dark Embrace","floor":8},{"not_picked":["Anger","Clothesline"],"picked":"Fire Breathing","floor":11},{"not_picked":["Headbutt","Sword Boomerang"],"picked":"Perfected Strike","floor":14},{"not_picked":["Berserk","Feed"],"picked":"Barricade","floor":16},{"not_picked":["Inflame","Heavy Blade"],"picked":"Armaments+1","floor":18}],"player_experience":10350,"relics_obtained":[{"floor":6,"key":"Potion Belt"},{"floor":9,"key":"Ancient Tea Set"},{"floor":11,"key":"MawBank"}],"event_choices":[{"cards_removed":["Defend_R"],"damage_healed":0,"gold_gain":0,"player_choice":"Card Removal","damage_taken":7,"max_hp_gain":0,"max_hp_loss":0,"event_name":"Golden Wing","floor":2,"gold_loss":0},{"cards_removed":["Defend_R"],"damage_healed":0,"gold_gain":0,"player_choice":"Took Card","damage_taken":0,"max_hp_gain":0,"max_hp_loss":0,"event_name":"NoteForYourself","floor":3,"gold_loss":0,"cards_obtained":["Iron Wave"]},{"damage_healed":0,"gold_gain":175,"player_choice":"AGREE","damage_taken":0,"max_hp_gain":0,"max_hp_loss":0,"event_name":"Liars Game","floor":12,"gold_loss":0,"cards_obtained":["Doubt"]}],"is_beta":false,"boss_relics":[{"not_picked":["Philosopher\u0027s Stone","Runic Pyramid"],"picked":"Astrolabe"}],"items_purged_floors":[],"is_endless":false,"potions_floor_spawned":[5,6,8,11,14],"killed_by":"3 Byrds","ascension_level":0}