{"gold_per_floor":[117,67,142,72,72,72,85,85,85,104,121,121,47,66,66,187,187,207,232,256,256,281,281,281,281,308,343,343],"floor_reached":28,"playtime":1188,"items_purged":[],"score":262,"play_id":"f263024d-95b5-4032-a82f-423c5d86cb0c","local_time":"20180908034558","is_ascension_mode":true,"campfire_choices":[{"floor":6,"key":"REST"},{"data":"Zap","floor":8,"key":"SMITH"},{"data":"Genetic Algorithm","floor":15,"key":"SMITH"},{"floor":23,"key":"REST"},{"floor":25,"key":"REST"}],"neow_cost":"NONE","seed_source_timestamp":33530824113363,"circlet_count":0,"master_deck":["Strike_B","Strike_B","Strike_B","Defend_B","Defend_B","Defend_B","Zap+1","Dualcast","Ball Lightning","Self Repair","Cold Snap","Genetic Algorithm+1","Capacitor","Glacier","Conserve Battery","Echo Form","Chaos","Coolheaded","Leap","BootSequence","Cold Snap","Leap","Doom and Gloom+1","Hologram","Hologram","Gash+1"],"relics":["Cracked Core","Question Card","Golden Idol","Orrery","Boot","Orichalcum"],"potions_floor_usage":[16,27],"damage_taken":[{"damage":4,"enemies":"Jaw Worm","floor":1,"turns":3},{"damage":0,"enemies":"Cultist","floor":7,"turns":2},{"damage":6,"enemies":"Small Slimes","floor":10,"turns":3},{"damage":20,"enemies":"Exordium Wildlife","floor":11,"turns":4},{"damage":4,"enemies":"3 Louse","floor":14,"turns":4},{"damage":34,"enemies":"The Guardian","floor":16,"turns":16},{"damage":12,"enemies":"Chosen","floor":18,"turns":7},{"damage":12,"enemies":"Spheric Guardian","floor":19,"turns":8},{"damage":40,"enemies":"Centurion and Healer","floor":20,"turns":8},{"damage":16,"enemies":"Shelled Parasite and Fungi","floor":22,"turns":10},{"damage":60,"enemies":"Slavers","floor":27,"turns":7},{"damage":11,"enemies":"Cultist and Chosen","floor":28,"turns":3}],"seed_played":"-6782288601746957807","potions_obtained":[{"floor":1,"key":"FearPotion"},{"floor":7,"key":"SteroidPotion"},{"floor":10,"key":"Regen Potion"},{"floor":18,"key":"SneckoOil"},{"floor":22,"key":"FocusPotion"},{"floor":27,"key":"Weak Potion"}],"is_trial":false,"path_per_floor":["M","?","?","$","?","R","M","R","T","M","M","?","$","M","R","B",null,"M","M","M","?","M","R","?","R","T","E"],"character_chosen":"DEFECT","items_purchased":["Self Repair","Glacier"],"campfire_rested":3,"item_purchase_floors":[4,13],"current_hp_per_floor":[78,78,70,70,63,82,82,82,82,82,69,49,49,52,52,33,82,70,65,25,25,16,40,40,64,64,4,0],"gold":343,"neow_bonus":"TEN_PERCENT_HP_BONUS","is_prod":false,"is_daily":false,"chose_seed":false,"campfire_upgraded":2,"win_rate":0,"timestamp":1536392758,"path_taken":["M","?","?","?","?","R","M","R","T","M","M","?","?","M","R","BOSS","M","M","M","?","M","R","?","R","T","E","M"],"build_version":"2018-09-06","purchased_purges":0,"victory":false,"max_hp_per_floor":[82,82,82,82,82,82,82,82,82,82,82,82,82,82,82,82,82,82,82,82,82,82,82,82,82,82,82,82],"card_choices":[{"not_picked":["Static Discharge","Beam Cell"],"picked":"Ball Lightning","floor":1},{"not_picked":["Sweeping Beam","Leap"],"picked":"Cold Snap","floor":7},{"not_picked":["Beam Cell","Leap","Coolheaded"],"picked":"Genetic Algorithm","floor":10},{"not_picked":["Leap","Darkness","Reinforced Body"],"picked":"Capacitor","floor":11},{"not_picked":["Heatsinks","Cold Snap","Darkness"],"picked":"Conserve Battery","floor":14},{"not_picked":["Biased Cognition","Hyperbeam","Seek"],"picked":"Echo Form","floor":16},{"not_picked":["Aggregate","Turbo","Rebound"],"picked":"Chaos","floor":17},{"not_picked":["Static Discharge","Skim","Self Repair"],"picked":"Coolheaded","floor":17},{"not_picked":["Streamline","Turbo","Sweeping Beam"],"picked":"Leap","floor":17},{"not_picked":["Leap","Sweeping Beam","Genetic Algorithm"],"picked":"BootSequence","floor":17},{"not_picked":["Barrage","Conserve Battery","All For One"],"picked":"Cold Snap","floor":17},{"not_picked":["Beam Cell","Glacier","Turbo"],"picked":"Leap","floor":18},{"not_picked":["Reinforced Body","Skim","Redo"],"picked":"Doom and Gloom+1","floor":19},{"not_picked":["Heatsinks","Undo+1","Redo"],"picked":"Hologram","floor":20},{"not_picked":["White Noise","Undo","Scrape"],"picked":"Hologram","floor":22},{"not_picked":["Capacitor","Steam","Cold Snap"],"picked":"Gash+1","floor":27}],"player_experience":90825,"relics_obtained":[{"floor":9,"key":"Question Card"},{"floor":26,"key":"Boot"},{"floor":27,"key":"Orichalcum"}],"event_choices":[{"event_name":"The Cleric","player_choice":"Card Removal","floor":2,"damage_taken":0},{"event_name":"FaceTrader","player_choice":"Touch","floor":3,"damage_taken":0},{"event_name":"Golden Wing","player_choice":"Card Removal","floor":5,"damage_taken":0},{"event_name":"Golden Idol","player_choice":"Take Damage","floor":12,"damage_taken":0},{"event_name":"The Woman in Blue","player_choice":"Bought 0 Potions","floor":21,"damage_taken":0},{"event_name":"Vampires","player_choice":"Ignored","floor":24,"damage_taken":0}],"is_beta":false,"boss_relics":[{"not_picked":["Eternal Feather","Nuclear Battery"],"picked":"Orrery"}],"items_purged_floors":[],"is_endless":false,"potions_floor_spawned":[1,7,10,18,22,27],"killed_by":"Cultist and Chosen","ascension_level":3}