{"gold_per_floor":[119,135,149,149,149,149,184,184,207,207,236,247,274,286,286,382,382,393,442,473,485,313,313,313,338,338,363,379,379,91,91,91,91],"floor_reached":33,"playtime":2300,"items_purged":["Strike_R"],"score":386,"play_id":"17c90ca5-a65c-4a6e-9860-6a48b2197099","local_time":"20190421235006","is_ascension_mode":true,"campfire_choices":[{"data":"Bash","floor":6,"key":"SMITH"},{"data":"Uppercut","floor":8,"key":"SMITH"},{"data":"Heavy Blade","floor":10,"key":"SMITH"},{"data":"True Grit","floor":15,"key":"SMITH"},{"data":"Armaments","floor":23,"key":"SMITH"},{"floor":29,"key":"REST"},{"data":"Flame Barrier","floor":32,"key":"SMITH"}],"neow_cost":"NONE","seed_source_timestamp":350687965379668,"circlet_count":0,"master_deck":["Strike_R+1","Strike_R","Strike_R+1","Defend_R","Defend_R","Defend_R+1","Defend_R","Bash+1","Heavy Blade+1","Pummel","Shrug It Off+1","Uppercut+1","Spot Weakness","True Grit+1","Shrug It Off","Flame Barrier+1","Impervious","Armaments+1","Battle Trance","Body Slam","Ghostly","Ghostly","Ghostly","Ghostly","Ghostly","Evolve","Whirlwind","Inflame+1","Pommel Strike"],"relics":["Black Blood","War Paint","Turnip","Omamori","Centennial Puzzle","Boot","Whetstone","Red Mask","Strawberry","Mango","Prayer Wheel","Calipers"],"potions_floor_usage":[5,11,13,16,16,20,25,25,33],"damage_taken":[{"damage":0,"enemies":"Small Slimes","floor":1,"turns":3},{"damage":2,"enemies":"Jaw Worm","floor":2,"turns":3},{"damage":6,"enemies":"Cultist","floor":3,"turns":3},{"damage":34,"enemies":"Lagavulin","floor":7,"turns":6},{"damage":24,"enemies":"3 Sentries","floor":11,"turns":7},{"damage":4,"enemies":"3 Louse","floor":12,"turns":4},{"damage":15,"enemies":"Gremlin Nob","floor":13,"turns":4},{"damage":15,"enemies":"Large Slime","floor":14,"turns":5},{"damage":20,"enemies":"Hexaghost","floor":16,"turns":12},{"damage":19,"enemies":"Shell Parasite","floor":18,"turns":5},{"damage":77,"enemies":"Masked Bandits","floor":20,"turns":7},{"damage":12,"enemies":"Chosen","floor":21,"turns":5},{"damage":6,"enemies":"Slavers","floor":25,"turns":9},{"damage":30,"enemies":"Book of Stabbing","floor":27,"turns":8},{"damage":11,"enemies":"Snake Plant","floor":28,"turns":7},{"damage":66,"enemies":"Champ","floor":33,"turns":14}],"seed_played":"5519121226029155929","potions_obtained":[{"floor":5,"key":"Energy Potion"},{"floor":5,"key":"Regen Potion"},{"floor":5,"key":"Fruit Juice"},{"floor":11,"key":"PowerPotion"},{"floor":13,"key":"Block Potion"},{"floor":14,"key":"Dexterity Potion"},{"floor":27,"key":"Ancient Potion"},{"floor":28,"key":"Weak Potion"}],"is_trial":false,"path_per_floor":["M","M","M","?","?","R","E","R","T","R","E","M","E","M","R","B",null,"M","T","?","M","$","R","?","E","T","E","M","R","$","?","R","B"],"character_chosen":"IRONCLAD","items_purchased":["Fire Potion","Block Potion","Calipers"],"campfire_rested":1,"item_purchase_floors":[22,22,30],"current_hp_per_floor":[88,88,88,85,90,90,62,62,62,62,59,61,52,43,43,29,93,84,84,17,15,15,15,15,26,40,20,19,39,39,39,39,0],"gold":91,"neow_bonus":"TEN_PERCENT_HP_BONUS","is_prod":false,"is_daily":false,"chose_seed":false,"campfire_upgraded":6,"win_rate":0,"timestamp":1555905006,"path_taken":["M","M","M","?","?","R","E","R","T","R","E","M","E","M","R","BOSS","M","?","?","M","$","R","?","E","T","E","M","R","$","?","R","BOSS"],"build_version":"2019-01-23","purchased_purges":1,"victory":false,"max_hp_per_floor":[88,88,88,88,93,93,93,93,93,93,93,93,93,93,93,93,93,93,93,93,93,93,93,46,53,67,67,67,67,67,67,67,67],"card_choices":[{"not_picked":["Body Slam","Dual Wield"],"picked":"Heavy Blade","floor":1},{"not_picked":["Twin Strike","Iron Wave"],"picked":"Pummel","floor":2},{"not_picked":["Heavy Blade","Clash"],"picked":"Shrug It Off","floor":3},{"not_picked":["Thunderclap","Shrug It Off"],"picked":"Uppercut","floor":7},{"not_picked":["Clothesline","Shockwave"],"picked":"Spot Weakness","floor":11},{"not_picked":["Flex","Armaments"],"picked":"True Grit","floor":12},{"not_picked":["Perfected Strike","Seeing Red"],"picked":"Shrug It Off","floor":13},{"not_picked":["Headbutt","Warcry"],"picked":"Flame Barrier","floor":14},{"not_picked":["Feed","Limit Break"],"picked":"Impervious","floor":16},{"not_picked":["Searing Blow","True Grit"],"picked":"Armaments","floor":18},{"not_picked":["Warcry+1","Blood for Blood+1"],"picked":"Battle Trance","floor":20},{"not_picked":["Cleave+1","Reckless Charge"],"picked":"Body Slam","floor":21},{"not_picked":["Rage","Heavy Blade+1"],"picked":"Evolve","floor":25},{"not_picked":["Evolve+1","Combust"],"picked":"Whirlwind","floor":27},{"not_picked":["Sentinel","Perfected Strike+1"],"picked":"Inflame+1","floor":28},{"not_picked":["Reckless Charge+1","Carnage"],"picked":"Pommel Strike","floor":28}],"player_experience":219030,"relics_obtained":[{"floor":7,"key":"Turnip"},{"floor":9,"key":"Omamori"},{"floor":11,"key":"Centennial Puzzle"},{"floor":13,"key":"Boot"},{"floor":19,"key":"Whetstone"},{"floor":20,"key":"Red Mask"},{"floor":25,"key":"Strawberry"},{"floor":26,"key":"Mango"},{"floor":27,"key":"Prayer Wheel"}],"event_choices":[{"damage_healed":0,"gold_gain":0,"player_choice":"Success","damage_taken":3,"relics_obtained":["War Paint"],"max_hp_gain":0,"max_hp_loss":0,"event_name":"Scrap Ooze","floor":4,"gold_loss":0},{"damage_healed":0,"gold_gain":0,"player_choice":"Got Potions","damage_taken":0,"max_hp_gain":0,"max_hp_loss":0,"event_name":"Lab","floor":5,"gold_loss":0},{"damage_healed":0,"gold_gain":0,"player_choice":"Fought Bandits","damage_taken":0,"max_hp_gain":0,"max_hp_loss":0,"event_name":"Masked Bandits","floor":20,"gold_loss":0},{"damage_healed":0,"gold_gain":0,"player_choice":"Became a Ghost","damage_taken":0,"max_hp_gain":0,"max_hp_loss":47,"event_name":"Ghosts","floor":24,"gold_loss":0,"cards_obtained":["Ghostly","Ghostly","Ghostly","Ghostly","Ghostly"]},{"cards_removed":["Strike_R"],"damage_healed":0,"gold_gain":0,"player_choice":"Purged","damage_taken":0,"max_hp_gain":0,"max_hp_loss":0,"event_name":"Purifier","floor":31,"gold_loss":0}],"is_beta":false,"boss_relics":[{"not_picked":["Tiny House","Runic Cube"],"picked":"Black Blood"}],"items_purged_floors":[22],"is_endless":false,"potions_floor_spawned":[11,13,14,27,28],"killed_by":"Champ","ascension_level":4}