{"path_per_floor":["M","M","$","$","M","E","M","R","T","R","?","?","R","E","R","B",null,"M","$","?","?","?","E","R","E","T","T","M","R","?","E","R","B",null,"M","M","?"],"character_chosen":"IRONCLAD","items_purchased":["Trip","Apotheosis"],"gold_per_floor":[109,123,29,29,42,73,88,88,88,88,88,169,169,208,208,332,332,357,178,78,78,78,109,109,141,168,191,203,203,203,231,231,334,334,347,361,361],"floor_reached":38,"campfire_rested":1,"playtime":1405,"current_hp_per_floor":[62,60,60,60,66,48,44,44,44,44,44,40,40,46,46,42,67,67,67,67,67,67,63,63,66,66,66,69,69,69,45,65,69,69,40,40,30],"items_purged":[],"gold":361,"play_id":"2150b41c-aab1-41e3-9265-aac5d5332487","is_prod":false,"is_daily":false,"campfire_rituals":0,"campfire_upgraded":6,"is_hardmode":false,"path_taken":["M","M","?","$","M","E","M","R","T","R","?","?","R","E","R","BOSS","M","$","?","?","?","E","R","E","T","?","M","R","?","E","R","BOSS","M","M","?","?"],"build_version":"2018-01-11-PROD2","purchased_purges":0,"victory":false,"master_deck":["Bash","Demon Form","Sword Boomerang","Sword Boomerang","Trip","Flex","Bludgeon","Limit Break","Battle Trance","Iron Wave","Wild Strike","Power Through","Iron Wave","Shrug It Off","Cleave","Rampage","Whirlwind","Apotheosis","J.A.X.","Inflame","Headbutt","Reaper","Offering","Pain","Regret","Writhe","Madness","Madness"],"max_hp_per_floor":[72,72,72,72,72,72,72,72,72,72,67,67,67,67,67,67,67,67,67,67,67,67,67,67,67,67,67,69,69,69,69,69,69,69,71,73,73],"relics":["Burning Blood","Ancient Tea Set","Gambling Chip","War Paint","Letter Opener","Pandora\u0027s Box","Nloth\u0027s Gift","Du-Vu Doll","Juzu Bracelet","Singing Bowl","Art of War","Blue Candle","Calling Bell","Regal Pillow","Pantograph","Oddly Smooth Stone"],"campfire_meditates":0,"card_choices":[{"not_picked":["Dark Embrace","Immolate"],"picked":"Demon Form"},{"not_picked":["Clothesline","Feel No Pain"],"picked":"Sword Boomerang"},{"not_picked":["True Grit","Hemokinesis"],"picked":"Sword Boomerang"},{"not_picked":["Entrench","Warcry"],"picked":"Flex"},{"not_picked":["Rampage","Dual Wield"],"picked":"Bludgeon"},{"not_picked":["Exhume","Immolate"],"picked":"Limit Break"},{"not_picked":["True Grit","Thunderclap"],"picked":"Whirlwind"},{"not_picked":["Feed","Impervious"],"picked":"Inflame"},{"not_picked":["Warcry","Anger"],"picked":"Headbutt"},{"not_picked":["Seeing Red","Cleave"],"picked":"Reaper"},{"not_picked":["Juggernaut","Brutality"],"picked":"Offering"}],"player_experience":214819,"potions_floor_usage":[6,18,23,23,31,38],"damage_taken":[{"damage":16,"enemies":"Blue Slaver","floor":1,"turns":5},{"damage":8,"enemies":"Jaw Worm","floor":2,"turns":4},{"damage":0,"enemies":"2 Louse","floor":5,"turns":2},{"damage":39,"enemies":"3 Sentries","floor":6,"turns":7},{"damage":10,"enemies":"Looter","floor":7,"turns":4},{"damage":10,"enemies":"Lagavulin Event","floor":12,"turns":3},{"damage":0,"enemies":"Lagavulin","floor":14,"turns":4},{"damage":10,"enemies":"The Guardian","floor":16,"turns":5},{"damage":0,"enemies":"2 Thieves","floor":18,"turns":1},{"damage":10,"enemies":"Gremlin Leader","floor":23,"turns":4},{"damage":3,"enemies":"Book of Stabbing","floor":25,"turns":2},{"damage":3,"enemies":"Spheric Guardian","floor":28,"turns":2},{"damage":30,"enemies":"Gremlin Leader","floor":31,"turns":3},{"damage":39,"enemies":"Collector","floor":33,"turns":5},{"damage":37,"enemies":"3 Shapes","floor":35,"turns":3},{"damage":14,"enemies":"Orb Walker","floor":36,"turns":2},{"damage":33,"enemies":"Mysterious Sphere","floor":38,"turns":2}],"event_choices":[{"event_name":"Golden Idol","player_choice":"Lose Max HP","floor":11,"damage_taken":0},{"event_name":"Dead Adventurer","player_choice":"Searched \u00272\u0027 times","floor":12,"damage_taken":0},{"event_name":"Drug Dealer","player_choice":"Got JAXXED","floor":20,"damage_taken":0},{"event_name":"N\u0027loth","player_choice":"Traded a Golden Idol","floor":21,"damage_taken":0},{"event_name":"The Mausoleum","player_choice":"No","floor":22,"damage_taken":0},{"event_name":"Back to Basics","player_choice":"Elegance","floor":30,"damage_taken":0},{"event_name":"Winding Halls","player_choice":"Embrace Madness","floor":37,"damage_taken":0},{"event_name":"Mysterious Sphere","player_choice":"Fight","floor":38,"damage_taken":0}],"boss_relics":[{"not_picked":["Eternal Feather","Runic Pyramid"],"picked":"Pandora\u0027s Box"},{"not_picked":["Runic Cube","White Beast Statue"],"picked":"Calling Bell"}],"potions_floor_spawned":[5,6,12,14,25,28],"seed_played":"2848318985372284748","killed_by":"Mysterious Sphere","is_trial":false}