{"path_per_floor":["M","$","M","?","?","R","E","M","T","M","E","R","M","$","R","B",null],"character_chosen":"IRONCLAD","items_purchased":["Heavy Blade","Strength Potion","Toolbox","Block Potion"],"gold_per_floor":[113,113,128,128,78,78,106,116,116,127,460,460,478,39,39,137,137],"floor_reached":18,"campfire_rested":0,"playtime":692,"current_hp_per_floor":[75,75,81,81,81,81,64,65,65,60,39,39,45,45,45,45,88],"items_purged":["Strike_R"],"gold":152,"play_id":"37deb27e-9749-421f-af5c-207023d6a5f8","is_prod":false,"is_daily":false,"campfire_rituals":0,"campfire_upgraded":3,"is_hardmode":false,"path_taken":["M","?","M","?","?","R","E","M","T","?","E","R","M","$","R","BOSS","M"],"build_version":"2018-01-18-PROD4","purchased_purges":1,"victory":false,"master_deck":["Bash","Shrug It Off","Dual Wield","Thunderclap","Demon Form","Body Slam","Sword Boomerang","Cleave","Heavy Blade","Feed","Wild Strike","Iron Wave","Searing Blow","Sentinel","Anger","Headbutt","Perfected Strike"],"max_hp_per_floor":[88,88,88,88,88,88,88,88,88,88,88,88,88,88,88,88,88],"relics":["Burning Blood","Matryoshka","Ancient Tea Set","Bag of Preparation","Old Coin","Toolbox","Pandora\u0027s Box"],"campfire_meditates":0,"card_choices":[{"not_picked":["Seeing Red","Anger"],"picked":"Shrug It Off"},{"not_picked":["Reckless Charge","Havoc"],"picked":"Dual Wield"},{"not_picked":["Iron Wave","Dropkick"],"picked":"Body Slam"},{"not_picked":["Inflame","True Grit"],"picked":"Sword Boomerang"},{"not_picked":["Corruption","Sword Boomerang"],"picked":"Cleave"},{"not_picked":["Brutality","Immolate"],"picked":"Feed"}],"player_experience":222019,"potions_floor_usage":[10,13,16,16,16],"damage_taken":[{"damage":19,"enemies":"Blue Slaver","floor":1,"turns":3},{"damage":0,"enemies":"Small Slimes","floor":3,"turns":3},{"damage":23,"enemies":"Lagavulin","floor":7,"turns":7},{"damage":5,"enemies":"2 Louse","floor":8,"turns":3},{"damage":11,"enemies":"Exordium Wildlife","floor":10,"turns":3},{"damage":27,"enemies":"Gremlin Nob","floor":11,"turns":4},{"damage":0,"enemies":"2 Fungi Beasts","floor":13,"turns":2},{"damage":18,"enemies":"Hexaghost","floor":16,"turns":6},{"damage":32,"enemies":"2 Thieves","floor":18,"turns":4}],"event_choices":[{"event_name":"Match and Keep!","player_choice":"2 cards matched","floor":4,"damage_taken":0},{"event_name":"The Cleric","player_choice":"Card Removal","floor":5,"damage_taken":0}],"boss_relics":[{"not_picked":["Calling Bell","Runic Cube"],"picked":"Pandora\u0027s Box"}],"potions_floor_spawned":[1,8,10,13,18],"seed_played":"-2825652425673035791","killed_by":"2 Thieves","is_trial":false}