{"gold_per_floor":[112,37,55,74,85,118,118,136,136,162,162,182,208,208,208,311,311,325,335,335,335,352,387,400,415,415,415,447,447,462,492,492,492],"floor_reached":33,"playtime":2643,"items_purged":["Strike_B"],"score":345,"play_id":"d21a2d5d-7f81-4f92-b460-6983e81e54b3","local_time":"20190321192411","is_ascension_mode":true,"campfire_choices":[{"data":"Zap","floor":7,"key":"SMITH"},{"floor":11,"key":"REST"},{"data":"Dualcast","floor":15,"key":"SMITH"},{"floor":27,"key":"REST"},{"data":"Go for the Eyes","floor":29,"key":"SMITH"},{"data":"Conserve Battery","floor":32,"key":"SMITH"}],"neow_cost":"NONE","seed_source_timestamp":563079794608811,"circlet_count":0,"master_deck":["Strike_B","Strike_B","Strike_B","Defend_B","Defend_B","Defend_B","Defend_B","Zap+1","Dualcast+1","Ball Lightning","Barrage","Hologram","Loop","Skim","Cold Snap","Conserve Battery+1","Conserve Battery","Machine Learning","Seek","Cold Snap+1","Static Discharge","Necronomicurse","Electrodynamics","Hologram+1","Blizzard+1","Doom and Gloom","Go for the Eyes+1","Glacier"],"relics":["Cracked Core","Regal Pillow","Ginger","Symbiotic Virus","StoneCalendar","Sozu","Necronomicon","Oddly Smooth Stone","Bottled Lightning","Meat on the Bone","Gambling Chip"],"potions_floor_usage":[16,23,33],"damage_taken":[{"damage":2,"enemies":"Small Slimes","floor":1,"turns":3},{"damage":6,"enemies":"Cultist","floor":3,"turns":3},{"damage":0,"enemies":"2 Louse","floor":4,"turns":1},{"damage":9,"enemies":"2 Fungi Beasts","floor":5,"turns":3},{"damage":21,"enemies":"Lagavulin","floor":6,"turns":6},{"damage":3,"enemies":"Red Slaver","floor":8,"turns":2},{"damage":21,"enemies":"Gremlin Nob","floor":10,"turns":4},{"damage":6,"enemies":"Gremlin Gang","floor":12,"turns":3},{"damage":12,"enemies":"Lagavulin","floor":13,"turns":5},{"damage":4,"enemies":"The Guardian","floor":16,"turns":7},{"damage":0,"enemies":"Spheric Guardian","floor":18,"turns":3},{"damage":5,"enemies":"Chosen","floor":19,"turns":3},{"damage":4,"enemies":"Snecko","floor":22,"turns":5},{"damage":22,"enemies":"Slavers","floor":23,"turns":4},{"damage":6,"enemies":"Sentry and Sphere","floor":24,"turns":5},{"damage":4,"enemies":"Centurion and Healer","floor":25,"turns":4},{"damage":15,"enemies":"Book of Stabbing","floor":28,"turns":5},{"damage":12,"enemies":"Cultist and Chosen","floor":30,"turns":5},{"damage":22,"enemies":"Gremlin Leader","floor":31,"turns":5},{"damage":54,"enemies":"Champ","floor":33,"turns":8}],"seed_played":"-3422832958215746416","potions_obtained":[{"floor":3,"key":"Strength Potion"},{"floor":8,"key":"GamblersBrew"},{"floor":12,"key":"Swift Potion"},{"floor":13,"key":"Regen Potion"},{"floor":16,"key":"SmokeBomb"}],"is_trial":false,"path_per_floor":["M","$","M","M","M","E","R","M","T","E","R","M","E","?","R","B",null,"M","M","?","?","M","E","M","M","T","R","E","R","M","E","R","B"],"character_chosen":"DEFECT","items_purchased":[],"campfire_rested":2,"item_purchase_floors":[],"current_hp_per_floor":[80,80,74,74,65,44,44,41,41,20,59,53,41,41,41,49,82,82,77,61,61,57,35,29,25,25,64,49,49,49,39,39,0],"gold":492,"neow_bonus":"TEN_PERCENT_HP_BONUS","is_prod":false,"is_daily":false,"chose_seed":false,"campfire_upgraded":4,"win_rate":0,"timestamp":1553210651,"path_taken":["M","$","M","M","M","E","R","M","T","E","R","M","E","?","R","BOSS","M","?","?","?","M","E","M","?","T","R","E","R","M","E","R","BOSS"],"build_version":"2019-01-23","purchased_purges":1,"victory":false,"max_hp_per_floor":[82,82,82,82,82,82,82,82,82,82,82,82,82,82,82,82,82,82,82,82,82,82,82,82,82,82,82,82,82,82,82,82,82],"card_choices":[{"not_picked":["Undo","Beam Cell"],"picked":"Ball Lightning","floor":1},{"not_picked":["Hello World","Beam Cell"],"picked":"Barrage","floor":3},{"not_picked":["Barrage","Compile Driver"],"picked":"Hologram","floor":4},{"not_picked":["Fusion","Skim"],"picked":"Loop","floor":5},{"not_picked":["Lockon","Streamline"],"picked":"Skim","floor":6},{"not_picked":["Loop","Rebound"],"picked":"Cold Snap","floor":8},{"not_picked":["Reboot","Beam Cell"],"picked":"Conserve Battery","floor":10},{"not_picked":["Streamline","Force Field"],"picked":"Conserve Battery","floor":12},{"not_picked":["Gash","All For One"],"picked":"Machine Learning","floor":13},{"not_picked":["Thunder Strike","Meteor Strike"],"picked":"Seek","floor":16},{"not_picked":["Sweeping Beam","Stack+1"],"picked":"Cold Snap+1","floor":18},{"not_picked":["Leap","Barrage"],"picked":"Static Discharge","floor":19},{"not_picked":["Coolheaded+1","Rip and Tear"],"picked":"Electrodynamics","floor":22},{"not_picked":["Beam Cell","Melter"],"picked":"Hologram+1","floor":23},{"not_picked":["Consume","Genetic Algorithm"],"picked":"Blizzard+1","floor":24},{"not_picked":["Defragment","Redo"],"picked":"Doom and Gloom","floor":25},{"not_picked":["Steam","Beam Cell+1"],"picked":"Go for the Eyes","floor":28},{"not_picked":["Rebound+1","Barrage","Cold Snap"],"picked":"SKIP","floor":30},{"not_picked":["Compile Driver","Defragment"],"picked":"Glacier","floor":31}],"player_experience":159801,"relics_obtained":[{"floor":6,"key":"Regal Pillow"},{"floor":9,"key":"Ginger"},{"floor":10,"key":"Symbiotic Virus"},{"floor":13,"key":"StoneCalendar"},{"floor":20,"key":"Necronomicon"},{"floor":23,"key":"Oddly Smooth Stone"},{"floor":26,"key":"Bottled Lightning"},{"floor":28,"key":"Meat on the Bone"},{"floor":31,"key":"Gambling Chip"}],"event_choices":[{"damage_healed":0,"gold_gain":0,"player_choice":"Got Potions","damage_taken":0,"max_hp_gain":0,"max_hp_loss":0,"event_name":"Lab","floor":14,"gold_loss":0},{"damage_healed":0,"gold_gain":0,"player_choice":"Obtained Book","damage_taken":16,"max_hp_gain":0,"max_hp_loss":0,"event_name":"Cursed Tome","floor":20,"gold_loss":0},{"damage_healed":0,"gold_gain":0,"player_choice":"Bought 0 Potions","damage_taken":0,"max_hp_gain":0,"max_hp_loss":0,"event_name":"The Woman in Blue","floor":21,"gold_loss":0}],"is_beta":false,"boss_relics":[{"not_picked":["Astrolabe","Orrery"],"picked":"Sozu"}],"items_purged_floors":[2],"is_endless":false,"potions_floor_spawned":[3,8,12,13,16,19,23,24],"killed_by":"Champ","ascension_level":1}