{"gold_per_floor":[109,35,35,35,35,68,30,30,105,116,78,104,79,95,95,194,244,264,278,203,221,233,233,243,263,287,287,298,298],"floor_reached":29,"playtime":2395,"items_purged":[],"score":235,"play_id":"8c514f6d-72b9-4e00-9736-3866e2aa9768","local_time":"20190831220931","is_ascension_mode":false,"campfire_choices":[{"floor":8,"key":"REST"},{"data":"Twin Strike","floor":15,"key":"SMITH"},{"floor":23,"key":"REST"}],"neow_cost":"NONE","seed_source_timestamp":720059765711900,"circlet_count":0,"master_deck":["Strike_R","Strike_R","Strike_R","Strike_R","Strike_R","Defend_R","Defend_R","Defend_R","Defend_R","Bash","Anger+1","Impervious","Cleave","Inflame","Twin Strike+1","Carnage","Seeing Red","Armaments+1","Warcry+1","Reaper+1","Rampage","Pommel Strike","Anger+1","Clothesline+1","Sword Boomerang","Metallicize","Thunderclap+1","Pommel Strike"],"relics":["Burning Blood","Bronze Scales","Ornamental Fan","Ancient Tea Set","Tiny House","War Paint","Bird Faced Urn"],"potions_floor_usage":[16,19,21,28],"damage_taken":[{"damage":10,"enemies":"Jaw Worm","floor":1,"turns":7},{"damage":32,"enemies":"Lagavulin","floor":6,"turns":8},{"damage":3,"enemies":"Small Slimes","floor":10,"turns":3},{"damage":6,"enemies":"Gremlin Nob","floor":12,"turns":3},{"damage":0,"enemies":"2 Louse","floor":14,"turns":2},{"damage":66,"enemies":"Slime Boss","floor":16,"turns":13},{"damage":21,"enemies":"2 Thieves","floor":18,"turns":4},{"damage":5,"enemies":"Spheric Guardian","floor":19,"turns":3},{"damage":10,"enemies":"Snecko","floor":21,"turns":5},{"damage":48,"enemies":"3 Cultists","floor":22,"turns":6},{"damage":26,"enemies":"Sentry and Sphere","floor":24,"turns":4},{"damage":20,"enemies":"Chosen and Byrds","floor":25,"turns":6},{"damage":36,"enemies":"Snecko","floor":28,"turns":7},{"damage":37,"enemies":"Slavers","floor":29,"turns":2}],"seed_played":"-1124324685210790084","potions_obtained":[{"floor":12,"key":"Weak Potion"},{"floor":14,"key":"LiquidBronze"},{"floor":17,"key":"AttackPotion"},{"floor":18,"key":"SkillPotion"},{"floor":19,"key":"Swift Potion"},{"floor":22,"key":"PowerPotion"}],"is_trial":false,"path_per_floor":["M","$","?","?","?","E","$","R","T","M","$","E","$","M","R","B",null,"M","M","?","M","M","R","M","M","T","T","M","E"],"character_chosen":"IRONCLAD","items_purchased":["Impervious","Inflame","Carnage","Armaments"],"campfire_rested":2,"item_purchase_floors":[2,7,11,13],"current_hp_per_floor":[76,76,76,76,76,50,50,74,74,77,77,77,77,80,80,20,85,70,71,71,67,40,65,45,41,41,41,20,0],"gold":298,"neow_bonus":"ONE_RANDOM_RARE_CARD","is_prod":false,"is_daily":false,"chose_seed":false,"campfire_upgraded":1,"win_rate":0.0,"timestamp":1567303771,"path_taken":["M","$","?","?","?","E","$","R","T","M","?","E","?","M","R","BOSS","M","M","?","M","M","R","M","M","T","?","M","E"],"build_version":"2019-07-17","purchased_purges":0,"victory":false,"max_hp_per_floor":[80,80,80,80,80,80,80,80,80,80,80,80,80,80,80,80,85,85,85,85,85,85,85,85,85,85,85,85,85],"card_choices":[{"not_picked":["Armaments","Infernal Blade"],"picked":"Anger","floor":1},{"not_picked":["Clothesline","Heavy Blade"],"picked":"Cleave","floor":6},{"not_picked":["True Grit","Feel No Pain"],"picked":"Twin Strike","floor":10},{"not_picked":["Juggernaut","Armaments"],"picked":"Seeing Red","floor":12},{"not_picked":["Twin Strike","Pummel"],"picked":"Warcry","floor":14},{"not_picked":["Offering","Dark Embrace"],"picked":"Reaper","floor":16},{"not_picked":["Twin Strike","Headbutt"],"picked":"Rampage","floor":17},{"not_picked":["Anger","Twin Strike+1"],"picked":"Pommel Strike","floor":18},{"not_picked":["Clash+1","Limit Break"],"picked":"Anger+1","floor":19},{"not_picked":["Rampage","Clash"],"picked":"Clothesline+1","floor":21},{"not_picked":["Rupture","Clothesline"],"picked":"Sword Boomerang","floor":22},{"not_picked":["Pommel Strike+1","Spot Weakness"],"picked":"Metallicize","floor":24},{"not_picked":["Bloodletting","Iron Wave"],"picked":"Thunderclap+1","floor":25},{"not_picked":["Clash","Anger"],"picked":"Pommel Strike","floor":28}],"player_experience":8548,"relics_obtained":[{"floor":6,"key":"Bronze Scales"},{"floor":9,"key":"Ornamental Fan"},{"floor":12,"key":"Ancient Tea Set"},{"floor":26,"key":"War Paint"},{"floor":27,"key":"Bird Faced Urn"}],"event_choices":[{"damage_healed":0,"gold_gain":0,"player_choice":"Fled","damage_taken":0,"max_hp_gain":0,"max_hp_loss":0,"event_name":"Scrap Ooze","floor":3,"gold_loss":0},{"damage_healed":0,"gold_gain":0,"player_choice":"Grow","damage_taken":0,"max_hp_gain":0,"max_hp_loss":0,"event_name":"Living Wall","floor":4,"gold_loss":0,"cards_upgraded":["Anger"]},{"damage_healed":0,"gold_gain":0,"player_choice":"Ignored","damage_taken":0,"max_hp_gain":0,"max_hp_loss":0,"event_name":"Shining Light","floor":5,"gold_loss":0},{"cards_removed":["Brutality"],"damage_healed":0,"gold_gain":0,"player_choice":"Gave Gold","damage_taken":0,"max_hp_gain":0,"max_hp_loss":0,"event_name":"Beggar","floor":20,"gold_loss":75}],"is_beta":false,"boss_relics":[{"not_picked":["Cursed Key","Orrery"],"picked":"Tiny House"}],"items_purged_floors":[],"is_endless":false,"potions_floor_spawned":[12,14,18,19,22],"killed_by":"Slavers","ascension_level":0}