{"gold_per_floor":[117,117,128,138,151,185,185,212,212,212,232,267,296,312,312,312],"floor_reached":16,"playtime":1056,"items_purged":[],"score":153,"play_id":"4a7c8d1e-8702-4fa5-b697-e9ef770166bc","local_time":"20190808165508","is_ascension_mode":true,"campfire_choices":[{"data":"Armaments","floor":7,"key":"SMITH"},{"floor":15,"key":"REST"}],"neow_cost":"NONE","seed_source_timestamp":4744779746320073,"circlet_count":0,"master_deck":["Strike_R","Strike_R","Strike_R","Strike_R","Strike_R","Defend_R","Defend_R","Defend_R","Defend_R","Bash+1","Battle Trance","Armaments+1","Heavy Blade","Clothesline","Disarm","Metallicize","Sword Boomerang","Shrug It Off","Cleave","True Grit"],"relics":["Burning Blood","Meat on the Bone","Torii","PreservedInsect","Gambling Chip","Blood Vial","Odd Mushroom"],"potions_floor_usage":[8,16],"damage_taken":[{"damage":6,"enemies":"Cultist","floor":1,"turns":3},{"damage":10,"enemies":"Small Slimes","floor":3,"turns":3},{"damage":3,"enemies":"2 Louse","floor":4,"turns":3},{"damage":16,"enemies":"Blue Slaver","floor":5,"turns":3},{"damage":46,"enemies":"Lagavulin","floor":6,"turns":7},{"damage":34,"enemies":"3 Sentries","floor":8,"turns":9},{"damage":0,"enemies":"Exordium Wildlife","floor":11,"turns":6},{"damage":18,"enemies":"Lagavulin","floor":12,"turns":5},{"damage":30,"enemies":"The Mushroom Lair","floor":13,"turns":6},{"damage":8,"enemies":"Exordium Thugs","floor":14,"turns":4},{"damage":78,"enemies":"Slime Boss","floor":16,"turns":13}],"seed_played":"3230272741002527673","potions_obtained":[{"floor":1,"key":"GamblersBrew"},{"floor":8,"key":"SkillPotion"},{"floor":11,"key":"Dexterity Potion"},{"floor":13,"key":"SkillPotion"},{"floor":14,"key":"Ancient Potion"}],"is_trial":false,"path_per_floor":["M","T","M","M","M","E","R","E","T","?","M","E","?","M","R","B"],"character_chosen":"IRONCLAD","items_purchased":[],"campfire_rested":1,"item_purchase_floors":[],"current_hp_per_floor":[80,80,76,79,69,41,41,25,25,51,57,57,47,47,71,0],"gold":312,"neow_bonus":"UPGRADE_CARD","is_prod":false,"is_daily":false,"chose_seed":false,"campfire_upgraded":1,"win_rate":0,"timestamp":1565297708,"path_taken":["M","?","M","M","?","E","R","E","T","?","M","E","?","M","R","BOSS"],"build_version":"2019-07-17","purchased_purges":0,"victory":false,"max_hp_per_floor":[80,80,80,80,80,80,80,80,80,80,80,80,80,80,80,80],"card_choices":[{"not_picked":["Armaments","Heavy Blade"],"picked":"Battle Trance","floor":1},{"not_picked":["Dropkick","Infernal Blade"],"picked":"Armaments","floor":3},{"not_picked":["Carnage","Havoc"],"picked":"Heavy Blade","floor":4},{"not_picked":["Warcry","Pommel Strike"],"picked":"Clothesline","floor":5},{"not_picked":["Barricade","Sword Boomerang"],"picked":"Disarm","floor":6},{"not_picked":["Disarm","Limit Break"],"picked":"Metallicize","floor":8},{"not_picked":["Pommel Strike","Thunderclap"],"picked":"Sword Boomerang","floor":11},{"not_picked":["Metallicize","Cleave"],"picked":"Shrug It Off","floor":12},{"not_picked":["Body Slam","Rage"],"picked":"Cleave","floor":13},{"not_picked":["Armaments","Wild Strike"],"picked":"True Grit","floor":14}],"player_experience":361475,"relics_obtained":[{"floor":2,"key":"Meat on the Bone"},{"floor":6,"key":"Torii"},{"floor":8,"key":"PreservedInsect"},{"floor":9,"key":"Gambling Chip"},{"floor":12,"key":"Blood Vial"},{"floor":13,"key":"Odd Mushroom"}],"event_choices":[{"damage_healed":26,"gold_gain":0,"player_choice":"Banana","damage_taken":0,"max_hp_gain":0,"max_hp_loss":0,"event_name":"Big Fish","floor":10,"gold_loss":0},{"damage_healed":0,"gold_gain":0,"player_choice":"Fought Mushrooms","damage_taken":0,"max_hp_gain":0,"max_hp_loss":0,"event_name":"Mushrooms","floor":13,"gold_loss":0}],"is_beta":false,"boss_relics":[],"items_purged_floors":[],"is_endless":false,"potions_floor_spawned":[1,8,11,13,14],"killed_by":"Slime Boss","ascension_level":5}