{"gold_per_floor":[109,122,72,72,89,89,149,149,175,202,213,240,257,321,321,321],"floor_reached":16,"playtime":1473,"items_purged":[],"score":156,"play_id":"45e409d8-65c0-4378-915d-fe3f02d7188f","local_time":"20190728030922","is_ascension_mode":true,"campfire_choices":[{"data":"Glacier","floor":6,"key":"SMITH"},{"floor":8,"key":"REST"},{"data":"Genetic Algorithm","floor":15,"key":"SMITH"}],"neow_cost":"PERCENT_DAMAGE","seed_source_timestamp":3744426560219639,"circlet_count":0,"master_deck":["Strike_B","Strike_B","Strike_B","Defend_B","Defend_B","Defend_B","Defend_B+1","Zap+1","Dualcast+1","Glacier+1","Leap","Compile Driver","Coolheaded","Darkness","Doom and Gloom","Compile Driver","Genetic Algorithm+1"],"relics":["Cracked Core","Pocketwatch","Tiny Chest","Juzu Bracelet","War Paint","Centennial Puzzle","The Courier"],"potions_floor_usage":[14,16],"damage_taken":[{"damage":2,"enemies":"Jaw Worm","floor":1,"turns":3},{"damage":0,"enemies":"Small Slimes","floor":2,"turns":2},{"damage":1,"enemies":"2 Louse","floor":5,"turns":3},{"damage":9,"enemies":"Lagavulin","floor":7,"turns":7},{"damage":1,"enemies":"3 Sentries","floor":10,"turns":8},{"damage":1,"enemies":"Red Slaver","floor":11,"turns":3},{"damage":4,"enemies":"Lagavulin","floor":12,"turns":7},{"damage":11,"enemies":"Looter","floor":13,"turns":2},{"damage":9,"enemies":"Gremlin Nob","floor":14,"turns":3},{"damage":39,"enemies":"Hexaghost","floor":16,"turns":11}],"seed_played":"2338422625529883830","potions_obtained":[{"floor":5,"key":"Swift Potion"},{"floor":7,"key":"SteroidPotion"},{"floor":11,"key":"Poison Potion"}],"is_trial":false,"path_per_floor":["M","M","?","?","M","R","E","R","T","E","M","E","M","?","R","B"],"character_chosen":"DEFECT","items_purchased":[],"campfire_rested":1,"item_purchase_floors":[],"current_hp_per_floor":[48,48,48,48,47,47,38,60,60,59,58,54,43,34,34,0],"gold":321,"neow_bonus":"ONE_RARE_RELIC","is_prod":false,"is_daily":false,"chose_seed":false,"campfire_upgraded":2,"win_rate":0,"timestamp":1564297762,"path_taken":["M","M","?","?","M","R","E","R","T","E","M","E","M","?","R","BOSS"],"build_version":"2019-07-17","purchased_purges":0,"victory":false,"max_hp_per_floor":[75,75,75,75,75,75,75,75,75,75,75,75,75,75,75,75],"card_choices":[{"not_picked":["Ball Lightning","Static Discharge"],"picked":"Glacier","floor":1},{"not_picked":["Reprogram","Reinforced Body"],"picked":"Leap","floor":2},{"not_picked":["Heatsinks","Steam Power"],"picked":"Compile Driver","floor":5},{"not_picked":["Beam Cell","Turbo","Steam"],"picked":"SKIP","floor":7},{"not_picked":["FTL","Tempest"],"picked":"Coolheaded","floor":10},{"not_picked":["Steam","Cold Snap"],"picked":"Darkness","floor":11},{"not_picked":["Tempest","Rebound"],"picked":"Doom and Gloom","floor":12},{"not_picked":["Sweeping Beam","Cold Snap"],"picked":"Compile Driver","floor":13},{"not_picked":["Scrape","Coolheaded"],"picked":"Genetic Algorithm","floor":14}],"player_experience":352561,"relics_obtained":[{"floor":7,"key":"Tiny Chest"},{"floor":9,"key":"Juzu Bracelet"},{"floor":10,"key":"War Paint"},{"floor":12,"key":"Centennial Puzzle"}],"event_choices":[{"cards_removed":["Strike_B"],"damage_healed":0,"gold_gain":0,"player_choice":"Card Removal","damage_taken":0,"max_hp_gain":0,"max_hp_loss":0,"event_name":"The Cleric","floor":3,"gold_loss":50},{"damage_healed":0,"gold_gain":0,"player_choice":"Grow","damage_taken":0,"max_hp_gain":0,"max_hp_loss":0,"event_name":"Living Wall","floor":4,"gold_loss":0,"cards_upgraded":["Zap"]},{"damage_healed":0,"gold_gain":0,"player_choice":"Searched \u00273\u0027 times","damage_taken":0,"relics_obtained":["The Courier"],"max_hp_gain":0,"max_hp_loss":0,"event_name":"Dead Adventurer","floor":14,"gold_loss":0}],"is_beta":false,"boss_relics":[],"items_purged_floors":[],"is_endless":false,"potions_floor_spawned":[5,7,11,12],"killed_by":"Hexaghost","ascension_level":6}