{"gold_per_floor":[112,112,125,75,95,95,17,17,17,17,17,17,31,31,31,134,134,154,174,174,174,54,54,54,54,54,54,70,89,14,24,24,127,127,140,157,157,0,0],"floor_reached":39,"playtime":1804,"items_purged":[],"score":367,"play_id":"5f45222d-79f4-40dd-a299-dac1cdfe2194","local_time":"20190902211949","is_ascension_mode":false,"campfire_choices":[{"data":"Bash","floor":6,"key":"SMITH"},{"data":"Twin Strike","floor":8,"key":"SMITH"},{"data":"Anger","floor":11,"key":"SMITH"},{"floor":15,"key":"REST"},{"data":"Whirlwind","floor":23,"key":"SMITH"},{"floor":25,"key":"REST"},{"data":"Demon Form","floor":27,"key":"SMITH"},{"floor":32,"key":"REST"}],"neow_cost":"NONE","seed_source_timestamp":890477667045100,"circlet_count":0,"master_deck":["Defend_R","Defend_R","Defend_R","Bash+1","Anger+1","Twin Strike+1","Disarm","Shrug It Off","Demon Form+1","Headbutt","Clash","Whirlwind+1","Necronomicurse","Iron Wave","Battle Trance+1","Double Tap","Cleave","Armaments+1","Apotheosis"],"relics":["Burning Blood","Ancient Tea Set","Gremlin Horn","Mummified Hand","Cursed Key","Necronomicon","Empty Cage","Red Mask"],"potions_floor_usage":[16,33,33,39],"damage_taken":[{"damage":4,"enemies":"2 Louse","floor":1,"turns":4},{"damage":0,"enemies":"Small Slimes","floor":3,"turns":3},{"damage":1,"enemies":"Jaw Worm","floor":5,"turns":4},{"damage":0,"enemies":"Looter","floor":13,"turns":1},{"damage":40,"enemies":"Hexaghost","floor":16,"turns":10},{"damage":12,"enemies":"3 Byrds","floor":18,"turns":5},{"damage":5,"enemies":"Chosen","floor":19,"turns":4},{"damage":0,"enemies":"3 Cultists","floor":28,"turns":2},{"damage":0,"enemies":"Chosen and Byrds","floor":29,"turns":4},{"damage":24,"enemies":"Snake Plant","floor":31,"turns":4},{"damage":65,"enemies":"Automaton","floor":33,"turns":8},{"damage":31,"enemies":"3 Shapes","floor":35,"turns":3},{"damage":7,"enemies":"3 Darklings","floor":36,"turns":3},{"damage":67,"enemies":"2 Orb Walkers","floor":39,"turns":3}],"seed_played":"-8777779207471977499","potions_obtained":[{"floor":1,"key":"Fruit Juice"},{"floor":28,"key":"Dexterity Potion"},{"floor":29,"key":"Dexterity Potion"},{"floor":35,"key":"GamblersBrew"}],"is_trial":false,"path_per_floor":["M","?","M","?","M","R","$","R","T","?","R","?","M","?","R","B",null,"M","M","?","?","$","R","?","R","T","R","M","M","?","M","R","B",null,"M","M","?","?","?"],"character_chosen":"IRONCLAD","items_purchased":["Disarm","Whirlwind","Dexterity Potion"],"campfire_rested":3,"item_purchase_floors":[7,22,22],"current_hp_per_floor":[80,73,79,79,80,80,80,80,80,64,64,61,67,67,80,51,85,79,80,80,80,80,80,64,85,85,85,85,85,85,67,85,26,85,60,59,59,59,0],"gold":0,"neow_bonus":"RANDOM_COMMON_RELIC","is_prod":false,"is_daily":false,"chose_seed":false,"campfire_upgraded":5,"win_rate":0.0,"timestamp":1567473589,"path_taken":["M","?","M","?","M","R","$","R","T","?","R","?","?","?","R","BOSS","M","M","?","?","$","R","?","R","T","R","M","M","?","?","R","BOSS","M","M","?","?","?"],"build_version":"2019-07-17","purchased_purges":0,"victory":false,"max_hp_per_floor":[80,80,80,80,80,80,80,80,80,80,80,80,80,80,80,85,85,85,85,85,85,85,85,85,85,85,85,85,85,85,85,85,85,85,85,85,85,85,85],"card_choices":[{"not_picked":["Iron Wave","True Grit"],"picked":"Anger","floor":1},{"not_picked":["Dropkick","Wild Strike"],"picked":"Twin Strike","floor":3},{"not_picked":["Sword Boomerang","Warcry","Combust"],"picked":"SKIP","floor":5},{"not_picked":["Twin Strike","Impervious"],"picked":"Shrug It Off","floor":13},{"not_picked":["Fiend Fire","Impervious"],"picked":"Demon Form","floor":16},{"not_picked":["Warcry","Clothesline"],"picked":"Headbutt","floor":18},{"not_picked":["Thunderclap+1","Feed"],"picked":"Clash","floor":19},{"not_picked":["Bloodletting","Thunderclap"],"picked":"Iron Wave","floor":28},{"not_picked":["Clash+1","Sword Boomerang+1"],"picked":"Battle Trance+1","floor":29},{"not_picked":["Wild Strike","Combust","Intimidate"],"picked":"SKIP","floor":31},{"not_picked":["Dark Embrace","Feed"],"picked":"Double Tap","floor":33},{"not_picked":["Sever Soul","Wild Strike"],"picked":"Cleave","floor":35},{"not_picked":["Perfected Strike+1","Uppercut+1"],"picked":"Armaments+1","floor":36},{"not_picked":["Finesse","Bandage Up"],"picked":"Apotheosis","floor":37}],"player_experience":27063,"relics_obtained":[{"floor":9,"key":"Gremlin Horn"},{"floor":24,"key":"Necronomicon"}],"event_choices":[{"cards_removed":["Strike_R"],"damage_healed":0,"gold_gain":0,"player_choice":"Card Removal","damage_taken":7,"max_hp_gain":0,"max_hp_loss":0,"event_name":"Golden Wing","floor":2,"gold_loss":0},{"cards_removed":["Strike_R"],"damage_healed":0,"gold_gain":0,"player_choice":"Card Removal","damage_taken":0,"max_hp_gain":0,"max_hp_loss":0,"event_name":"The Cleric","floor":4,"gold_loss":50},{"damage_healed":0,"gold_gain":0,"player_choice":"Entered Light","damage_taken":16,"max_hp_gain":0,"max_hp_loss":0,"event_name":"Shining Light","floor":10,"gold_loss":0,"cards_upgraded":["Strike_R","Strike_R"]},{"damage_healed":0,"gold_gain":0,"player_choice":"Success","damage_taken":3,"relics_obtained":["Mummified Hand"],"max_hp_gain":0,"max_hp_loss":0,"event_name":"Scrap Ooze","floor":12,"gold_loss":0},{"damage_healed":0,"gold_gain":0,"player_choice":"Ignored","damage_taken":0,"max_hp_gain":0,"max_hp_loss":0,"event_name":"Liars Game","floor":14,"gold_loss":0},{"cards_removed":["Strike_R"],"damage_healed":0,"gold_gain":0,"player_choice":"Elegance","damage_taken":0,"max_hp_gain":0,"max_hp_loss":0,"event_name":"Back to Basics","floor":20,"gold_loss":0},{"damage_healed":0,"gold_gain":0,"player_choice":"Ignored","damage_taken":0,"max_hp_gain":0,"max_hp_loss":0,"event_name":"The Mausoleum","floor":21,"gold_loss":0},{"damage_healed":0,"gold_gain":0,"player_choice":"Obtained Book","damage_taken":16,"max_hp_gain":0,"max_hp_loss":0,"event_name":"Cursed Tome","floor":24,"gold_loss":0},{"cards_removed":["Strike_R"],"damage_healed":0,"gold_gain":0,"player_choice":"Gave Gold","damage_taken":0,"max_hp_gain":0,"max_hp_loss":0,"event_name":"Beggar","floor":30,"gold_loss":75},{"damage_healed":0,"gold_gain":0,"player_choice":"Memory 1","damage_taken":0,"max_hp_gain":0,"max_hp_loss":0,"event_name":"SensoryStone","floor":37,"gold_loss":0},{"damage_healed":0,"gold_gain":0,"player_choice":"Paid","damage_taken":0,"relics_obtained":["Red Mask"],"max_hp_gain":0,"max_hp_loss":0,"event_name":"Tomb of Lord Red Mask","floor":38,"gold_loss":157},{"damage_healed":0,"gold_gain":0,"player_choice":"Fight","damage_taken":0,"max_hp_gain":0,"max_hp_loss":0,"event_name":"Mysterious Sphere","floor":39,"gold_loss":0}],"is_beta":false,"boss_relics":[{"not_picked":["White Beast Statue","Calling Bell"],"picked":"Cursed Key"},{"not_picked":["Velvet Choker","Orrery"],"picked":"Empty Cage"}],"items_purged_floors":[],"is_endless":false,"potions_floor_spawned":[1,28,29,31,35],"killed_by":"2 Orb Walkers","ascension_level":0}