{"gold_per_floor":[110,63,63,81,81,139,149,159,182,3,18,18,18,28,28,28],"floor_reached":16,"playtime":715,"items_purged":[],"score":159,"play_id":"b3fe4aee-e866-4c42-b167-642124c05a27","local_time":"20190512223010","is_ascension_mode":true,"campfire_choices":[{"data":"Armaments","floor":13,"key":"SMITH"},{"data":"Body Slam","floor":15,"key":"SMITH"}],"neow_cost":"NONE","seed_source_timestamp":2161872643870335,"circlet_count":0,"master_deck":["Strike_R","Strike_R","Strike_R","Strike_R+1","Strike_R+1","Defend_R","Defend_R","Defend_R","Defend_R","Bash","Shrug It Off","Armaments+1","Metallicize","Reaper","Anger","Disarm","Body Slam+1"],"relics":["Burning Blood","NeowsBlessing","Tiny Chest","MawBank","Membership Card"],"potions_floor_usage":[16,16],"damage_taken":[{"damage":0,"enemies":"2 Louse","floor":1,"turns":1},{"damage":0,"enemies":"Jaw Worm","floor":4,"turns":1},{"damage":0,"enemies":"3 Sentries","floor":6,"turns":1},{"damage":8,"enemies":"Cultist","floor":7,"turns":4},{"damage":13,"enemies":"Blue Slaver","floor":8,"turns":4},{"damage":36,"enemies":"Lots of Slimes","floor":11,"turns":5},{"damage":20,"enemies":"Large Slime","floor":14,"turns":8},{"damage":45,"enemies":"The Guardian","floor":16,"turns":9}],"seed_played":"6337386520234803515","potions_obtained":[{"floor":6,"key":"FearPotion"},{"floor":8,"key":"Dexterity Potion"},{"floor":11,"key":"Fire Potion"}],"is_trial":false,"path_per_floor":["M","$","?","M","?","E","M","M","T","$","M","$","R","M","R","B"],"character_chosen":"IRONCLAD","items_purchased":["Armaments","Membership Card"],"campfire_rested":0,"item_purchase_floors":[2,10],"current_hp_per_floor":[80,80,80,80,64,70,72,65,65,65,47,47,47,41,41,0],"gold":28,"neow_bonus":"THREE_ENEMY_KILL","is_prod":false,"is_daily":false,"chose_seed":false,"campfire_upgraded":2,"win_rate":0,"timestamp":1557714610,"path_taken":["M","$","?","M","?","E","?","M","T","?","M","$","R","M","R","BOSS"],"build_version":"2019-01-23","purchased_purges":0,"victory":false,"max_hp_per_floor":[80,80,80,80,80,80,80,80,80,80,80,80,80,80,80,80],"card_choices":[{"not_picked":["Twin Strike","Clash"],"picked":"Shrug It Off","floor":1},{"not_picked":["Burning Pact","Entrench"],"picked":"Metallicize","floor":4},{"not_picked":["Headbutt","Thunderclap"],"picked":"Reaper","floor":6},{"not_picked":["Clash","Entrench"],"picked":"Anger","floor":7},{"not_picked":["Anger","Hemokinesis","Iron Wave"],"picked":"SKIP","floor":8},{"not_picked":["Searing Blow","Anger"],"picked":"Disarm","floor":11},{"not_picked":["Anger","Metallicize"],"picked":"Body Slam","floor":14}],"player_experience":289819,"relics_obtained":[{"floor":6,"key":"Tiny Chest"},{"floor":9,"key":"MawBank"}],"event_choices":[{"damage_healed":0,"gold_gain":0,"player_choice":"Ignored","damage_taken":0,"max_hp_gain":0,"max_hp_loss":0,"event_name":"Liars Game","floor":3,"gold_loss":0},{"damage_healed":0,"gold_gain":0,"player_choice":"Entered Light","damage_taken":16,"max_hp_gain":0,"max_hp_loss":0,"event_name":"Shining Light","floor":5,"gold_loss":0,"cards_upgraded":["Strike_R","Strike_R"]}],"is_beta":false,"boss_relics":[],"items_purged_floors":[],"is_endless":false,"potions_floor_spawned":[6,8,11],"killed_by":"The Guardian","ascension_level":5}