{"gold_per_floor":[118,68,168,23,35,68,82,96,123,152,162,162,193,203,203,307,307,325,341,33,33,43,71,87,87,87,117,127,159,169,188,188,287,287,305,305,320,332,312,342,342,357,357,389,400,427,205,224,224,224,224,224,7,35,35],"floor_reached":55,"playtime":3625,"items_purged":["Strike_R","Sever Soul","Hemokinesis"],"score":1063,"play_id":"d827feca-5ed8-44b3-924f-facff9b6720f","local_time":"20190827034635","is_ascension_mode":true,"campfire_choices":[{"data":"Bash","floor":12,"key":"SMITH"},{"data":"True Grit","floor":15,"key":"SMITH"},{"floor":25,"key":"REST"},{"floor":32,"key":"REST"},{"floor":41,"key":"REST"},{"floor":49,"key":"RECALL"},{"floor":52,"key":"REST"}],"neow_cost":"NONE","seed_source_timestamp":6336480494698673,"circlet_count":0,"master_deck":["Bash+1","Anger","Flex","Flame Barrier","Reaper","Sword Boomerang","Battle Trance","True Grit+1","Offering","Rampage","Uppercut+1","Offering","Shrug It Off","Feel No Pain","Corruption+1","Shockwave+1","Combust+1","Feed","Shrug It Off","Demon Form","Flex","Berserk","Limit Break","Fire Breathing","Whirlwind","Metallicize+1","Inflame+1","Rupture+1","Armaments+1","Feed","Juggernaut","Entrench","Body Slam+1","Clothesline+1"],"relics":["Burning Blood","NeowsBlessing","Orichalcum","Boot","Bag of Marbles","FossilizedHelix","Fusion Hammer","Membership Card","Bag of Preparation","Pear","Bottled Flame","Omamori","Pandora\u0027s Box","Vajra","Kunai","Bottled Tornado","Bronze Scales","Ancient Tea Set","Turnip","Blue Candle"],"potions_floor_usage":[10,16,23,31,33,33,33,50,55],"damage_taken":[{"damage":0,"enemies":"Jaw Worm","floor":1,"turns":1},{"damage":0,"enemies":"Cultist","floor":5,"turns":1},{"damage":0,"enemies":"3 Sentries","floor":6,"turns":1},{"damage":2,"enemies":"Small Slimes","floor":7,"turns":3},{"damage":12,"enemies":"Red Slaver","floor":8,"turns":4},{"damage":28,"enemies":"Gremlin Nob","floor":10,"turns":4},{"damage":17,"enemies":"Gremlin Gang","floor":11,"turns":4},{"damage":30,"enemies":"3 Sentries","floor":13,"turns":7},{"damage":7,"enemies":"2 Fungi Beasts","floor":14,"turns":2},{"damage":41,"enemies":"Hexaghost","floor":16,"turns":10},{"damage":9,"enemies":"Chosen","floor":18,"turns":3},{"damage":6,"enemies":"Shell Parasite","floor":19,"turns":3},{"damage":9,"enemies":"Snake Plant","floor":22,"turns":2},{"damage":30,"enemies":"Book of Stabbing","floor":23,"turns":4},{"damage":9,"enemies":"Snecko","floor":24,"turns":3},{"damage":22,"enemies":"Gremlin Leader","floor":27,"turns":5},{"damage":15,"enemies":"Centurion and Healer","floor":28,"turns":5},{"damage":23,"enemies":"Slavers","floor":29,"turns":4},{"damage":3,"enemies":"Snake Plant","floor":30,"turns":3},{"damage":21,"enemies":"Snecko","floor":31,"turns":5},{"damage":82,"enemies":"Automaton","floor":33,"turns":10},{"damage":21,"enemies":"Orb Walker","floor":35,"turns":4},{"damage":15,"enemies":"3 Shapes","floor":37,"turns":3},{"damage":28,"enemies":"Jaw Worm Horde","floor":38,"turns":3},{"damage":33,"enemies":"Giant Head","floor":40,"turns":6},{"damage":47,"enemies":"3 Darklings","floor":42,"turns":3},{"damage":40,"enemies":"Reptomancer","floor":44,"turns":5},{"damage":22,"enemies":"Maw","floor":45,"turns":6},{"damage":23,"enemies":"Giant Head","floor":46,"turns":6},{"damage":36,"enemies":"4 Shapes","floor":48,"turns":5},{"damage":64,"enemies":"Donu and Deca","floor":50,"turns":6},{"damage":49,"enemies":"Shield and Spear","floor":54,"turns":7},{"damage":74,"enemies":"The Heart","floor":55,"turns":5}],"seed_played":"3181629246271514578","potions_obtained":[{"floor":1,"key":"Strength Potion"},{"floor":5,"key":"Swift Potion"},{"floor":7,"key":"Swift Potion"},{"floor":13,"key":"AttackPotion"},{"floor":18,"key":"Block Potion"},{"floor":23,"key":"SpeedPotion"},{"floor":29,"key":"LiquidBronze"},{"floor":31,"key":"EssenceOfSteel"},{"floor":38,"key":"LiquidBronze"},{"floor":39,"key":"SteroidPotion"},{"floor":42,"key":"PowerPotion"}],"is_trial":false,"path_per_floor":["M","?","?","$","M","E","M","M","T","E","M","R","E","M","R","B",null,"M","M","$","?","M","E","M","R","T","E","M","E","M","M","R","B",null,"M","?","M","M","?","E","R","M","T","E","M","E","$","M","R","B",null,"R","$","E","B"],"character_chosen":"IRONCLAD","items_purchased":["Orichalcum","Membership Card","Offering","Juggernaut","Entrench","Ancient Tea Set","Turnip"],"campfire_rested":4,"item_purchase_floors":[4,20,20,47,47,47,53],"current_hp_per_floor":[78,78,78,78,80,80,80,74,74,52,56,56,50,49,49,14,64,67,76,76,76,73,55,61,80,90,90,87,80,83,74,90,26,74,59,59,55,56,56,29,54,40,40,25,34,32,32,49,49,27,75,91,91,74,0],"gold":35,"neow_bonus":"THREE_ENEMY_KILL","is_prod":false,"is_daily":false,"chose_seed":false,"campfire_upgraded":2,"win_rate":0,"timestamp":1566891995,"path_taken":["M","?","?","$","M","E","M","M","T","E","?","R","E","M","R","BOSS","M","?","$","?","M","E","M","R","T","E","?","E","?","M","R","BOSS","M","?","M","M","?","E","R","?","T","E","M","E","?","M","R","BOSS","R","$","E","BOSS"],"build_version":"2019-07-17","purchased_purges":3,"victory":false,"max_hp_per_floor":[80,80,80,80,80,80,80,80,80,80,80,80,80,80,80,80,80,80,80,80,80,80,80,80,80,90,90,90,90,90,90,90,90,90,90,85,85,85,85,85,85,85,85,85,85,85,85,91,91,91,91,91,91,91,91],"card_choices":[{"not_picked":["Intimidate","Bloodletting"],"picked":"Hemokinesis","floor":1},{"not_picked":["Thunderclap","True Grit"],"picked":"Anger","floor":5},{"not_picked":["Havoc","Rage"],"picked":"Flex","floor":6},{"not_picked":["Sword Boomerang","Rampage"],"picked":"Flame Barrier","floor":7},{"not_picked":["Cleave","Perfected Strike"],"picked":"Reaper","floor":8},{"not_picked":["Iron Wave","Dropkick"],"picked":"Sword Boomerang","floor":10},{"not_picked":["Cleave","Spot Weakness"],"picked":"Battle Trance","floor":11},{"not_picked":["Cleave","Sword Boomerang","Anger"],"picked":"SKIP","floor":13},{"not_picked":["Twin Strike","Perfected Strike"],"picked":"True Grit","floor":14},{"not_picked":["Dark Embrace","Limit Break"],"picked":"Offering","floor":16},{"not_picked":["Heavy Blade","Flex"],"picked":"Rampage","floor":18},{"not_picked":["Headbutt+1","Armaments"],"picked":"Uppercut+1","floor":19},{"not_picked":["Spot Weakness","Bloodletting"],"picked":"Shrug It Off","floor":22},{"not_picked":["Flex+1","Bludgeon","Carnage"],"picked":"SKIP","floor":23},{"not_picked":["Corruption","Twin Strike"],"picked":"Feel No Pain","floor":24},{"not_picked":["Sword Boomerang+1","Shockwave"],"picked":"Corruption+1","floor":27},{"not_picked":["Headbutt","Evolve+1"],"picked":"Shockwave+1","floor":28},{"not_picked":["Heavy Blade+1","Rampage+1"],"picked":"Combust+1","floor":29},{"not_picked":["Thunderclap","Warcry"],"picked":"Feed","floor":30},{"not_picked":["Anger","Havoc+1"],"picked":"Shrug It Off","floor":31},{"not_picked":["Limit Break","Dark Embrace"],"picked":"Demon Form","floor":33},{"not_picked":["Sword Boomerang+1","Flex+1"],"picked":"Metallicize+1","floor":35},{"not_picked":["Burning Pact","Pummel","Havoc"],"picked":"SKIP","floor":37},{"not_picked":["Thunderclap+1","Flex","Wild Strike"],"picked":"SKIP","floor":38},{"not_picked":["Headbutt+1","Perfected Strike"],"picked":"Inflame+1","floor":40},{"not_picked":["Burning Pact","Pommel Strike+1","Cleave+1"],"picked":"SKIP","floor":42},{"not_picked":["Wild Strike","Rage"],"picked":"Rupture+1","floor":44},{"not_picked":["Sword Boomerang+1","Reckless Charge+1"],"picked":"Armaments+1","floor":45},{"not_picked":["Clash","Twin Strike+1"],"picked":"Feed","floor":46},{"not_picked":["Twin Strike","Whirlwind"],"picked":"Body Slam+1","floor":48},{"not_picked":["True Grit","Warcry+1"],"picked":"Clothesline+1","floor":54}],"player_experience":374097,"relics_obtained":[{"floor":6,"key":"Boot"},{"floor":10,"key":"Bag of Marbles"},{"floor":13,"key":"FossilizedHelix"},{"floor":23,"key":"Bag of Preparation"},{"floor":26,"key":"Pear"},{"floor":27,"key":"Bottled Flame"},{"floor":29,"key":"Omamori"},{"floor":40,"key":"Vajra"},{"floor":43,"key":"Kunai"},{"floor":44,"key":"Bottled Tornado"},{"floor":46,"key":"Bronze Scales"},{"floor":54,"key":"Blue Candle"}],"event_choices":[{"cards_removed":["Strike_R"],"damage_healed":0,"gold_gain":0,"player_choice":"Card Removal","damage_taken":0,"max_hp_gain":0,"max_hp_loss":0,"event_name":"The Cleric","floor":2,"gold_loss":50},{"damage_healed":0,"gold_gain":100,"player_choice":"Gold","damage_taken":0,"max_hp_gain":0,"max_hp_loss":0,"event_name":"Wheel of Change","floor":3,"gold_loss":0},{"cards_removed":["Strike_R"],"damage_healed":0,"gold_gain":0,"player_choice":"Purged","damage_taken":0,"max_hp_gain":0,"max_hp_loss":0,"event_name":"Purifier","floor":21,"gold_loss":0},{"damage_healed":0,"gold_gain":0,"player_choice":"Max HP","damage_taken":0,"max_hp_gain":0,"max_hp_loss":5,"event_name":"Winding Halls","floor":36,"gold_loss":0},{"damage_healed":0,"gold_gain":0,"player_choice":"Bought 1 Potion","damage_taken":0,"max_hp_gain":0,"max_hp_loss":0,"event_name":"The Woman in Blue","floor":39,"gold_loss":0}],"is_beta":false,"boss_relics":[{"not_picked":["Coffee Dripper","Runic Pyramid"],"picked":"Fusion Hammer"},{"not_picked":["Eternal Feather","Mark of Pain"],"picked":"Pandora\u0027s Box"}],"items_purged_floors":[20,47,53],"is_endless":false,"potions_floor_spawned":[1,5,7,13,18,23,29,31,38,42,45,46,48],"killed_by":"The Heart","ascension_level":6}