{"gold_per_floor":[118,137,137,153,133,168,168,197,197,212,243,263,263,291,303,414,426,449,461,473,503,515,557,569,614,626,218,252,264,295,295,295,395,395,408,427,527,627,637,666,666,691,691,707,498,511,542,560,560,560,560,560,247,282,282],"floor_reached":55,"playtime":7580,"items_purged":[],"score":956,"play_id":"25c34b35-27d0-4717-a5b6-c06afc761033","local_time":"20190309034643","is_ascension_mode":true,"campfire_choices":[{"floor":7,"key":"REST"},{"floor":15,"key":"REST"},{"floor":24,"key":"REST"},{"data":"Echo Form","floor":32,"key":"SMITH"},{"floor":41,"key":"RECALL"},{"floor":49,"key":"REST"},{"floor":52,"key":"REST"}],"neow_cost":"NONE","seed_source_timestamp":940947295087508,"circlet_count":0,"master_deck":["Zap+1","Dualcast","Blizzard","Reinforced Body+1","Compile Driver","Self Repair","Self Repair","Capacitor","Rebound+1","Steam Power","Echo Form+1","Storm","Ball Lightning+1","Sweeping Beam+1","Turbo","Defragment","Reprogram","Leap","Heatsinks","Hologram","Hologram","Conserve Battery+1","Machine Learning","Coolheaded","Glacier","FTL+1","Buffer","BootSequence","Coolheaded","Cold Snap+1","Seek","Barrage+1","Sunder+1","Seek","Conserve Battery+1","Go for the Eyes+1","Fusion+1","Go for the Eyes+1"],"relics":["Cracked Core","The Courier","Darkstone Periapt","Molten Egg 2","War Paint","Dodecahedron","MawBank","Pandora\u0027s Box","Omamori","Vajra","Cables","Lee\u0027s Waffle","Oddly Smooth Stone","Ginger","Fusion Hammer","Thread and Needle","StoneCalendar","Nunchaku","Bottled Tornado","Blue Candle","Happy Flower","Anchor","Pen Nib"],"potions_floor_usage":[11,14,16,16,16,16,16,25,30,37,44,55],"damage_taken":[{"damage":8,"enemies":"2 Louse","floor":1,"turns":2},{"damage":0,"enemies":"Cultist","floor":2,"turns":2},{"damage":0,"enemies":"Jaw Worm","floor":4,"turns":3},{"damage":14,"enemies":"Gremlin Nob","floor":6,"turns":4},{"damage":38,"enemies":"3 Sentries","floor":8,"turns":8},{"damage":4,"enemies":"3 Louse","floor":10,"turns":4},{"damage":10,"enemies":"Gremlin Nob","floor":11,"turns":4},{"damage":7,"enemies":"Blue Slaver","floor":12,"turns":3},{"damage":29,"enemies":"Lagavulin","floor":14,"turns":5},{"damage":9,"enemies":"The Guardian","floor":16,"turns":11},{"damage":10,"enemies":"Chosen","floor":18,"turns":4},{"damage":14,"enemies":"3 Byrds","floor":21,"turns":4},{"damage":35,"enemies":"Gremlin Leader","floor":23,"turns":4},{"damage":38,"enemies":"Slavers","floor":25,"turns":4},{"damage":23,"enemies":"Gremlin Leader","floor":28,"turns":6},{"damage":1,"enemies":"Shelled Parasite and Fungi","floor":29,"turns":9},{"damage":29,"enemies":"Book of Stabbing","floor":30,"turns":6},{"damage":33,"enemies":"Automaton","floor":33,"turns":9},{"damage":0,"enemies":"Orb Walker","floor":35,"turns":3},{"damage":20,"enemies":"3 Shapes","floor":36,"turns":5},{"damage":0,"enemies":"Mind Bloom Boss Battle","floor":37,"turns":5},{"damage":16,"enemies":"Spire Growth","floor":39,"turns":5},{"damage":0,"enemies":"Giant Head","floor":40,"turns":8},{"damage":35,"enemies":"Reptomancer","floor":42,"turns":6},{"damage":16,"enemies":"4 Shapes","floor":44,"turns":3},{"damage":14,"enemies":"3 Darklings","floor":46,"turns":4},{"damage":0,"enemies":"Giant Head","floor":47,"turns":7},{"damage":0,"enemies":"Maw","floor":48,"turns":7},{"damage":39,"enemies":"Donu and Deca","floor":50,"turns":9},{"damage":42,"enemies":"Shield and Spear","floor":54,"turns":8},{"damage":57,"enemies":"The Heart","floor":55,"turns":5}],"seed_played":"-6174811856373012106","potions_obtained":[{"floor":1,"key":"Swift Potion"},{"floor":5,"key":"EntropicBrew"},{"floor":6,"key":"FearPotion"},{"floor":12,"key":"Dexterity Potion"},{"floor":18,"key":"Fire Potion"},{"floor":28,"key":"Weak Potion"},{"floor":29,"key":"GamblersBrew"},{"floor":35,"key":"AttackPotion"},{"floor":40,"key":"AttackPotion"},{"floor":44,"key":"Energy Potion"},{"floor":46,"key":"Ancient Potion"}],"is_trial":false,"path_per_floor":["M","M","?","M","?","E","R","E","T","M","E","M","?","E","R","B",null,"M","?","?","M","?","E","R","E","T","$","E","M","E","?","R","B",null,"M","M","?","?","M","E","R","E","T","M","$","M","E","M","R","B",null,"R","$","E","B"],"character_chosen":"DEFECT","items_purchased":["Coolheaded","Glacier","FTL+1","Lee\u0027s Waffle","Buffer","Bottled Tornado","Go for the Eyes+1","Happy Flower","Anchor","PowerPotion"],"campfire_rested":5,"item_purchase_floors":[27,27,27,27,27,45,53,53,53,53],"current_hp_per_floor":[67,67,52,52,52,38,60,29,29,32,36,43,31,16,38,36,75,75,75,75,75,75,47,69,38,38,82,80,82,67,67,67,41,82,82,82,82,82,80,82,82,61,61,52,52,52,73,82,82,57,82,82,82,54,0],"gold":282,"neow_bonus":"UPGRADE_CARD","is_prod":false,"is_daily":false,"chose_seed":false,"campfire_upgraded":1,"win_rate":0,"timestamp":1552121203,"path_taken":["M","M","?","M","?","E","R","E","T","M","E","?","?","E","R","BOSS","M","?","?","M","?","E","R","E","T","$","E","M","E","?","R","BOSS","M","M","?","?","M","E","R","E","T","M","$","M","E","?","R","BOSS","R","$","E","BOSS"],"build_version":"2019-01-23","purchased_purges":0,"victory":false,"max_hp_per_floor":[75,75,75,75,75,75,75,75,75,75,75,75,75,75,75,75,75,75,75,75,75,75,75,75,75,75,82,82,82,82,82,82,82,82,82,82,82,82,82,82,82,82,82,82,82,82,82,82,82,82,82,82,82,82,82],"card_choices":[{"not_picked":["Melter","Hello World"],"picked":"Blizzard","floor":1},{"not_picked":["Storm","Turbo"],"picked":"Reinforced Body","floor":2},{"not_picked":["Rip and Tear","Steam"],"picked":"Compile Driver","floor":4},{"not_picked":["Hyperbeam","Reprogram"],"picked":"Self Repair","floor":6},{"not_picked":["Gash","Streamline"],"picked":"Rebound","floor":8},{"not_picked":["Double Energy","Rip and Tear+1"],"picked":"Self Repair","floor":10},{"not_picked":["Genetic Algorithm","Beam Cell+1"],"picked":"Capacitor","floor":11},{"not_picked":["Capacitor","Heatsinks"],"picked":"Rebound+1","floor":12},{"not_picked":["Static Discharge","Redo"],"picked":"Steam Power","floor":14},{"not_picked":["Multi-Cast","Creative AI"],"picked":"Echo Form","floor":16},{"not_picked":["Tempest","Ball Lightning+1"],"picked":"Leap","floor":18},{"not_picked":["Gash+1","Turbo+1"],"picked":"Hologram","floor":21},{"not_picked":["Turbo","Sweeping Beam+1"],"picked":"Conserve Battery+1","floor":23},{"not_picked":["Static Discharge","Blizzard+1"],"picked":"Machine Learning","floor":25},{"not_picked":["Redo+1","Blizzard+1"],"picked":"BootSequence","floor":28},{"not_picked":["Scrape+1","Turbo"],"picked":"Coolheaded","floor":29},{"not_picked":["Streamline+1","Gash+1"],"picked":"Cold Snap+1","floor":30},{"not_picked":["Thunder Strike+1","Fission"],"picked":"Seek","floor":33},{"not_picked":["Gash+1","Darkness","Coolheaded"],"picked":"SKIP","floor":35},{"not_picked":["Streamline+1","Scrape+1","Hello World"],"picked":"SKIP","floor":36},{"not_picked":["Steam+1","Compile Driver+1"],"picked":"Barrage+1","floor":37},{"not_picked":["Barrage+1","Sweeping Beam+1","Gash+1"],"picked":"SKIP","floor":39},{"not_picked":["Barrage+1","Sweeping Beam+1"],"picked":"Sunder+1","floor":40},{"not_picked":["Coolheaded","Sweeping Beam+1"],"picked":"Seek","floor":42},{"not_picked":["Gash+1","Auto Shields+1"],"picked":"Conserve Battery+1","floor":44},{"not_picked":["Heatsinks+1","Darkness","Steam+1"],"picked":"SKIP","floor":46},{"not_picked":["Sunder+1","Barrage+1"],"picked":"Go for the Eyes+1","floor":47},{"not_picked":["Darkness","Heatsinks+1"],"picked":"Fusion+1","floor":48},{"not_picked":["Rebound+1","Cold Snap+1","Stack+1"],"picked":"SKIP","floor":54}],"player_experience":106029,"relics_obtained":[{"floor":6,"key":"The Courier"},{"floor":8,"key":"Darkstone Periapt"},{"floor":9,"key":"Molten Egg 2"},{"floor":11,"key":"War Paint"},{"floor":14,"key":"MawBank"},{"floor":23,"key":"Omamori"},{"floor":25,"key":"Vajra"},{"floor":26,"key":"Cables"},{"floor":28,"key":"Oddly Smooth Stone"},{"floor":30,"key":"Ginger"},{"floor":37,"key":"Thread and Needle"},{"floor":40,"key":"StoneCalendar"},{"floor":42,"key":"Nunchaku"},{"floor":47,"key":"Blue Candle"},{"floor":54,"key":"Pen Nib"}],"event_choices":[{"damage_healed":0,"gold_gain":0,"player_choice":"Entered Light","damage_taken":15,"max_hp_gain":0,"max_hp_loss":0,"event_name":"Shining Light","floor":3,"gold_loss":0,"cards_upgraded":["Strike_B","Strike_B"]},{"damage_healed":0,"gold_gain":0,"player_choice":"Bought 1 Potion","damage_taken":0,"max_hp_gain":0,"max_hp_loss":0,"event_name":"The Woman in Blue","floor":5,"gold_loss":0},{"damage_healed":0,"gold_gain":0,"player_choice":"Success","damage_taken":12,"relics_obtained":["Dodecahedron"],"max_hp_gain":0,"max_hp_loss":0,"event_name":"Scrap Ooze","floor":13,"gold_loss":0},{"damage_healed":0,"gold_gain":0,"player_choice":"Ignored","damage_taken":0,"max_hp_gain":0,"max_hp_loss":0,"event_name":"Vampires","floor":19,"gold_loss":0},{"damage_healed":0,"gold_gain":0,"cards_transformed":["Reboot","Rebound"],"player_choice":"Became Test Subject","damage_taken":0,"max_hp_gain":0,"max_hp_loss":0,"event_name":"Drug Dealer","floor":20,"gold_loss":0,"cards_obtained":["Heatsinks","Hologram"]},{"damage_healed":0,"gold_gain":0,"player_choice":"Ignored","damage_taken":0,"max_hp_gain":0,"max_hp_loss":0,"event_name":"Ghosts","floor":22,"gold_loss":0},{"cards_removed":["Heatsinks"],"damage_healed":0,"gold_gain":0,"player_choice":"Elegance","damage_taken":0,"max_hp_gain":0,"max_hp_loss":0,"event_name":"Back to Basics","floor":31,"gold_loss":0},{"damage_healed":0,"gold_gain":0,"player_choice":"Fight","damage_taken":0,"max_hp_gain":0,"max_hp_loss":0,"event_name":"MindBloom","floor":37,"gold_loss":0},{"damage_healed":0,"gold_gain":100,"player_choice":"Pray","damage_taken":0,"max_hp_gain":0,"max_hp_loss":0,"event_name":"Golden Shrine","floor":38,"gold_loss":0}],"is_beta":false,"boss_relics":[{"not_picked":["Inserter","Orrery"],"picked":"Pandora\u0027s Box"},{"not_picked":["Philosopher\u0027s Stone","Black Star"],"picked":"Fusion Hammer"}],"items_purged_floors":[],"is_endless":false,"potions_floor_spawned":[1,6,12,18,28,29,35,40,44,46],"killed_by":"The Heart","ascension_level":1}