{"gold_per_floor":[111,131,204,304,317,317,343,343,343,369,384,384,396,410,410,515,515,532,7,17,28,28,28],"floor_reached":23,"playtime":2906,"items_purged":["Strike_G"],"score":264,"play_id":"f4045572-4c03-47da-93d7-b0a810be221d","local_time":"20190512232028","is_ascension_mode":true,"campfire_choices":[{"data":"Footwork","floor":6,"key":"SMITH"},{"data":"Deadly Poison","floor":8,"key":"SMITH"},{"floor":12,"key":"REST"},{"floor":15,"key":"REST"}],"neow_cost":"NONE","seed_source_timestamp":2162698109514315,"circlet_count":0,"master_deck":["Defend_G","Defend_G","Defend_G","Defend_G","Defend_G","Strike_G","Strike_G","Strike_G","Strike_G","Survivor","Neutralize+1","Predator","Footwork+1","Deadly Poison+1","Calculated Gamble","Well Laid Plans","Dagger Throw","Flechettes","Adrenaline","Deflect","Backflip","Footwork","Leg Sweep"],"relics":["Ring of the Snake","Blue Candle","Matryoshka","Bronze Scales","Snecko Eye","Happy Flower","TwistedFunnel"],"potions_floor_usage":[10,16],"damage_taken":[{"damage":2,"enemies":"2 Louse","floor":1,"turns":3},{"damage":0,"enemies":"Small Slimes","floor":2,"turns":3},{"damage":4,"enemies":"Cultist","floor":5,"turns":3},{"damage":25,"enemies":"Lagavulin","floor":7,"turns":8},{"damage":41,"enemies":"3 Sentries","floor":10,"turns":15},{"damage":3,"enemies":"3 Louse","floor":11,"turns":4},{"damage":8,"enemies":"Exordium Thugs","floor":13,"turns":4},{"damage":3,"enemies":"Exordium Wildlife","floor":14,"turns":4},{"damage":25,"enemies":"Slime Boss","floor":16,"turns":13},{"damage":11,"enemies":"Shell Parasite","floor":18,"turns":4},{"damage":10,"enemies":"2 Thieves","floor":20,"turns":3},{"damage":17,"enemies":"Snake Plant","floor":21,"turns":3},{"damage":27,"enemies":"Slavers","floor":23,"turns":1}],"seed_played":"1099638545208171373","potions_obtained":[{"floor":1,"key":"SpeedPotion"},{"floor":7,"key":"Regen Potion"},{"floor":13,"key":"Weak Potion"}],"is_trial":false,"path_per_floor":["M","M","?","?","M","R","E","R","T","E","M","R","M","M","R","B",null,"M","$","M","M","?","E"],"character_chosen":"THE_SILENT","items_purchased":["Happy Flower","Backflip","Footwork","TwistedFunnel"],"campfire_rested":2,"item_purchase_floors":[19,19,19,19],"current_hp_per_floor":[61,61,61,61,57,57,32,32,32,6,3,24,16,13,34,9,55,44,44,34,17,17,0],"gold":28,"neow_bonus":"UPGRADE_CARD","is_prod":false,"is_daily":false,"chose_seed":false,"campfire_upgraded":2,"win_rate":0,"timestamp":1557717628,"path_taken":["M","M","?","?","M","R","E","R","T","E","M","R","M","M","R","BOSS","M","$","M","M","?","E"],"build_version":"2019-01-23","purchased_purges":1,"victory":false,"max_hp_per_floor":[70,70,70,70,70,70,70,70,70,70,70,70,70,70,70,70,70,70,70,70,70,70,70],"card_choices":[{"not_picked":["Prepared","Cloak And Dagger"],"picked":"Predator","floor":1},{"not_picked":["Dodge and Roll","Deadly Poison"],"picked":"Footwork","floor":2},{"not_picked":["Slice","Bane"],"picked":"Deadly Poison","floor":5},{"not_picked":["Distraction","Underhanded Strike","Setup"],"picked":"SKIP","floor":7},{"not_picked":["Slice","Bane"],"picked":"Calculated Gamble","floor":10},{"not_picked":["Deadly Poison","Bane"],"picked":"Well Laid Plans","floor":11},{"not_picked":["Underhanded Strike","Outmaneuver"],"picked":"Dagger Throw","floor":13},{"not_picked":["Poisoned Stab","Heel Hook"],"picked":"Flechettes","floor":14},{"not_picked":["Burst","Grand Finale"],"picked":"Adrenaline","floor":16},{"not_picked":["Catalyst","Poisoned Stab"],"picked":"Deflect","floor":18},{"not_picked":["Riddle With Holes","Dagger Throw+1","Flechettes"],"picked":"SKIP","floor":20},{"not_picked":["Acrobatics+1","Deflect+1"],"picked":"Leg Sweep","floor":21}],"player_experience":290534,"relics_obtained":[{"floor":7,"key":"Blue Candle"},{"floor":9,"key":"Matryoshka"},{"floor":10,"key":"Bronze Scales"}],"event_choices":[{"damage_healed":0,"gold_gain":73,"player_choice":"Gained Gold","damage_taken":0,"max_hp_gain":0,"max_hp_loss":0,"event_name":"Golden Wing","floor":3,"gold_loss":0},{"damage_healed":0,"gold_gain":100,"player_choice":"Pray","damage_taken":0,"max_hp_gain":0,"max_hp_loss":0,"event_name":"Golden Shrine","floor":4,"gold_loss":0}],"is_beta":false,"boss_relics":[{"not_picked":["Calling Bell","WristBlade"],"picked":"Snecko Eye"}],"items_purged_floors":[19],"is_endless":false,"potions_floor_spawned":[1,7,13],"killed_by":"Slavers","ascension_level":6}