{"gold_per_floor":[457,486,515,602,683,727,739,751,763,805,832,856,885,925,937,1025,1037,1067,1095,1107,1119,1148,1188,1212,1250,1262,1286],"floor_reached":27,"playtime":1587,"items_purged":[],"score":1083,"play_id":"e567b3e3-6763-4f28-9c03-dafb07302fdc","local_time":"20190509000706","daily_mods":["Diverse"],"is_ascension_mode":true,"campfire_choices":[{"data":"1","floor":7,"key":"LIFT"},{"data":"2","floor":8,"key":"LIFT"},{"data":"3","floor":15,"key":"LIFT"}],"neow_cost":"","seed_source_timestamp":0,"circlet_count":14,"master_deck":["Apotheosis","Wraith Form v2","A Thousand Cuts","Envenom","After Image","Tools of the Trade","Footwork","Accuracy","Infinite Blades","Noxious Fumes","Caltrops","Well Laid Plans","Bullet Time+1","Night Terror","Storm of Steel","Phantasmal Killer","Doppelganger","Adrenaline","Venomology","Burst","Corpse Explosion","Malaise","Crippling Poison","Leg Sweep","Bouncing Flask","Catalyst","Distraction","Terror","Setup","Blur","Expertise","Calculated Gamble","Escape Plan","Concentrate","Tactician","Reflex","Backflip","Acrobatics","Blade Dance","Deadly Poison","Cloak And Dagger","Outmaneuver","PiercingWail","Dodge and Roll","Deflect","Prepared","Die Die Die","Unload","Glass Knife","Survivor","Grand Finale","Eviscerate","Choke","Riddle With Holes","Dash","All Out Attack","Flechettes","Heel Hook","Finisher","Predator","Endless Agony","Backstab","Masterful Stab","Skewer+1","Underhanded Strike","Quick Slash","Poisoned Stab","Dagger Throw","Bane","Dagger Spray","Sucker Punch","Flying Knee","Slice","Neutralize+1","Bash","Clash","Anger","Sword Boomerang","Thunderclap","Pommel Strike","Twin Strike","Headbutt","Wild Strike","Body Slam","Iron Wave","Cleave","Perfected Strike","Heavy Blade","Rampage","Dropkick","Reckless Charge","Whirlwind","Clothesline","Pummel","Hemokinesis","Uppercut","Carnage","Searing Blow","Reaper","Fiend Fire","Feed","Blood for Blood","Sever Soul","Immolate","Bludgeon","Flex","Warcry","Bloodletting","True Grit","Shrug It Off+1","Armaments","Havoc","Battle Trance","Rage","Intimidate","Ghostly Armor","Second Wind","Infernal Blade","Burning Pact","Seeing Red","Disarm","Sentinel","Dual Wield","Power Through","Spot Weakness","Entrench","Shockwave","Exhume","Limit Break","Double Tap","Offering","Flame Barrier","Impervious","Evolve","Fire Breathing","Rupture","Feel No Pain","Berserk","Corruption","Inflame","Metallicize","Combust","Brutality","Dark Embrace","Juggernaut","Demon Form","Barricade","Creative AI","Echo Form","Buffer","Electrodynamics","Machine Learning","Loop","Self Repair","Hello World","Storm","Biased Cognition","Static Discharge","Heatsinks","Capacitor","Defragment","Rainbow","Multi-Cast","Seek","Reboot","Fission","Amplify","Force Field","Glacier","Consume","Fusion","Undo","Double Energy","Darkness","Chaos","Aggregate","Genetic Algorithm","Auto Shields","Recycle","Skim","White Noise","Steam Power","Reinforced Body","Tempest","Reprogram","BootSequence","Chill","Redo","Stack","Coolheaded","Conserve Battery","Hologram","Defend_B+1","Zap","Steam","Turbo","Leap","Dualcast","Meteor Strike","Thunder Strike","All For One","Hyperbeam","Melter","Blizzard","Doom and Gloom","Sunder","Core Surge","Rip and Tear","Lockon","Scrape","FTL","Streamline","Sweeping Beam","Rebound","Barrage","Compile Driver","Ball Lightning","Cold Snap","Go for the Eyes","Gash","Beam Cell"],"relics":["Burning Blood","Anchor","Ancient Tea Set","Art of War","Bag of Marbles","Bag of Preparation","Bird Faced Urn","Black Blood","Black Star","Blood Vial","WristBlade","WingedGreaves","White Beast Statue","Whetstone","War Paint","Toxic Egg 2","Toy Ornithopter","Turnip","TwistedFunnel","Unceasing Top","Vajra","Boot","The Courier","The Specimen","Thread and Needle","Tingsha","Tiny Chest","Toolbox","Torii","Tough Bandages","Smiling Mask","Snecko Eye","Snake Skull","StoneCalendar","Strange Spoon","Strawberry","Sundial","Symbiotic Virus","TheAbacus","Blue Candle","Bottled Flame","Bottled Lightning","Bottled Tornado","Brimstone","Bronze Scales","Calipers","Centennial Puzzle","Champion Belt","Charon\u0027s Ashes","Chemical X","ClockworkSouvenir","Cracked Core","Cursed Key","Darkstone Periapt","DataDisk","Dead Branch","Dream Catcher","Du-Vu Doll","Emotion Chip","Eternal Feather","FossilizedHelix","Frozen Egg 2","Frozen Eye","Gambling Chip","Ginger","Girya","Cables","Gremlin Horn","HandDrill","Happy Flower","Ice Cream","Incense Burner","Inserter","Juzu Bracelet","Kunai","Lantern","Lee\u0027s Waffle","Letter Opener","Lizard Tail","Magic Flower","Mango","Mark of Pain","MawBank","MealTicket","Matryoshka","Meat on the Bone","Medical Kit","Membership Card","Mercury Hourglass","Molten Egg 2","Mummified Hand","Ninja Scroll","Nuclear Battery","Nunchaku","Oddly Smooth Stone","Old Coin","Omamori","OrangePellets","Orichalcum","Ornamental Fan","Pantograph","Paper Crane","Paper Frog","Peace Pipe","Pear","Pen Nib","Pocketwatch","Potion Belt","Prayer Wheel","PreservedInsect","Question Card","Red Skull","Regal Pillow","Ring of the Snake","Runic Capacitor","Runic Cube","Dodecahedron","Self Forming Clay","Shovel","Shuriken","Singing Bowl","Sling","Cauldron","Circlet"],"potions_floor_usage":[],"damage_taken":[{"damage":0,"enemies":"2 Louse","floor":1,"turns":1},{"damage":0,"enemies":"Small Slimes","floor":2,"turns":1},{"damage":0,"enemies":"Cultist","floor":3,"turns":1},{"damage":0,"enemies":"3 Sentries","floor":6,"turns":1},{"damage":0,"enemies":"Gremlin Nob","floor":10,"turns":1},{"damage":0,"enemies":"Large Slime","floor":11,"turns":1},{"damage":0,"enemies":"2 Fungi Beasts","floor":12,"turns":1},{"damage":0,"enemies":"Exordium Thugs","floor":13,"turns":1},{"damage":0,"enemies":"Lagavulin","floor":14,"turns":1},{"damage":0,"enemies":"Slime Boss","floor":16,"turns":1},{"damage":0,"enemies":"Chosen","floor":18,"turns":1},{"damage":0,"enemies":"Spheric Guardian","floor":19,"turns":1},{"damage":0,"enemies":"Snecko","floor":20,"turns":1},{"damage":0,"enemies":"Centurion and Healer","floor":22,"turns":1},{"damage":0,"enemies":"Slavers","floor":23,"turns":1},{"damage":0,"enemies":"Snake Plant","floor":24,"turns":1},{"damage":0,"enemies":"Gremlin Leader","floor":25,"turns":1},{"damage":0,"enemies":"Chosen and Byrds","floor":27,"turns":1}],"seed_played":"-502847996052125859","potions_obtained":[{"floor":0,"key":"Block Potion"},{"floor":0,"key":"Fire Potion"},{"floor":0,"key":"FairyPotion"},{"floor":0,"key":"FearPotion"}],"is_trial":true,"path_per_floor":["M","M","M","?","?","E","R","R","T","E","M","M","M","E","R","B",null,"M","M","M","?","M","E","M","E","T","M"],"character_chosen":"IRONCLAD","items_purchased":[],"campfire_rested":0,"item_purchase_floors":[],"current_hp_per_floor":[117,121,125,114,114,127,127,127,127,129,133,137,137,137,137,139,139,143,143,143,143,143,143,143,143,143,143],"gold":1286,"neow_bonus":"","is_prod":false,"is_daily":false,"chose_seed":false,"campfire_upgraded":0,"win_rate":0,"timestamp":1557374826,"path_taken":["M","M","M","?","?","E","R","R","T","E","M","M","M","E","R","BOSS","M","M","M","?","M","E","M","E","T","M"],"build_version":"2019-01-23","purchased_purges":0,"victory":false,"max_hp_per_floor":[117,121,125,125,125,127,127,127,127,129,133,137,137,137,137,139,139,143,143,143,143,143,143,143,143,143,143],"card_choices":[{"not_picked":["Redo+1","Outmaneuver+1","Masterful Stab+1","Go for the Eyes+1"],"picked":"Singing Bowl","floor":1},{"not_picked":["Body Slam+1","Chaos+1","Thunderclap+1","Heatsinks+1"],"picked":"Singing Bowl","floor":1},{"not_picked":["Go for the Eyes+1","Disarm+1","Infinite Blades+1","Genetic Algorithm+1"],"picked":"Singing Bowl","floor":2},{"not_picked":["Deflect+1","Seeing Red+1","Blur+1","Turbo+1"],"picked":"Singing Bowl","floor":2},{"not_picked":["Finisher+1","Catalyst+1","PiercingWail+1","Shrug It Off+1"],"picked":"Singing Bowl","floor":3},{"not_picked":["Turbo+1","Pommel Strike+1","Poisoned Stab+1","Leap+1"],"picked":"Singing Bowl","floor":3},{"not_picked":["PiercingWail+1","Inflame+1","Blade Dance+1","Sweeping Beam+1"],"picked":"Singing Bowl","floor":6},{"not_picked":["Fission+1","Heel Hook+1","Bloodletting+1","Chaos+1"],"picked":"Singing Bowl","floor":10},{"not_picked":["Headbutt+1","Rampage+1","Prepared+1","Streamline+1"],"picked":"Singing Bowl","floor":11},{"not_picked":["Fire Breathing+1","Combust+1","Dodge and Roll+1","Escape Plan+1"],"picked":"Singing Bowl","floor":11},{"not_picked":["Coolheaded+1","Slice+1","Pommel Strike+1","Dropkick+1"],"picked":"Singing Bowl","floor":12},{"not_picked":["Endless Agony+1","Gash+1","Recycle+1","Malaise+1"],"picked":"Singing Bowl","floor":12},{"not_picked":["Bane+1","Conserve Battery+1","Cleave+1","Darkness+1"],"picked":"SKIP","floor":13},{"not_picked":["Steam+1","Spot Weakness+1","Clothesline+1","Havoc+1"],"picked":"SKIP","floor":13},{"not_picked":["Flex+1","Outmaneuver+1","Sword Boomerang+1","Slice+1"],"picked":"SKIP","floor":14},{"not_picked":["Grand Finale+1","All For One+1","Corpse Explosion+1","Amplify+1"],"picked":"Singing Bowl","floor":16},{"not_picked":["Backstab+1","Clothesline+1","Gash+1","Hologram+1"],"picked":"Singing Bowl","floor":18},{"not_picked":["Choke+1","Outmaneuver+1","Pommel Strike+1","Dagger Throw+1"],"picked":"Singing Bowl","floor":18},{"not_picked":["Rebound+1","Dagger Spray+1","PiercingWail+1","Melter+1"],"picked":"SKIP","floor":19},{"not_picked":["Dagger Throw+1","Quick Slash+1","Ball Lightning+1","Deflect+1"],"picked":"SKIP","floor":19},{"not_picked":["Pommel Strike+1","Heel Hook+1","Glass Knife+1","Compile Driver+1"],"picked":"SKIP","floor":20},{"not_picked":["Expertise+1","Havoc+1","Heavy Blade+1","Rebound+1"],"picked":"SKIP","floor":20},{"not_picked":["Distraction+1","Uppercut+1","Beam Cell+1","Coolheaded+1"],"picked":"SKIP","floor":22},{"not_picked":["Poisoned Stab+1","Melter+1","Go for the Eyes+1","Streamline+1"],"picked":"SKIP","floor":22},{"not_picked":["Leg Sweep+1","Streamline+1","Riddle With Holes+1","Doom and Gloom+1"],"picked":"SKIP","floor":23},{"not_picked":["Dagger Throw+1","Flying Knee+1","Prepared+1","Perfected Strike+1"],"picked":"SKIP","floor":24},{"not_picked":["Doppelganger+1","Clash+1","Clothesline+1","PiercingWail+1"],"picked":"SKIP","floor":24},{"not_picked":["Recycle+1","Compile Driver+1","Ghostly Armor+1","Lockon+1"],"picked":"SKIP","floor":25},{"not_picked":["Flex+1","True Grit+1","Redo+1","Hologram+1"],"picked":"SKIP","floor":27},{"not_picked":["Gash+1","Well Laid Plans+1","PiercingWail+1","Blood for Blood+1"],"picked":"SKIP","floor":27}],"player_experience":280658,"relics_obtained":[{"floor":6,"key":"Circlet"},{"floor":6,"key":"Circlet"},{"floor":9,"key":"Circlet"},{"floor":9,"key":"Circlet"},{"floor":10,"key":"Circlet"},{"floor":10,"key":"Circlet"},{"floor":14,"key":"Circlet"},{"floor":14,"key":"Circlet"},{"floor":23,"key":"Circlet"},{"floor":23,"key":"Circlet"},{"floor":25,"key":"Circlet"},{"floor":25,"key":"Circlet"},{"floor":26,"key":"Circlet"},{"floor":26,"key":"Circlet"}],"event_choices":[{"damage_healed":0,"gold_gain":75,"player_choice":"Gather Gold","damage_taken":11,"max_hp_gain":0,"max_hp_loss":0,"event_name":"World of Goop","floor":4,"gold_loss":0},{"damage_healed":0,"gold_gain":69,"player_choice":"Gained Gold","damage_taken":0,"max_hp_gain":0,"max_hp_loss":0,"event_name":"Golden Wing","floor":5,"gold_loss":0},{"damage_healed":0,"gold_gain":0,"player_choice":"Simplicity","damage_taken":0,"max_hp_gain":0,"max_hp_loss":0,"event_name":"Back to Basics","floor":21,"gold_loss":0,"cards_upgraded":["Defend_B"]}],"is_beta":false,"boss_relics":[{"not_picked":["Mark of Pain","Coffee Dripper","Astrolabe"]}],"items_purged_floors":[],"is_endless":false,"potions_floor_spawned":[1,2,3,6,10,11,12,13,14,16,18,19,20,22,23,24,25,27],"killed_by":"Chosen and Byrds","ascension_level":20}