{"gold_per_floor":[115,18,0,0,12,12,12,38,38,55,55,80,94,94,94,193,193,207,222,147,157,172,172,190,190,190,200,26,26],"floor_reached":29,"playtime":1256,"items_purged":["Defend_B","Defend_B"],"score":306,"play_id":"f6a15a04-a18d-474c-b890-e6f755451ebb","local_time":"20190427153506","is_ascension_mode":true,"campfire_choices":[{"data":"Zap","floor":6,"key":"SMITH"},{"floor":11,"key":"REST"},{"data":"Darkness","floor":15,"key":"SMITH"},{"floor":23,"key":"REST"},{"data":"Self Repair","floor":25,"key":"SMITH"}],"neow_cost":"NONE","seed_source_timestamp":251647393482900,"circlet_count":0,"master_deck":["Strike_B","Strike_B","Strike_B","Strike_B","Defend_B","Defend_B","Zap+1","Dualcast","Conserve Battery","Conserve Battery","Darkness+1","Self Repair+1","Sunder+1","Coolheaded","Biased Cognition","Reinforced Body","Auto Shields+1","Reprogram","Cold Snap","Coolheaded+1","Capacitor","Chill"],"relics":["Cracked Core","Gambling Chip","Mango","Orichalcum","Black Star","Letter Opener"],"potions_floor_usage":[12,22,22,29,29],"damage_taken":[{"damage":0,"enemies":"Cultist","floor":1,"turns":3},{"damage":2,"enemies":"2 Louse","floor":5,"turns":3},{"damage":37,"enemies":"Lagavulin","floor":8,"turns":7},{"damage":1,"enemies":"Jaw Worm","floor":10,"turns":4},{"damage":21,"enemies":"Gremlin Nob","floor":12,"turns":4},{"damage":0,"enemies":"Looter","floor":13,"turns":3},{"damage":31,"enemies":"Slime Boss","floor":16,"turns":9},{"damage":17,"enemies":"3 Byrds","floor":18,"turns":4},{"damage":12,"enemies":"Spheric Guardian","floor":19,"turns":5},{"damage":25,"enemies":"Cultist and Chosen","floor":21,"turns":7},{"damage":2,"enemies":"Snake Plant","floor":22,"turns":3},{"damage":20,"enemies":"Shelled Parasite and Fungi","floor":24,"turns":7},{"damage":37,"enemies":"Centurion and Healer","floor":27,"turns":10},{"damage":34,"enemies":"Book of Stabbing","floor":29,"turns":7}],"seed_played":"-2764112129181565468","potions_obtained":[{"floor":8,"key":"Dexterity Potion"},{"floor":12,"key":"Poison Potion"},{"floor":16,"key":"Ancient Potion"},{"floor":21,"key":"Poison Potion"},{"floor":22,"key":"Dexterity Potion"},{"floor":27,"key":"FearPotion"}],"is_trial":false,"path_per_floor":["M","$","?","$","M","R","?","E","T","M","R","E","M","?","R","B",null,"M","M","$","M","M","R","M","R","T","M","$","E"],"character_chosen":"DEFECT","items_purchased":["Genetic Algorithm","Conserve Battery","Chill"],"campfire_rested":2,"item_purchase_floors":[2,2,28],"current_hp_per_floor":[68,68,68,68,66,66,75,38,52,58,84,70,77,77,77,53,80,63,58,58,40,45,71,58,58,58,31,31,0],"gold":26,"neow_bonus":"THREE_CARDS","is_prod":false,"is_daily":false,"chose_seed":false,"campfire_upgraded":3,"win_rate":0,"timestamp":1556393706,"path_taken":["M","?","?","?","M","R","?","E","T","?","R","E","M","?","R","BOSS","M","M","?","M","M","R","M","R","T","M","$","E"],"build_version":"2019-01-23","purchased_purges":2,"victory":false,"max_hp_per_floor":[75,75,75,75,75,75,75,75,89,89,89,89,89,89,89,89,89,89,89,89,89,89,89,89,89,89,89,89,89],"card_choices":[{"not_picked":["Gash","Steam"],"picked":"Conserve Battery","floor":0},{"not_picked":["Hologram","Rip and Tear","Compile Driver"],"picked":"SKIP","floor":1},{"not_picked":["Darkness","Doom and Gloom","Sweeping Beam"],"picked":"SKIP","floor":5},{"not_picked":["Doom and Gloom","Sweeping Beam"],"picked":"Darkness","floor":5},{"not_picked":["Ball Lightning","Compile Driver"],"picked":"Self Repair","floor":8},{"not_picked":["Sweeping Beam","Rebound"],"picked":"Sunder","floor":10},{"not_picked":["Streamline","Sunder","Skim"],"picked":"SKIP","floor":12},{"not_picked":["Compile Driver","Recycle"],"picked":"Coolheaded","floor":13},{"not_picked":["Hyperbeam","Multi-Cast"],"picked":"Biased Cognition","floor":16},{"not_picked":["Turbo","Scrape","Reinforced Body"],"picked":"SKIP","floor":18},{"not_picked":["Turbo","Scrape"],"picked":"Reinforced Body","floor":18},{"not_picked":["Go for the Eyes","Hologram"],"picked":"Auto Shields+1","floor":19},{"not_picked":["Leap+1","Steam"],"picked":"Reprogram","floor":21},{"not_picked":["Sweeping Beam","Rip and Tear+1"],"picked":"Cold Snap","floor":22},{"not_picked":["Compile Driver","Storm"],"picked":"Coolheaded+1","floor":24},{"not_picked":["Sweeping Beam","Cold Snap"],"picked":"Capacitor","floor":27}],"player_experience":199991,"relics_obtained":[{"floor":8,"key":"Gambling Chip"},{"floor":9,"key":"Mango"},{"floor":12,"key":"Orichalcum"},{"floor":26,"key":"Letter Opener"}],"event_choices":[{"damage_healed":0,"gold_gain":0,"player_choice":"Left Gold","damage_taken":0,"max_hp_gain":0,"max_hp_loss":0,"event_name":"World of Goop","floor":3,"gold_loss":18},{"cards_removed":["Genetic Algorithm"],"damage_healed":9,"gold_gain":0,"player_choice":"Offered Uncommon","damage_taken":0,"max_hp_gain":0,"max_hp_loss":0,"event_name":"Bonfire Elementals","floor":7,"gold_loss":0},{"damage_healed":0,"gold_gain":0,"player_choice":"Upgraded","damage_taken":0,"max_hp_gain":0,"max_hp_loss":0,"event_name":"Upgrade Shrine","floor":14,"gold_loss":0,"cards_upgraded":["Sunder"]}],"is_beta":false,"boss_relics":[{"not_picked":["Eternal Feather","Ectoplasm"],"picked":"Black Star"}],"items_purged_floors":[20,28],"is_endless":false,"potions_floor_spawned":[8,12,16,21,22,27],"killed_by":"Book of Stabbing","ascension_level":6}