{"gold_per_floor":[116,173,22,22,36,36,68,68,68,84,156,168,168,68,68,192,192,207,132,153,28,28,28,57,57,57,57,70,105,121,121,121,225,225,242,254,254,254,47,47,12,41,67,120,120,133,133,151,151,151],"floor_reached":51,"playtime":2089,"items_purged":["Strike_R","Injury","Clash+1"],"score":961,"play_id":"67354a5d-6ad7-4223-a855-4e76689d9a31","local_time":"20180922222403","is_ascension_mode":true,"campfire_choices":[{"data":"Shrug It Off","floor":6,"key":"SMITH"},{"floor":8,"key":"REST"},{"data":"Disarm","floor":15,"key":"SMITH"},{"data":"Armaments","floor":23,"key":"SMITH"},{"data":"Whirlwind","floor":25,"key":"SMITH"},{"floor":27,"key":"REST"},{"data":"Intimidate","floor":32,"key":"SMITH"},{"data":"Barricade","floor":40,"key":"SMITH"},{"data":"Metallicize","floor":45,"key":"SMITH"},{"data":"Madness","floor":49,"key":"SMITH"}],"neow_cost":"NONE","seed_source_timestamp":813844999900647,"circlet_count":0,"master_deck":["Bash+1","Whirlwind+1","Shrug It Off+1","True Grit+1","Disarm+1","Iron Wave+1","Bludgeon+1","Shrug It Off+1","Thunderclap+1","Flex+1","Body Slam+1","Pommel Strike+1","Armaments+1","Shrug It Off+1","True Grit+1","Intimidate+1","Barricade+1","Shrug It Off+1","Uppercut+1","Metallicize+1","Battle Trance","Inflame+1","Body Slam+1","Madness+1","Madness","Entrench+1"],"relics":["Burning Blood","Sundial","Pear","Molten Egg 2","Bloody Idol","Pandora\u0027s Box","Torii","Kunai","Whetstone","Coffee Dripper","Du-Vu Doll","ClockworkSouvenir","StoneCalendar","Happy Flower","Incense Burner"],"potions_floor_usage":[7,12,16,48,50],"damage_taken":[{"damage":3,"enemies":"Small Slimes","floor":1,"turns":3},{"damage":3,"enemies":"Jaw Worm","floor":5,"turns":3},{"damage":50,"enemies":"Gremlin Nob","floor":7,"turns":5},{"damage":3,"enemies":"Cultist","floor":10,"turns":4},{"damage":0,"enemies":"3 Louse","floor":12,"turns":1},{"damage":13,"enemies":"The Guardian","floor":16,"turns":15},{"damage":3,"enemies":"Shell Parasite","floor":18,"turns":3},{"damage":11,"enemies":"2 Thieves","floor":20,"turns":4},{"damage":0,"enemies":"Gremlin Leader","floor":24,"turns":5},{"damage":7,"enemies":"Centurion and Healer","floor":28,"turns":4},{"damage":2,"enemies":"Book of Stabbing","floor":29,"turns":6},{"damage":1,"enemies":"3 Cultists","floor":30,"turns":3},{"damage":72,"enemies":"Collector","floor":33,"turns":10},{"damage":15,"enemies":"3 Shapes","floor":35,"turns":4},{"damage":1,"enemies":"Orb Walker","floor":36,"turns":3},{"damage":14,"enemies":"Mind Bloom Boss Battle","floor":37,"turns":6},{"damage":1,"enemies":"Nemesis","floor":42,"turns":11},{"damage":36,"enemies":"Mysterious Sphere","floor":44,"turns":4},{"damage":0,"enemies":"Spire Growth","floor":46,"turns":4},{"damage":33,"enemies":"3 Darklings","floor":48,"turns":4},{"damage":36,"enemies":"Donu and Deca","floor":50,"turns":7}],"seed_played":"-2712296961417504909","potions_obtained":[{"floor":5,"key":"EssenceOfSteel"},{"floor":10,"key":"EntropicBrew"},{"floor":18,"key":"Regen Potion"}],"is_trial":false,"path_per_floor":["M","?","$","?","M","R","E","R","T","M","T","M","?","$","R","B",null,"M","?","M","$","?","R","E","R","T","R","M","E","M","?","R","B",null,"M","M","?","?","$","R","$","E","T","?","R","M","?","M","R","B"],"character_chosen":"IRONCLAD","items_purchased":["Shrug It Off","True Grit","ClockworkSouvenir","Metallicize"],"campfire_rested":2,"item_purchase_floors":[3,3,39,41],"current_hp_per_floor":[80,80,80,80,80,80,36,60,70,73,73,79,79,79,79,72,86,89,89,84,84,84,84,90,90,90,90,90,90,90,90,90,29,75,71,81,73,73,73,73,73,83,88,63,63,74,63,50,50,35],"gold":151,"neow_bonus":"UPGRADE_CARD","is_prod":false,"is_daily":false,"chose_seed":false,"campfire_upgraded":8,"win_rate":0,"timestamp":1537669443,"path_taken":["M","?","$","?","M","R","E","R","T","?","?","?","?","$","R","BOSS","M","?","M","$","?","R","E","R","T","R","M","E","?","?","R","BOSS","M","M","?","?","$","R","$","E","T","?","R","M","?","M","R","BOSS"],"build_version":"2018-09-20","purchased_purges":3,"victory":true,"max_hp_per_floor":[80,80,80,80,80,80,80,80,90,90,90,90,90,90,90,90,90,90,90,90,90,90,90,90,90,90,90,90,90,90,90,90,90,90,90,90,90,90,90,90,90,90,90,90,90,90,90,90,90,90],"card_choices":[{"not_picked":["Clothesline","Armaments"],"picked":"Whirlwind","floor":1},{"not_picked":["Power Through","Hemokinesis","Corruption"],"picked":"SKIP","floor":5},{"not_picked":["Body Slam","Impervious"],"picked":"Disarm","floor":7},{"not_picked":["Fire Breathing","Flex","Heavy Blade"],"picked":"SKIP","floor":10},{"not_picked":["Twin Strike+1","Armaments"],"picked":"Iron Wave+1","floor":12},{"not_picked":["Juggernaut","Exhume"],"picked":"Bludgeon+1","floor":16},{"not_picked":["Sentinel","Dual Wield"],"picked":"Shrug It Off+1","floor":18},{"not_picked":["Sword Boomerang+1","Pummel+1","Blood for Blood+1"],"picked":"SKIP","floor":20},{"not_picked":["Clash+1","Headbutt+1","Feel No Pain+1"],"picked":"SKIP","floor":24},{"not_picked":["Perfected Strike+1","Power Through+1"],"picked":"True Grit+1","floor":28},{"not_picked":["Twin Strike+1","Infernal Blade","Intimidate"],"picked":"SKIP","floor":29},{"not_picked":["Twin Strike+1","Infernal Blade"],"picked":"Intimidate","floor":29},{"not_picked":["Flex","Headbutt+1","Iron Wave+1"],"picked":"SKIP","floor":30},{"not_picked":["Brutality","Dark Embrace"],"picked":"Barricade","floor":33},{"not_picked":["Sword Boomerang+1","Power Through"],"picked":"Shrug It Off+1","floor":35},{"not_picked":["Dropkick+1","Heavy Blade+1","Headbutt+1"],"picked":"SKIP","floor":36},{"not_picked":["True Grit+1","Reckless Charge+1"],"picked":"Uppercut+1","floor":37},{"not_picked":["Armaments+1","Headbutt+1"],"picked":"Battle Trance","floor":42},{"not_picked":["Clash+1","Wild Strike+1"],"picked":"Inflame+1","floor":44},{"not_picked":["Sentinel","Blood for Blood+1"],"picked":"Body Slam+1","floor":46},{"not_picked":["Headbutt+1","Twin Strike+1"],"picked":"Entrench+1","floor":48}],"player_experience":139109,"relics_obtained":[{"floor":7,"key":"Sundial"},{"floor":9,"key":"Pear"},{"floor":11,"key":"Molten Egg 2"},{"floor":24,"key":"Torii"},{"floor":26,"key":"Kunai"},{"floor":29,"key":"Whetstone"},{"floor":37,"key":"Du-Vu Doll"},{"floor":42,"key":"StoneCalendar"},{"floor":43,"key":"Happy Flower"},{"floor":44,"key":"Incense Burner"}],"event_choices":[{"event_name":"Golden Wing","player_choice":"Gained Gold","floor":2,"damage_taken":0},{"event_name":"Living Wall","player_choice":"Grow","floor":4,"damage_taken":0},{"event_name":"Golden Idol","player_choice":"Take Wound","floor":13,"damage_taken":0},{"event_name":"Beggar","player_choice":"Gave Gold","floor":19,"damage_taken":0},{"event_name":"Forgotten Altar","player_choice":"Gave Idol","floor":22,"damage_taken":0},{"event_name":"Cursed Tome","player_choice":"Ignored","floor":31,"damage_taken":0},{"event_name":"MindBloom","player_choice":"Fight","floor":37,"damage_taken":0},{"event_name":"Tomb of Lord Red Mask","player_choice":"Ignored","floor":38,"damage_taken":0},{"event_name":"Mysterious Sphere","player_choice":"Fight","floor":44,"damage_taken":0},{"event_name":"Winding Halls","player_choice":"Embrace Madness","floor":47,"damage_taken":0}],"is_beta":false,"boss_relics":[{"not_picked":["Philosopher\u0027s Stone","Runic Pyramid"],"picked":"Pandora\u0027s Box"},{"not_picked":["Black Blood","Empty Cage"],"picked":"Coffee Dripper"}],"items_purged_floors":[3,14,21],"is_endless":false,"potions_floor_spawned":[5,10,18,37,44,46],"ascension_level":5}