{"gold_per_floor":[116,116,126,137,157,157,182,200,225,256,256,284,284,299,299,401,401,411,429,6,25,39,39],"floor_reached":23,"playtime":1572,"items_purged":["Strike_R"],"score":269,"play_id":"f173e09a-c04e-44c7-aad4-d159a3cf6199","local_time":"20190619235437","is_ascension_mode":true,"campfire_choices":[{"data":"Bash","floor":6,"key":"SMITH"},{"floor":11,"key":"REST"},{"data":"True Grit","floor":13,"key":"SMITH"},{"data":"Barricade","floor":15,"key":"SMITH"}],"neow_cost":"NONE","seed_source_timestamp":449481254422436,"circlet_count":0,"master_deck":["Strike_R","Strike_R","Strike_R","Defend_R","Defend_R","Defend_R","Defend_R","Bash+1","Cleave","Shrug It Off","Pommel Strike","Clothesline","Barricade+1","Warcry","Armaments","True Grit+1","Carnage","Immolate","Impervious","Inflame","Shrug It Off","Spot Weakness","Feel No Pain","Metallicize"],"relics":["Burning Blood","Pen Nib","Ancient Tea Set","Centennial Puzzle","Orichalcum","Red Skull","Orrery","FossilizedHelix"],"potions_floor_usage":[10,12,23],"damage_taken":[{"damage":11,"enemies":"Cultist","floor":1,"turns":4},{"damage":12,"enemies":"Small Slimes","floor":3,"turns":4},{"damage":4,"enemies":"Jaw Worm","floor":4,"turns":2},{"damage":0,"enemies":"2 Fungi Beasts","floor":5,"turns":3},{"damage":18,"enemies":"Gremlin Nob","floor":7,"turns":4},{"damage":17,"enemies":"Looter","floor":8,"turns":3},{"damage":32,"enemies":"Lagavulin","floor":10,"turns":8},{"damage":22,"enemies":"3 Sentries","floor":12,"turns":8},{"damage":2,"enemies":"Exordium Thugs","floor":14,"turns":3},{"damage":24,"enemies":"Hexaghost","floor":16,"turns":14},{"damage":16,"enemies":"Shell Parasite","floor":18,"turns":5},{"damage":16,"enemies":"3 Byrds","floor":19,"turns":5},{"damage":4,"enemies":"Snecko","floor":21,"turns":6},{"damage":13,"enemies":"Centurion and Healer","floor":22,"turns":8},{"damage":44,"enemies":"Gremlin Leader","floor":23,"turns":6}],"seed_played":"9050000352119153593","potions_obtained":[{"floor":5,"key":"SteroidPotion"},{"floor":7,"key":"Swift Potion"},{"floor":10,"key":"Explosive Potion"},{"floor":16,"key":"SmokeBomb"},{"floor":22,"key":"Explosive Potion"}],"is_trial":false,"path_per_floor":["M","?","M","M","M","R","E","M","T","E","R","E","R","M","R","B",null,"M","M","$","M","M","E"],"character_chosen":"IRONCLAD","items_purchased":["FossilizedHelix","Feel No Pain"],"campfire_rested":1,"item_purchase_floors":[20,20],"current_hp_per_floor":[75,75,69,71,77,77,65,54,54,28,52,36,36,40,40,22,66,56,46,46,48,41,0],"gold":39,"neow_bonus":"TRANSFORM_CARD","is_prod":false,"is_daily":false,"chose_seed":false,"campfire_upgraded":3,"win_rate":0,"timestamp":1561002877,"path_taken":["M","?","M","M","?","R","E","M","T","E","R","E","R","M","R","BOSS","M","M","$","M","M","E"],"build_version":"2019-01-23","purchased_purges":1,"victory":false,"max_hp_per_floor":[80,80,80,80,80,80,80,80,80,80,80,80,80,80,80,80,80,80,80,80,80,80,80],"card_choices":[{"not_picked":["Armaments","Sentinel"],"picked":"Cleave","floor":1},{"not_picked":["Headbutt","Perfected Strike"],"picked":"Shrug It Off","floor":3},{"not_picked":["Battle Trance","Headbutt"],"picked":"Pommel Strike","floor":4},{"not_picked":["Sever Soul","Clash"],"picked":"Clothesline","floor":5},{"not_picked":["Warcry","Flex"],"picked":"Barricade","floor":7},{"not_picked":["Clash","Thunderclap"],"picked":"Warcry","floor":8},{"not_picked":["Twin Strike","Entrench"],"picked":"Armaments","floor":10},{"not_picked":["Ghostly Armor","Metallicize"],"picked":"True Grit","floor":12},{"not_picked":["Clothesline","Wild Strike"],"picked":"Carnage","floor":14},{"not_picked":["Impervious","Berserk"],"picked":"Immolate","floor":16},{"not_picked":["Armaments","Thunderclap"],"picked":"Impervious","floor":17},{"not_picked":["Armaments","Heavy Blade"],"picked":"Inflame","floor":17},{"not_picked":["Flex","Headbutt"],"picked":"Shrug It Off","floor":17},{"not_picked":["Armaments+1","Clash","Dual Wield"],"picked":"SKIP","floor":18},{"not_picked":["Dark Embrace","Hemokinesis"],"picked":"Spot Weakness","floor":19},{"not_picked":["Seeing Red","True Grit","Clash"],"picked":"SKIP","floor":21},{"not_picked":["Warcry","Havoc"],"picked":"Metallicize","floor":22}],"player_experience":330188,"relics_obtained":[{"floor":7,"key":"Ancient Tea Set"},{"floor":9,"key":"Centennial Puzzle"},{"floor":10,"key":"Orichalcum"},{"floor":12,"key":"Red Skull"}],"event_choices":[{"cards_removed":["Dropkick"],"damage_healed":0,"gold_gain":0,"player_choice":"Gave Card","damage_taken":0,"relics_obtained":["Pen Nib"],"max_hp_gain":0,"max_hp_loss":0,"event_name":"WeMeetAgain","floor":2,"gold_loss":0}],"is_beta":false,"boss_relics":[{"not_picked":["White Beast Statue","Lizard Tail"],"picked":"Orrery"}],"items_purged_floors":[20],"is_endless":false,"potions_floor_spawned":[5,7,10,16,22],"killed_by":"Gremlin Leader","ascension_level":5}