{"gold_per_floor":[112,112,124,143,157,157,182,182,209,250,262,291,303,346,358,467,479,501,525,556,159,171,171,188,188,188,188,10,10,10,22,22,22],"floor_reached":33,"playtime":1222,"items_purged":[],"score":360,"play_id":"39eacdf8-ff20-42b3-ae85-7b8d39b62717","local_time":"20190523173853","is_ascension_mode":true,"campfire_choices":[{"data":"Carnage","floor":6.0,"key":"SMITH"},{"data":"Disarm","floor":11.0,"key":"SMITH"},{"data":"Metallicize","floor":13.0,"key":"SMITH"},{"data":"Barricade","floor":15.0,"key":"SMITH"},{"data":"Demon Form","floor":23.0,"key":"SMITH"},{"floor":27.0,"key":"REST"},{"floor":29.0,"key":"REST"},{"data":"Flame Barrier","floor":32.0,"key":"SMITH"}],"neow_cost":"NONE","seed_source_timestamp":58396062478000,"circlet_count":0,"master_deck":["Strike_R","Strike_R","Strike_R","Strike_R","Strike_R","Defend_R","Defend_R","Defend_R+1","Defend_R","Trip","Seeing Red+1","Disarm+1","Carnage+1","Metallicize+1","Barricade+1","Demon Form+1","Pommel Strike+1","Disarm","Master of Strategy","Inflame","Twin Strike+1","Shrug It Off","Flame Barrier+1"],"special_seed":0,"relics":["Burning Blood","Pen Nib","MawBank","War Paint","Mark of Pain","Letter Opener","Nloth\u0027s Gift","Blue Candle","Anchor"],"potions_floor_usage":[33],"damage_taken":[{"damage":6.0,"enemies":"Cultist","floor":1.0,"turns":4.0},{"damage":1.0,"enemies":"2 Louse","floor":3.0,"turns":3.0},{"damage":4.0,"enemies":"Small Slimes","floor":4.0,"turns":4.0},{"damage":6.0,"enemies":"2 Fungi Beasts","floor":5.0,"turns":4.0},{"damage":8.0,"enemies":"Gremlin Nob","floor":7.0,"turns":3.0},{"damage":23.0,"enemies":"Lagavulin","floor":10.0,"turns":4.0},{"damage":6.0,"enemies":"Red Slaver","floor":12.0,"turns":2.0},{"damage":8.0,"enemies":"3 Sentries","floor":14.0,"turns":9.0},{"damage":13.0,"enemies":"Hexaghost","floor":16.0,"turns":8.0},{"damage":0.0,"enemies":"Spheric Guardian","floor":18.0,"turns":1.0},{"damage":21.0,"enemies":"2 Thieves","floor":19.0,"turns":5.0},{"damage":13.0,"enemies":"Chosen and Byrds","floor":20.0,"turns":3.0},{"damage":14.0,"enemies":"Snake Plant","floor":22.0,"turns":3.0},{"damage":38.0,"enemies":"Cultist and Chosen","floor":24.0,"turns":6.0},{"damage":0.0,"enemies":"Chosen and Byrds","floor":31.0,"turns":7.0},{"damage":94,"enemies":"Collector","floor":33,"turns":6}],"seed_played":"-2648995457490894654","potions_obtained":[{"floor":4.0,"key":"FearPotion"},{"floor":5.0,"key":"FearPotion"},{"floor":7.0,"key":"BloodPotion"},{"floor":10.0,"key":"EntropicBrew"},{"floor":16.0,"key":"SteroidPotion"},{"floor":19.0,"key":"LiquidBronze"},{"floor":31.0,"key":"Regen Potion"}],"is_trial":false,"path_per_floor":["M","?","M","M","M","R","E","?","T","E","R","M","R","E","R","B",null,"M","M","M","$","M","R","M","?","T","R","$","R","$","M","R","B"],"character_chosen":"IRONCLAD","items_purchased":["Master of Strategy","Letter Opener","Shrug It Off","Anchor"],"campfire_rested":2,"item_purchase_floors":[21,21,28,28],"current_hp_per_floor":[72,72,77,79,79,79,77,82,82,65,65,65,65,63,63,64,80,85,70,63,63,55,55,23,23,23,48,48,73,73,79,79,0],"gold":22,"neow_bonus":"RANDOM_COLORLESS","is_prod":false,"is_daily":false,"chose_seed":false,"campfire_upgraded":6,"win_rate":0,"timestamp":1558647533,"path_taken":["M","?","?","M","M","R","E","?","T","E","R","M","R","E","R","BOSS","M","M","M","$","M","R","M","?","T","R","$","R","?","M","R","BOSS"],"build_version":"2019-01-23","purchased_purges":0,"victory":false,"max_hp_per_floor":[80,80,80,80,80,80,80,85,85,85,85,85,85,85,85,85,85,85,85,85,85,85,85,85,85,85,85,85,85,85,85,85,85],"card_choices":[{"not_picked":["Sword Boomerang","Power Through"],"picked":"Seeing Red","floor":1.0},{"not_picked":["Anger","Body Slam","Iron Wave"],"picked":"SKIP","floor":3.0},{"not_picked":["Reckless Charge","Infernal Blade"],"picked":"Disarm","floor":4.0},{"not_picked":["Heavy Blade","Evolve"],"picked":"Carnage","floor":5.0},{"not_picked":["Perfected Strike","Spot Weakness"],"picked":"Metallicize","floor":7.0},{"not_picked":["Feel No Pain","Armaments","Flex"],"picked":"SKIP","floor":10.0},{"not_picked":["Warcry","Rampage","Reckless Charge"],"picked":"SKIP","floor":12.0},{"not_picked":["Wild Strike","Armaments"],"picked":"Barricade","floor":14.0},{"not_picked":["Exhume","Immolate"],"picked":"Demon Form","floor":16.0},{"not_picked":["Searing Blow","Anger+1","Headbutt+1"],"picked":"SKIP","floor":18.0},{"not_picked":["Perfected Strike+1","Dropkick"],"picked":"Pommel Strike+1","floor":19.0},{"not_picked":["Sever Soul","Iron Wave+1"],"picked":"Disarm","floor":20.0},{"not_picked":["Burning Pact","Shrug It Off"],"picked":"Inflame","floor":22.0},{"not_picked":["Headbutt+1","Evolve"],"picked":"Twin Strike+1","floor":24.0},{"not_picked":["Body Slam","Seeing Red"],"picked":"Flame Barrier","floor":31.0}],"player_experience":229978,"relics_obtained":[{"floor":7.0,"key":"Pen Nib"},{"floor":9.0,"key":"MawBank"},{"floor":10.0,"key":"War Paint"},{"floor":14.0,"key":"Mercury Hourglass"},{"floor":26.0,"key":"Blue Candle"}],"event_choices":[{"cards_removed":["Bash"],"damage_healed":0.0,"max_hp_gain":0.0,"max_hp_loss":0.0,"gold_gain":0.0,"event_name":"Purifier","player_choice":"Purged","floor":2.0,"gold_loss":0.0,"damage_taken":0.0},{"damage_healed":0.0,"max_hp_gain":5.0,"max_hp_loss":0.0,"gold_gain":0.0,"event_name":"Big Fish","player_choice":"Donut","floor":8.0,"gold_loss":0.0,"damage_taken":0.0},{"damage_healed":0.0,"max_hp_gain":0.0,"max_hp_loss":0.0,"gold_gain":0.0,"event_name":"N\u0027loth","player_choice":"Traded Relic","floor":25.0,"relics_lost":["Mercury Hourglass"],"gold_loss":0.0,"damage_taken":0.0,"relics_obtained":["Nloth\u0027s Gift"]}],"is_beta":false,"boss_relics":[{"not_picked":["Fusion Hammer","Philosopher\u0027s Stone"],"picked":"Mark of Pain"}],"items_purged_floors":[],"is_endless":false,"potions_floor_spawned":[4,5,7,10,16,19,31],"killed_by":"Collector","ascension_level":7}