{"gold_per_floor":[13,13,32,51,62,87,87,116,143,113],"floor_reached":10,"playtime":631,"items_purged":[],"score":90,"play_id":"f9ac71d4-db50-4c74-a627-8a30332afac7","local_time":"20190321175654","is_ascension_mode":true,"campfire_choices":[{"floor":7,"key":"REST"}],"neow_cost":"NO_GOLD","seed_source_timestamp":559857045260517,"circlet_count":0,"master_deck":["Strike_B","Strike_B","Strike_B","Defend_B","Defend_B","Defend_B","Zap","Dualcast","Go for the Eyes","Steam","Redo","Genetic Algorithm","Ball Lightning","Undo"],"relics":["Cracked Core","Juzu Bracelet","Anchor","PreservedInsect"],"potions_floor_usage":[6,8,10],"damage_taken":[{"damage":12,"enemies":"Jaw Worm","floor":1,"turns":2},{"damage":0,"enemies":"Cultist","floor":3,"turns":3},{"damage":1,"enemies":"2 Louse","floor":4,"turns":2},{"damage":9,"enemies":"Looter","floor":5,"turns":3},{"damage":36,"enemies":"3 Sentries","floor":6,"turns":7},{"damage":28,"enemies":"Gremlin Nob","floor":8,"turns":4},{"damage":14,"enemies":"Exordium Thugs","floor":10,"turns":2}],"seed_played":"7871199575301761364","potions_obtained":[{"floor":2,"key":"GamblersBrew"},{"floor":2,"key":"Swift Potion"},{"floor":2,"key":"SneckoOil"},{"floor":3,"key":"SteroidPotion"},{"floor":8,"key":"SmokeBomb"}],"is_trial":false,"path_per_floor":["M","?","M","M","M","E","R","E","T","M"],"character_chosen":"DEFECT","items_purchased":[],"campfire_rested":1,"item_purchase_floors":[],"current_hp_per_floor":[63,63,63,62,53,17,39,11,11,0],"gold":113,"neow_bonus":"REMOVE_TWO","is_prod":false,"is_daily":false,"chose_seed":false,"campfire_upgraded":0,"win_rate":0,"timestamp":1553205414,"path_taken":["M","?","M","M","?","E","R","E","T","M"],"build_version":"2019-01-23","purchased_purges":0,"victory":false,"max_hp_per_floor":[75,75,75,75,75,75,75,75,75,75],"card_choices":[{"not_picked":["Rebound","Double Energy"],"picked":"Go for the Eyes","floor":1},{"not_picked":["Reprogram","Gash"],"picked":"Steam","floor":3},{"not_picked":["Hyperbeam","Melter"],"picked":"Redo","floor":4},{"not_picked":["Scrape","Beam Cell"],"picked":"Genetic Algorithm","floor":5},{"not_picked":["Hologram","Rebound"],"picked":"Ball Lightning","floor":6},{"not_picked":["Barrage","Stack"],"picked":"Undo","floor":8}],"player_experience":157080,"relics_obtained":[{"floor":6,"key":"Juzu Bracelet"},{"floor":8,"key":"Anchor"},{"floor":9,"key":"PreservedInsect"}],"event_choices":[{"damage_healed":0,"gold_gain":0,"player_choice":"Got Potions","damage_taken":0,"max_hp_gain":0,"max_hp_loss":0,"event_name":"Lab","floor":2,"gold_loss":0}],"is_beta":false,"boss_relics":[],"items_purged_floors":[],"is_endless":false,"potions_floor_spawned":[3,8],"killed_by":"Exordium Thugs","ascension_level":3}