{"gold_per_floor":[113,13,13,13,27,27,27,27,27,52,52,5,5,16,16,113,113,130,1,19,32,44,44,44],"floor_reached":24,"playtime":1425,"items_purged":["Strike_G"],"score":194,"play_id":"addb9c36-b709-414b-ad02-9a9f4fbb9ae1","local_time":"20190906163425","is_ascension_mode":false,"campfire_choices":[{"data":"Noxious Fumes","floor":7,"key":"SMITH"},{"data":"Neutralize","floor":11,"key":"SMITH"},{"data":"Footwork","floor":13,"key":"SMITH"},{"floor":15,"key":"REST"},{"floor":23,"key":"REST"}],"neow_cost":"NONE","seed_source_timestamp":1219351148116500,"circlet_count":0,"master_deck":["Strike_G","Strike_G","Strike_G","Defend_G","Defend_G","Defend_G","Defend_G","Defend_G","Survivor","Neutralize+1","Caltrops","Noxious Fumes+1","Dagger Throw","Dagger Throw","Footwork+1","Backflip","Caltrops","Envenom","Poisoned Stab","Acrobatics","Dagger Throw+1","Blur","Blur"],"relics":["Ring of the Snake","Snake Skull","Potion Belt","Bottled Flame","HoveringKite"],"potions_floor_usage":[24,24,24],"damage_taken":[{"damage":0,"enemies":"Cultist","floor":1,"turns":5},{"damage":2,"enemies":"Small Slimes","floor":5,"turns":3},{"damage":7,"enemies":"Lagavulin","floor":10,"turns":6},{"damage":0,"enemies":"Jaw Worm","floor":14,"turns":4},{"damage":15,"enemies":"The Guardian","floor":16,"turns":11},{"damage":2,"enemies":"Shell Parasite","floor":18,"turns":9},{"damage":10,"enemies":"Chosen","floor":20,"turns":6},{"damage":19,"enemies":"Shelled Parasite and Fungi","floor":21,"turns":7},{"damage":43,"enemies":"Sentry and Sphere","floor":22,"turns":8},{"damage":44,"enemies":"Slavers","floor":24,"turns":4}],"seed_played":"3991441511631071665","potions_obtained":[{"floor":1,"key":"GhostInAJar"},{"floor":16,"key":"Poison Potion"},{"floor":18,"key":"GamblersBrew"},{"floor":22,"key":"Poison Potion"}],"is_trial":false,"path_per_floor":["M","$","?","?","M","?","R","?","T","E","R","$","R","M","R","B",null,"M","$","M","M","M","R","E"],"character_chosen":"THE_SILENT","items_purchased":["Noxious Fumes","Dagger Throw","Backflip","Acrobatics"],"campfire_rested":2,"item_purchase_floors":[2,2,12,19],"current_hp_per_floor":[77,77,77,74,72,72,72,72,72,65,65,65,65,65,77,62,77,75,75,65,46,3,26,0],"gold":44,"neow_bonus":"TEN_PERCENT_HP_BONUS","is_prod":false,"is_daily":false,"chose_seed":false,"campfire_upgraded":3,"win_rate":0.0,"timestamp":1567802065,"path_taken":["M","$","?","?","M","?","R","?","T","E","R","$","R","M","R","BOSS","M","$","M","M","M","R","E"],"build_version":"2019-07-17","purchased_purges":1,"victory":false,"max_hp_per_floor":[77,77,77,77,77,77,77,77,77,77,77,77,77,77,77,77,77,77,77,77,77,77,77,77],"card_choices":[{"not_picked":["All Out Attack","Skewer"],"picked":"Caltrops","floor":1},{"not_picked":["Bane","Deadly Poison"],"picked":"Dagger Throw","floor":5},{"not_picked":["Quick Slash","Die Die Die"],"picked":"Footwork","floor":10},{"not_picked":["Deadly Poison","All Out Attack"],"picked":"Caltrops","floor":14},{"not_picked":["Doppelganger","Malaise"],"picked":"Envenom","floor":16},{"not_picked":["Dodge and Roll","Sucker Punch"],"picked":"Poisoned Stab","floor":18},{"not_picked":["Prepared","Distraction"],"picked":"Dagger Throw+1","floor":20},{"not_picked":["Reflex","Deadly Poison"],"picked":"Blur","floor":21},{"not_picked":["PiercingWail","Deflect"],"picked":"Blur","floor":22}],"player_experience":56583,"relics_obtained":[{"floor":9,"key":"Potion Belt"},{"floor":10,"key":"Bottled Flame"}],"event_choices":[{"cards_removed":["Strike_G"],"damage_healed":0,"gold_gain":0,"player_choice":"Forget","damage_taken":0,"max_hp_gain":0,"max_hp_loss":0,"event_name":"Living Wall","floor":3,"gold_loss":0},{"damage_healed":0,"gold_gain":0,"player_choice":"Success","damage_taken":3,"relics_obtained":["Snake Skull"],"max_hp_gain":0,"max_hp_loss":0,"event_name":"Scrap Ooze","floor":4,"gold_loss":0},{"damage_healed":0,"gold_gain":0,"player_choice":"Ignored","damage_taken":0,"max_hp_gain":0,"max_hp_loss":0,"event_name":"Golden Idol","floor":6,"gold_loss":0},{"damage_healed":0,"gold_gain":0,"player_choice":"Searched \u00271\u0027 times","damage_taken":0,"max_hp_gain":0,"max_hp_loss":0,"event_name":"Dead Adventurer","floor":8,"gold_loss":0}],"is_beta":false,"boss_relics":[{"not_picked":["Coffee Dripper","Tiny House"],"picked":"HoveringKite"}],"items_purged_floors":[19],"is_endless":false,"potions_floor_spawned":[1,16,18,22],"killed_by":"Slavers","ascension_level":0}