{"path_per_floor":["M","M","M","$","M","R","E","R","T","?","M","M","M","E","R","B",null,"M","$","M","M","M","E","R","E","T","?","M","$","M","M","R","B",null,"M","M","?","?","M","R","$","R","T","R","M","R","T","?","R","B"],"character_chosen":"IRONCLAD","items_purchased":["Dropkick","Torii","Apotheosis","Warcry"],"gold_per_floor":[115,129,147,67,78,78,108,108,108,108,128,146,157,214,214,314,314,332,30,44,59,72,106,106,141,194,194,213,18,32,47,47,144,144,155,167,0,100,114,114,69,69,369,369,381,381,381,381,381,381],"floor_reached":51,"campfire_rested":2,"playtime":4245,"current_hp_per_floor":[79,80,70,70,65,65,64,64,64,64,65,71,67,38,64,19,87,75,75,69,46,45,39,39,26,26,26,65,65,67,87,87,50,87,87,87,87,87,86,86,86,86,86,86,70,70,70,60,88,66],"items_purged":[],"gold":381,"play_id":"50fbbcc2-5382-4ac7-afca-c966e6005a38","is_prod":false,"is_daily":false,"campfire_rituals":0,"campfire_upgraded":8,"is_hardmode":false,"path_taken":["M","M","M","$","M","R","E","R","T","?","M","M","M","E","R","BOSS","M","$","M","M","M","E","R","E","T","?","M","$","M","M","R","BOSS","M","M","?","?","M","R","$","R","T","R","M","R","?","?","R","BOSS"],"build_version":"2018-01-11-PROD2","purchased_purges":1,"victory":true,"master_deck":["Strike_R","Strike_R","Strike_R","Strike_R","Strike_R","Defend_R","Defend_R","Defend_R","Defend_R","Bash","Pommel Strike","Thunderclap","Dropkick","Battle Trance","Warcry","Shrug It Off","Seeing Red","Reaper","Iron Wave","Pommel Strike","True Grit","Evolve","Reaper","Sentinel","Apotheosis","Feed","Thunderclap","Iron Wave","Pommel Strike","Warcry","Madness","Madness"],"max_hp_per_floor":[80,80,80,80,80,80,87,87,87,87,87,87,87,87,87,87,87,87,87,87,87,87,87,87,87,87,87,87,87,87,87,87,87,87,87,87,87,87,90,90,90,90,90,90,94,94,94,94,94,98],"relics":["Burning Blood","Strawberry","Red Skull","Tiny Chest","Sozu","Torii","Magic Flower","Meat on the Bone","Juzu Bracelet","Runic Pyramid","Red Mask","Old Coin","Peace Pipe"],"campfire_meditates":0,"card_choices":[{"not_picked":["Disarm","Rupture"],"picked":"Pommel Strike"},{"not_picked":["Infernal Blade","Bloodletting"],"picked":"Thunderclap"},{"not_picked":["Whirlwind","Bloodletting"],"picked":"Battle Trance"},{"not_picked":["Shrug It Off","Shockwave"],"picked":"Warcry"},{"not_picked":["Sever Soul","Warcry"],"picked":"Shrug It Off"},{"not_picked":["Anger","Sever Soul"],"picked":"Seeing Red"},{"not_picked":["Juggernaut","Barricade"],"picked":"Reaper"},{"not_picked":["Rage","Body Slam"],"picked":"Iron Wave"},{"not_picked":["Rampage","Fire Breathing"],"picked":"Pommel Strike"},{"not_picked":["Sword Boomerang","Power Through"],"picked":"True Grit"},{"not_picked":["Limit Break","Bloodletting"],"picked":"Evolve"},{"not_picked":["Feel No Pain","Thunderclap"],"picked":"Sentinel"},{"not_picked":["Impervious","Brutality"],"picked":"Feed"},{"not_picked":["Sever Soul","Heavy Blade"],"picked":"Thunderclap"},{"not_picked":["Clash","Wild Strike"],"picked":"Iron Wave"},{"not_picked":["Havoc","Perfected Strike"],"picked":"Pommel Strike"}],"player_experience":70747,"potions_floor_usage":[7,14],"damage_taken":[{"damage":7,"enemies":"Small Slimes","floor":1,"turns":5},{"damage":4,"enemies":"2 Louse","floor":2,"turns":3},{"damage":16,"enemies":"Blue Slaver","floor":3,"turns":5},{"damage":11,"enemies":"3 Louse","floor":5,"turns":3},{"damage":14,"enemies":"Gremlin Nob","floor":7,"turns":3},{"damage":5,"enemies":"Looter","floor":11,"turns":3},{"damage":0,"enemies":"Large Slime","floor":12,"turns":3},{"damage":10,"enemies":"2 Fungi Beasts","floor":13,"turns":3},{"damage":35,"enemies":"3 Sentries","floor":14,"turns":5},{"damage":51,"enemies":"Slime Boss","floor":16,"turns":11},{"damage":24,"enemies":"Shell Parasite","floor":18,"turns":4},{"damage":12,"enemies":"2 Thieves","floor":20,"turns":4},{"damage":33,"enemies":"Snecko","floor":21,"turns":7},{"damage":30,"enemies":"3 Cultists","floor":22,"turns":6},{"damage":26,"enemies":"Gremlin Leader","floor":23,"turns":7},{"damage":54,"enemies":"Slavers","floor":25,"turns":7},{"damage":35,"enemies":"Centurion and Healer","floor":28,"turns":7},{"damage":31,"enemies":"Snake Plant","floor":30,"turns":6},{"damage":18,"enemies":"3 Cultists","floor":31,"turns":5},{"damage":85,"enemies":"Automaton","floor":33,"turns":12},{"damage":14,"enemies":"Orb Walker","floor":35,"turns":4},{"damage":41,"enemies":"3 Darklings","floor":36,"turns":8},{"damage":54,"enemies":"4 Shapes","floor":39,"turns":8},{"damage":59,"enemies":"Sphere and 2 Shapes","floor":45,"turns":8},{"damage":90,"enemies":"Awakened One","floor":50,"turns":21}],"event_choices":[{"event_name":"Liars Game","player_choice":"disagreed","floor":10,"damage_taken":0},{"event_name":"Duplicator","player_choice":"One dupe","floor":27,"damage_taken":0},{"event_name":"Tomb of Lord Red Mask","player_choice":"Paid","floor":37,"damage_taken":0},{"event_name":"Golden Shrine","player_choice":"Pray","floor":38,"damage_taken":0},{"event_name":"Winding Halls","player_choice":"Embrace Madness","floor":48,"damage_taken":0}],"boss_relics":[{"not_picked":["Lizard Tail","Calling Bell"],"picked":"Sozu"},{"not_picked":["Runic Cube","Philosopher\u0027s Stone"],"picked":"Runic Pyramid"}],"potions_floor_spawned":[1,3,7,12,16,18,25,28,31,35,39,45],"seed_played":"-8930878833919447352","is_trial":false}