{"path_per_floor":["M","?","M","M","?","R","?","R","T","$","R","?","R","M","R","B",null,"M","?","M","?","?","R","M","?","T","M","E","M","M","$","R"],"character_chosen":"IRONCLAD","items_purchased":["Offering"],"gold_per_floor":[115,115,128,140,215,215,215,215,215,3,3,3,3,21,21,126,126,136,136,147,147,147,147,158,81,132,145,179,193,193,93,93,93],"floor_reached":33,"campfire_rested":1,"playtime":900,"current_hp_per_floor":[80,80,80,80,69,69,53,53,53,53,53,53,53,48,48,12,80,80,80,64,64,64,64,66,66,66,65,57,36,42,42,66,0],"items_purged":["Entrench","Metallicize"],"gold":93,"score":255,"play_id":"31cd29ce-c86a-4b5e-9e77-2e324b0ef963","local_time":"20180516144102","is_prod":false,"is_daily":false,"chose_seed":false,"is_ascension_mode":false,"campfire_upgraded":6,"timestamp":1526449262,"path_taken":["M","?","?","M","?","R","?","R","T","?","R","?","R","?","R","BOSS","M","?","?","?","?","R","M","?","T","M","E","M","M","?","R","BOSS"],"build_version":"2018-05-10","seed_source_timestamp":672814509362073,"purchased_purges":2,"victory":false,"master_deck":["Bash+1","Whirlwind+1","Offering+1","Flex+1","Bludgeon","Wild Strike","Body Slam","Flex","Rage","Clothesline","Body Slam","Cleave","Pommel Strike","Battle Trance+1","J.A.X.","Heavy Blade","Battle Trance"],"max_hp_per_floor":[80,80,80,80,80,80,80,80,80,80,80,80,80,80,80,80,80,80,80,80,80,80,80,80,80,80,80,80,80,80,80,80,80],"relics":["Burning Blood","NeowsBlessing","Shuriken","Pandora\u0027s Box","Art of War","Sundial"],"card_choices":[{"not_picked":["Intimidate","Twin Strike"],"picked":"Whirlwind","floor":1},{"not_picked":["Dropkick","Iron Wave"],"picked":"Flex","floor":14},{"not_picked":["Dark Embrace","Exhume"],"picked":"Bludgeon","floor":16},{"not_picked":["Havoc","True Grit"],"picked":"Pommel Strike","floor":20},{"not_picked":["Sentinel","Body Slam"],"picked":"Heavy Blade","floor":27},{"not_picked":["Bloodletting","Sentinel"],"picked":"Battle Trance","floor":28}],"player_experience":229865,"potions_floor_usage":[27,28,30,33,33],"damage_taken":[{"damage":0,"enemies":"2 Louse","floor":1,"turns":1},{"damage":0,"enemies":"Cultist","floor":3,"turns":1},{"damage":0,"enemies":"Jaw Worm","floor":4,"turns":1},{"damage":11,"enemies":"Lots of Slimes","floor":14,"turns":2},{"damage":42,"enemies":"Hexaghost","floor":16,"turns":8},{"damage":4,"enemies":"Spheric Guardian","floor":18,"turns":1},{"damage":22,"enemies":"Shell Parasite","floor":20,"turns":3},{"damage":4,"enemies":"3 Cultists","floor":24,"turns":2},{"damage":7,"enemies":"Slaver and Parasite","floor":27,"turns":1},{"damage":14,"enemies":"Book of Stabbing","floor":28,"turns":2},{"damage":27,"enemies":"Centurion and Healer","floor":29,"turns":2},{"damage":0,"enemies":"Chosen and Byrds","floor":30,"turns":1},{"damage":74,"enemies":"Automaton","floor":33,"turns":6}],"event_choices":[{"event_name":"Transmorgrifier","player_choice":"Transform","floor":2,"damage_taken":0},{"event_name":"World of Goop","player_choice":"Gather Gold","floor":5,"damage_taken":0},{"event_name":"Shining Light","player_choice":"Entered Light","floor":7,"damage_taken":0},{"event_name":"The Cleric","player_choice":"Leave","floor":12,"damage_taken":0},{"event_name":"Wheel of Change","player_choice":"Curse","floor":19,"damage_taken":0},{"event_name":"The Library","player_choice":"Read","floor":21,"damage_taken":0},{"event_name":"Back to Basics","player_choice":"Elegance","floor":22,"damage_taken":0},{"event_name":"Drug Dealer","player_choice":"Got JAXXED","floor":25,"damage_taken":0}],"boss_relics":[{"not_picked":["Black Blood","Eternal Feather"],"picked":"Pandora\u0027s Box"}],"potions_floor_spawned":[1,14,18,20,27,29],"seed_played":"-2913144237399986658","killed_by":"Automaton","ascension_level":0,"is_trial":false}