{"gold_per_floor":[113,123,198,198,210,244,244,269,269,269,269,279,59,59,59,59],"floor_reached":16,"playtime":1013,"items_purged":["Strike_B"],"score":113,"play_id":"455a7a88-f90a-4576-94e1-a7919ca04a71","local_time":"20190430203740","is_ascension_mode":true,"campfire_choices":[{"floor":7,"key":"REST"},{"data":"Zap","floor":10,"key":"SMITH"},{"floor":15,"key":"REST"}],"neow_cost":"NONE","seed_source_timestamp":1118031727080425,"circlet_count":0,"master_deck":["Strike_B","Strike_B","Strike_B","Defend_B","Defend_B","Defend_B","Defend_B","Zap+1","Coolheaded","Cold Snap","Compile Driver","Conserve Battery","White Noise+1","Storm","Biased Cognition","Bash"],"relics":["Ancient Tea Set","Mummified Hand","Ice Cream","Centennial Puzzle","Iron Core"],"potions_floor_usage":[],"damage_taken":[{"damage":6,"enemies":"Cultist","floor":1,"turns":3},{"damage":0,"enemies":"Small Slimes","floor":2,"turns":2},{"damage":7,"enemies":"Jaw Worm","floor":5,"turns":3},{"damage":38,"enemies":"Lagavulin","floor":6,"turns":8},{"damage":16,"enemies":"3 Sentries","floor":8,"turns":8},{"damage":8,"enemies":"3 Louse","floor":12,"turns":3},{"damage":40,"enemies":"The Guardian","floor":16,"turns":8}],"seed_played":"8173126042327534935","potions_obtained":[{"floor":2,"key":"FearPotion"},{"floor":6,"key":"Venom Potion"},{"floor":12,"key":"SteroidPotion"}],"is_trial":false,"path_per_floor":["M","M","?","?","M","E","R","E","T","R","?","M","$","?","R","B"],"character_chosen":"DEFECT","items_purchased":["Biased Cognition"],"campfire_rested":2,"item_purchase_floors":[13],"current_hp_per_floor":[69,69,58,58,51,13,35,19,19,19,19,11,11,11,33,0],"gold":59,"neow_bonus":"RANDOM_COMMON_RELIC","is_prod":false,"is_daily":false,"chose_seed":false,"campfire_upgraded":1,"win_rate":0,"timestamp":1556671060,"path_taken":["M","M","?","?","M","E","R","E","T","R","?","M","?","?","R","BOSS"],"build_version":"2019-01-23","purchased_purges":1,"victory":false,"max_hp_per_floor":[75,75,75,75,75,75,75,75,75,75,75,75,75,75,75,78],"card_choices":[{"not_picked":["Melter","FIFO Queue"],"picked":"Coolheaded","floor":1},{"not_picked":["Steam","Beam Cell"],"picked":"Cold Snap","floor":2},{"not_picked":["ReplayTheSpireMod:Reroute Power","Redo"],"picked":"Compile Driver","floor":5},{"not_picked":["Barrage","Sunder"],"picked":"Conserve Battery","floor":6},{"not_picked":["Barrage","Blizzard"],"picked":"White Noise","floor":8},{"not_picked":["Panic Button","Streamline"],"picked":"Storm","floor":12}],"player_experience":252628,"relics_obtained":[{"floor":6,"key":"Mummified Hand"},{"floor":8,"key":"Ice Cream"},{"floor":9,"key":"Centennial Puzzle"}],"event_choices":[{"damage_healed":0,"gold_gain":75,"player_choice":"Gather Gold","damage_taken":11,"max_hp_gain":0,"max_hp_loss":0,"event_name":"World of Goop","floor":3,"gold_loss":0},{"damage_healed":0,"gold_gain":0,"player_choice":"Ignored","damage_taken":0,"max_hp_gain":0,"max_hp_loss":0,"event_name":"Liars Game","floor":4,"gold_loss":0},{"damage_healed":0,"gold_gain":0,"player_choice":"Grow","damage_taken":0,"max_hp_gain":0,"max_hp_loss":0,"event_name":"Living Wall","floor":11,"gold_loss":0,"cards_upgraded":["White Noise"]}],"is_beta":false,"boss_relics":[],"items_purged_floors":[13],"is_endless":false,"potions_floor_spawned":[2,6,12],"killed_by":"The Guardian","ascension_level":1}