{"gold_per_floor":[116,18,18,34,45,63,97,115,115,115,115,190,230,251,251,371,371,391,316,330,57,75,108,121,157,209,245,245,245,344,344,344,473,473,486,500,558,573,78,121,121,455,455,455,499,624,576,590,590,590,590,590,115,156,156],"floor_reached":56,"playtime":5213,"items_purged":["Strike_B","Strike_B"],"score":1593,"play_id":"48b359ab-c697-49c6-8bb2-d822823efcd8","local_time":"20190324041012","is_ascension_mode":true,"campfire_choices":[{"data":"Dualcast","floor":10,"key":"SMITH"},{"data":"Buffer","floor":15,"key":"SMITH"},{"data":"Biased Cognition","floor":29,"key":"SMITH"},{"floor":32,"key":"REST"},{"data":"Self Repair","floor":41,"key":"SMITH"},{"data":"Electrodynamics","floor":44,"key":"SMITH"},{"floor":49,"key":"RECALL"},{"data":"Hologram","floor":52,"key":"SMITH"}],"neow_cost":"NONE","seed_source_timestamp":764856342881903,"circlet_count":0,"master_deck":["Defend_B","Defend_B","Zap+1","Dualcast+1","Self Repair+1","Compile Driver+1","Loop","Biased Cognition+1","Compile Driver","Sweeping Beam","Barrage","FTL","Buffer+1","Electrodynamics+1","Leap","Go for the Eyes+1","Conserve Battery","Capacitor","Coolheaded+1","Sunder+1","Ball Lightning+1","Ball Lightning+1","Ghostly","Ghostly","Ghostly","Ghostly","Ghostly","Rainbow","Capacitor+1","Leap+1","Doom and Gloom+1","Glacier","Defragment+1","Ball Lightning+1","Chill+1","Seek","Conserve Battery+1","Static Discharge+1","Hologram+1","Defragment+1"],"relics":["Cracked Core","Thread and Needle","Omamori","Golden Idol","Oddly Smooth Stone","Philosopher\u0027s Stone","Vajra","Kunai","Bottled Flame","Lantern","Mummified Hand","Nilry\u0027s Codex","Astrolabe","FossilizedHelix","MealTicket","Whetstone","Strawberry","Question Card","Old Coin","Peace Pipe","Nunchaku","Letter Opener","Pen Nib","Happy Flower"],"potions_floor_usage":[7,13,22,23,25,37,50,54,55,55],"damage_taken":[{"damage":1,"enemies":"Cultist","floor":1,"turns":3},{"damage":2,"enemies":"Jaw Worm","floor":4,"turns":3},{"damage":4,"enemies":"2 Louse","floor":5,"turns":2},{"damage":0,"enemies":"Large Slime","floor":6,"turns":4},{"damage":29,"enemies":"Lagavulin","floor":7,"turns":4},{"damage":9,"enemies":"2 Fungi Beasts","floor":8,"turns":3},{"damage":4,"enemies":"Gremlin Nob","floor":13,"turns":3},{"damage":11,"enemies":"3 Louse","floor":14,"turns":3},{"damage":43,"enemies":"The Guardian","floor":16,"turns":10},{"damage":35,"enemies":"3 Byrds","floor":18,"turns":4},{"damage":0,"enemies":"Spheric Guardian","floor":20,"turns":3},{"damage":0,"enemies":"Cultist and Chosen","floor":22,"turns":5},{"damage":23,"enemies":"Slavers","floor":23,"turns":4},{"damage":2,"enemies":"Centurion and Healer","floor":24,"turns":6},{"damage":12,"enemies":"Gremlin Leader","floor":25,"turns":5},{"damage":15,"enemies":"Book of Stabbing","floor":27,"turns":5},{"damage":0,"enemies":"Collector","floor":33,"turns":9},{"damage":2,"enemies":"3 Shapes","floor":35,"turns":3},{"damage":24,"enemies":"3 Darklings","floor":36,"turns":5},{"damage":8,"enemies":"2 Orb Walkers","floor":37,"turns":4},{"damage":9,"enemies":"Sphere and 2 Shapes","floor":38,"turns":5},{"damage":0,"enemies":"Giant Head","floor":40,"turns":10},{"damage":0,"enemies":"Reptomancer","floor":42,"turns":7},{"damage":0,"enemies":"Giant Head","floor":45,"turns":8},{"damage":0,"enemies":"Mind Bloom Boss Battle","floor":46,"turns":5},{"damage":0,"enemies":"Writhing Mass","floor":48,"turns":6},{"damage":6,"enemies":"Donu and Deca","floor":50,"turns":7},{"damage":18,"enemies":"Shield and Spear","floor":54,"turns":7},{"damage":29,"enemies":"The Heart","floor":55,"turns":10}],"seed_played":"-6040471900128308025","potions_obtained":[{"floor":1,"key":"SneckoOil"},{"floor":4,"key":"FearPotion"},{"floor":5,"key":"Poison Potion"},{"floor":7,"key":"EssenceOfSteel"},{"floor":20,"key":"AttackPotion"},{"floor":22,"key":"Energy Potion"},{"floor":27,"key":"Explosive Potion"},{"floor":33,"key":"Energy Potion"},{"floor":37,"key":"Weak Potion"},{"floor":38,"key":"AttackPotion"},{"floor":54,"key":"Weak Potion"}],"is_trial":false,"path_per_floor":["M","$","?","M","M","M","E","M","T","R","?","?","E","M","R","B",null,"M","?","M","$","M","E","M","E","T","E","?","R","?","?","R","B",null,"M","M","?","M","$","E","R","E","T","R","E","?","$","M","R","B",null,"R","$","E","B",null],"character_chosen":"DEFECT","items_purchased":["Compile Driver","Conserve Battery","Vajra","MealTicket","Whetstone","Strawberry","Hologram","Letter Opener","Pen Nib","FocusPotion"],"campfire_rested":1,"item_purchase_floors":[2,21,21,39,39,39,47,53,53,53],"current_hp_per_floor":[81,81,81,82,82,82,60,58,58,58,58,47,50,46,46,3,82,54,54,61,61,68,52,57,52,52,44,41,41,41,25,37,37,41,39,22,14,12,19,26,26,36,36,36,48,48,48,48,48,48,48,48,48,40,21],"gold":156,"neow_bonus":"TEN_PERCENT_HP_BONUS","is_prod":false,"is_daily":false,"chose_seed":false,"campfire_upgraded":6,"win_rate":0,"timestamp":1553415012,"path_taken":["M","?","?","M","M","M","E","M","T","R","?","?","E","M","R","BOSS","M","?","M","$","M","E","M","E","T","E","?","R","?","?","R","BOSS","M","M","?","M","$","E","R","E","T","R","E","?","?","M","R","BOSS","R","$","E","BOSS"],"build_version":"2019-01-23","purchased_purges":2,"victory":true,"max_hp_per_floor":[82,82,82,82,82,82,82,82,82,82,82,82,82,82,82,82,82,82,82,82,82,82,82,82,82,82,82,41,41,41,41,41,41,41,41,41,41,41,48,48,48,48,48,48,48,48,48,48,48,48,48,48,48,48,48],"card_choices":[{"not_picked":["Leap","Hologram"],"picked":"Self Repair","floor":1},{"not_picked":["Turbo","Beam Cell"],"picked":"Loop","floor":4},{"not_picked":["Streamline","Steam"],"picked":"Biased Cognition","floor":5},{"not_picked":["Double Energy","Gash"],"picked":"Compile Driver","floor":6},{"not_picked":["Rip and Tear","Tempest"],"picked":"Sweeping Beam","floor":7},{"not_picked":["Chaos","Rebound"],"picked":"Barrage","floor":8},{"not_picked":["Go for the Eyes","Leap"],"picked":"FTL","floor":13},{"not_picked":["Beam Cell","Genetic Algorithm"],"picked":"Buffer","floor":14},{"not_picked":["Biased Cognition","Fission"],"picked":"Electrodynamics","floor":16},{"not_picked":["Steam","Doom and Gloom+1"],"picked":"Leap","floor":18},{"not_picked":["Self Repair+1","Reinforced Body"],"picked":"Go for the Eyes+1","floor":20},{"not_picked":["Hello World+1","Barrage"],"picked":"Capacitor","floor":22},{"not_picked":["Ball Lightning","Machine Learning"],"picked":"Coolheaded+1","floor":23},{"not_picked":["Conserve Battery+1","Aggregate+1"],"picked":"Sunder+1","floor":24},{"not_picked":["Storm","Fusion+1"],"picked":"Ball Lightning","floor":25},{"not_picked":["Gash","Coolheaded"],"picked":"Ball Lightning+1","floor":27},{"not_picked":["Multi-Cast","Buffer"],"picked":"Rainbow","floor":33},{"not_picked":["Leap","Streamline"],"picked":"Glacier","floor":35},{"not_picked":["Steam","Consume"],"picked":"Defragment+1","floor":36},{"not_picked":["Melter+1","Amplify"],"picked":"Ball Lightning+1","floor":37},{"not_picked":["Barrage","Reprogram+1"],"picked":"Chill+1","floor":38},{"not_picked":["Cold Snap+1","Loop"],"picked":"Seek","floor":40},{"not_picked":["Reprogram","Steam Power+1","Stack","Force Field"],"picked":"SKIP","floor":42},{"not_picked":["Gash+1","Steam+1","Consume"],"picked":"Conserve Battery+1","floor":45},{"not_picked":["Fusion","Melter+1","Cold Snap"],"picked":"Static Discharge+1","floor":46},{"not_picked":["Conserve Battery+1","Fission","Streamline+1","Ball Lightning"],"picked":"SKIP","floor":48},{"not_picked":["Beam Cell","Buffer","Hologram+1"],"picked":"Defragment+1","floor":54}],"player_experience":169091,"relics_obtained":[{"floor":7,"key":"Thread and Needle"},{"floor":9,"key":"Omamori"},{"floor":13,"key":"Oddly Smooth Stone"},{"floor":23,"key":"Kunai"},{"floor":25,"key":"Bottled Flame"},{"floor":26,"key":"Lantern"},{"floor":27,"key":"Mummified Hand"},{"floor":31,"key":"Nilry\u0027s Codex"},{"floor":37,"key":"FossilizedHelix"},{"floor":40,"key":"Question Card"},{"floor":42,"key":"Old Coin"},{"floor":45,"key":"Peace Pipe"},{"floor":46,"key":"Nunchaku"},{"floor":54,"key":"Happy Flower"}],"event_choices":[{"damage_healed":0,"gold_gain":0,"player_choice":"Grow","damage_taken":0,"max_hp_gain":0,"max_hp_loss":0,"event_name":"Living Wall","floor":3,"gold_loss":0,"cards_upgraded":["Zap"]},{"damage_healed":0,"gold_gain":0,"player_choice":"Take Wound","damage_taken":0,"relics_obtained":["Golden Idol"],"max_hp_gain":0,"max_hp_loss":0,"event_name":"Golden Idol","floor":11,"gold_loss":0,"cards_obtained":["Injury"]},{"damage_healed":0,"gold_gain":75,"player_choice":"Gather Gold","damage_taken":11,"max_hp_gain":0,"max_hp_loss":0,"event_name":"World of Goop","floor":12,"gold_loss":0},{"cards_removed":["Strike_B"],"damage_healed":0,"gold_gain":0,"player_choice":"Gave Gold","damage_taken":0,"max_hp_gain":0,"max_hp_loss":0,"event_name":"Beggar","floor":19,"gold_loss":75},{"damage_healed":0,"gold_gain":0,"player_choice":"Became a Ghost","damage_taken":0,"max_hp_gain":0,"max_hp_loss":41,"event_name":"Ghosts","floor":28,"gold_loss":0,"cards_obtained":["Ghostly","Ghostly","Ghostly","Ghostly","Ghostly"]},{"damage_healed":0,"gold_gain":99,"player_choice":"Stole From Cult","damage_taken":0,"max_hp_gain":0,"max_hp_loss":0,"event_name":"Nest","floor":30,"gold_loss":0},{"damage_healed":0,"gold_gain":0,"player_choice":"Obtained Book","damage_taken":16,"max_hp_gain":0,"max_hp_loss":0,"event_name":"Cursed Tome","floor":31,"gold_loss":0},{"damage_healed":0,"gold_gain":0,"player_choice":"Fight","damage_taken":0,"max_hp_gain":0,"max_hp_loss":0,"event_name":"Mysterious Sphere","floor":37,"gold_loss":0},{"damage_healed":0,"gold_gain":0,"player_choice":"Fight","damage_taken":0,"max_hp_gain":0,"max_hp_loss":0,"event_name":"MindBloom","floor":46,"gold_loss":0}],"is_beta":false,"boss_relics":[{"not_picked":["Lizard Tail","Empty Cage"],"picked":"Philosopher\u0027s Stone"},{"not_picked":["Busted Crown","FrozenCore"],"picked":"Astrolabe"}],"items_purged_floors":[2,21],"is_endless":false,"potions_floor_spawned":[1,4,5,7,8,20,22,27,33,37,38,42,48,54],"ascension_level":3}