{"gold_per_floor":[115,95,106,106,120,150,150,180,234,263,279,293,321,340,340,438,438,451,420,71,97,97,125,144,177,202,232,252,252,279,308,308,405,405,425,441,441,454,209,238,251,104,152,179,194,204,233,233,233,233],"floor_reached":50,"playtime":8562,"items_purged":["Strike_G","Defend_G"],"score":705,"play_id":"c47f7df5-27ce-44c7-870c-c23a93788d3b","local_time":"20190308033924","is_ascension_mode":true,"campfire_choices":[{"floor":7,"key":"REST"},{"data":"Neutralize","floor":15,"key":"SMITH"},{"data":"Noxious Fumes","floor":32,"key":"SMITH"},{"floor":49,"key":"RECALL"}],"neow_cost":"NONE","seed_source_timestamp":853129729427296,"circlet_count":0,"master_deck":["Defend_G","Defend_G","Survivor","Neutralize+1","Dash","PiercingWail","Sucker Punch","Prepared","Dagger Throw","After Image","Noxious Fumes+1","Acrobatics","Deflect+1","Backstab","Backflip","A Thousand Cuts","Dagger Spray","Blur","Well Laid Plans","Bite","Bite","Bite","Bite","Bite","Blur+1","Escape Plan+1","Calculated Gamble","Bouncing Flask","Tools of the Trade","Skewer+1","Crippling Poison+1","Tactician","Well Laid Plans","Cloak And Dagger","Dagger Throw+1","Cloak And Dagger"],"relics":["Ring of the Snake","Pear","PreservedInsect","Regal Pillow","Orichalcum","Coffee Dripper","TwistedFunnel","Oddly Smooth Stone","Bottled Tornado","Omamori","Pen Nib","Tiny Chest","Nilry\u0027s Codex","Boot","Ginger","Empty Cage","Centennial Puzzle","Snake Skull","Ancient Tea Set","War Paint","Bag of Preparation","Lantern"],"potions_floor_usage":[8,16,18,33,44,48,50],"damage_taken":[{"damage":0,"enemies":"Small Slimes","floor":1,"turns":4},{"damage":1,"enemies":"Cultist","floor":3,"turns":5},{"damage":0,"enemies":"Jaw Worm","floor":5,"turns":3},{"damage":14,"enemies":"3 Sentries","floor":6,"turns":13},{"damage":10,"enemies":"Gremlin Nob","floor":8,"turns":4},{"damage":16,"enemies":"3 Sentries","floor":10,"turns":8},{"damage":2,"enemies":"2 Fungi Beasts","floor":11,"turns":4},{"damage":0,"enemies":"3 Louse","floor":12,"turns":6},{"damage":10,"enemies":"Lagavulin","floor":13,"turns":7},{"damage":6,"enemies":"Large Slime","floor":14,"turns":7},{"damage":7,"enemies":"The Guardian","floor":16,"turns":13},{"damage":3,"enemies":"Spheric Guardian","floor":18,"turns":5},{"damage":7,"enemies":"2 Thieves","floor":19,"turns":5},{"damage":8,"enemies":"Slavers","floor":23,"turns":5},{"damage":1,"enemies":"3 Cultists","floor":24,"turns":5},{"damage":1,"enemies":"Gremlin Leader","floor":25,"turns":6},{"damage":5,"enemies":"Snecko","floor":28,"turns":7},{"damage":1,"enemies":"Book of Stabbing","floor":31,"turns":6},{"damage":4,"enemies":"Champ","floor":33,"turns":13},{"damage":0,"enemies":"Orb Walker","floor":35,"turns":5},{"damage":30,"enemies":"3 Shapes","floor":36,"turns":3},{"damage":0,"enemies":"Maw","floor":38,"turns":8},{"damage":34,"enemies":"Nemesis","floor":40,"turns":7},{"damage":10,"enemies":"Writhing Mass","floor":41,"turns":6},{"damage":17,"enemies":"Giant Head","floor":44,"turns":8},{"damage":0,"enemies":"Jaw Worm Horde","floor":45,"turns":3},{"damage":5,"enemies":"Maw","floor":46,"turns":8},{"damage":29,"enemies":"Reptomancer","floor":47,"turns":7},{"damage":0,"enemies":"Transient","floor":48,"turns":1},{"damage":35,"enemies":"Awakened One","floor":50,"turns":15}],"seed_played":"-2465106163566853990","potions_obtained":[{"floor":2,"key":"Block Potion"},{"floor":3,"key":"Fire Potion"},{"floor":5,"key":"Weak Potion"},{"floor":10,"key":"LiquidBronze"},{"floor":14,"key":"PowerPotion"},{"floor":18,"key":"GhostInAJar"},{"floor":23,"key":"FearPotion"},{"floor":35,"key":"FairyPotion"},{"floor":41,"key":"LiquidBronze"},{"floor":46,"key":"Swift Potion"},{"floor":47,"key":"SmokeBomb"}],"is_trial":false,"path_per_floor":["M","?","M","?","M","E","R","E","T","E","M","M","E","M","R","B",null,"M","M","$","T","?","E","M","E","T","?","M","?","T","E","R","B",null,"M","M","?","M","$","E","M","$","T","E","M","M","E","M","R","B"],"character_chosen":"THE_SILENT","items_purchased":["Well Laid Plans","TwistedFunnel","Snake Skull","Tactician","Well Laid Plans"],"campfire_rested":1,"item_purchase_floors":[20,20,39,42,42],"current_hp_per_floor":[70,70,69,62,62,58,80,70,70,54,52,52,42,36,36,29,80,77,70,70,70,56,52,56,56,56,56,52,36,36,41,41,53,56,56,28,28,38,38,16,12,12,12,9,15,22,7,7,7,0],"gold":233,"neow_bonus":"THREE_CARDS","is_prod":false,"is_daily":false,"chose_seed":false,"campfire_upgraded":2,"win_rate":0,"timestamp":1552034364,"path_taken":["M","?","?","?","M","E","R","E","T","E","?","M","E","M","R","BOSS","M","?","$","?","?","E","M","E","T","?","M","?","?","E","R","BOSS","M","M","?","M","$","E","M","$","T","E","M","M","E","M","R","BOSS"],"build_version":"2019-01-23","purchased_purges":2,"victory":false,"max_hp_per_floor":[70,70,70,70,70,80,80,80,80,80,80,80,80,80,80,80,80,80,80,80,80,56,56,56,56,56,56,56,56,56,56,56,56,56,56,56,56,56,56,56,56,56,56,56,56,56,56,56,56,56],"card_choices":[{"not_picked":["Prepared","Sucker Punch"],"picked":"Dash","floor":0},{"not_picked":["Flying Knee","Blade Dance"],"picked":"PiercingWail","floor":1},{"not_picked":["Masterful Stab","Accuracy"],"picked":"Sucker Punch","floor":3},{"not_picked":["Slice","Accuracy"],"picked":"Prepared","floor":5},{"not_picked":["Expertise","Poisoned Stab"],"picked":"Dagger Throw","floor":6},{"not_picked":["Endless Agony","Acrobatics"],"picked":"After Image","floor":8},{"not_picked":["Bane","Masterful Stab"],"picked":"Noxious Fumes","floor":10},{"not_picked":["Sucker Punch","Dodge and Roll"],"picked":"Acrobatics","floor":11},{"not_picked":["Bane","Poisoned Stab"],"picked":"Deflect","floor":12},{"not_picked":["Flechettes","Tools of the Trade"],"picked":"Backstab","floor":13},{"not_picked":["Catalyst","Quick Slash"],"picked":"Backflip","floor":14},{"not_picked":["Night Terror","Wraith Form v2"],"picked":"A Thousand Cuts","floor":16},{"not_picked":["Flying Knee","Prepared"],"picked":"Dagger Spray","floor":18},{"not_picked":["Dagger Spray+1","Deadly Poison"],"picked":"Blur","floor":19},{"not_picked":["Expertise+1","Deadly Poison"],"picked":"Blur","floor":23},{"not_picked":["Dodge and Roll+1","Acrobatics"],"picked":"Escape Plan+1","floor":24},{"not_picked":["Masterful Stab+1","Heel Hook"],"picked":"Calculated Gamble","floor":25},{"not_picked":["Blade Dance","Flying Knee","Dagger Throw"],"picked":"SKIP","floor":28},{"not_picked":["Unload","PiercingWail"],"picked":"Bouncing Flask","floor":31},{"not_picked":["Venomology","Die Die Die"],"picked":"Tools of the Trade","floor":33},{"not_picked":["Flying Knee","Escape Plan"],"picked":"Skewer+1","floor":35},{"not_picked":["Flechettes","Skewer","Dagger Spray"],"picked":"SKIP","floor":36},{"not_picked":["Flechettes+1","Outmaneuver+1","Sucker Punch"],"picked":"SKIP","floor":38},{"not_picked":["Cloak And Dagger","Backflip"],"picked":"Crippling Poison+1","floor":40},{"not_picked":["Skewer","Distraction","Prepared+1"],"picked":"SKIP","floor":41},{"not_picked":["Bane","Slice"],"picked":"Cloak And Dagger","floor":44},{"not_picked":["Sucker Punch+1","Blade Dance+1"],"picked":"Dagger Throw+1","floor":45},{"not_picked":["Sucker Punch+1","All Out Attack"],"picked":"Cloak And Dagger","floor":46},{"not_picked":["Die Die Die","Underhanded Strike+1","Dagger Spray"],"picked":"SKIP","floor":47}],"player_experience":85010,"relics_obtained":[{"floor":6,"key":"Pear"},{"floor":8,"key":"PreservedInsect"},{"floor":10,"key":"Regal Pillow"},{"floor":13,"key":"Orichalcum"},{"floor":21,"key":"Oddly Smooth Stone"},{"floor":23,"key":"Bottled Tornado"},{"floor":25,"key":"Omamori"},{"floor":26,"key":"Pen Nib"},{"floor":29,"key":"Nilry\u0027s Codex"},{"floor":30,"key":"Boot"},{"floor":31,"key":"Ginger"},{"floor":40,"key":"Ancient Tea Set"},{"floor":43,"key":"War Paint"},{"floor":44,"key":"Bag of Preparation"},{"floor":47,"key":"Lantern"}],"event_choices":[{"damage_healed":0,"gold_gain":0,"player_choice":"Bought 1 Potion","damage_taken":0,"max_hp_gain":0,"max_hp_loss":0,"event_name":"The Woman in Blue","floor":2,"gold_loss":0},{"damage_healed":0,"gold_gain":0,"player_choice":"Damaged","damage_taken":7,"max_hp_gain":0,"max_hp_loss":0,"event_name":"Wheel of Change","floor":4,"gold_loss":0},{"damage_healed":0,"gold_gain":0,"player_choice":"Became a vampire","damage_taken":0,"max_hp_gain":0,"max_hp_loss":24,"event_name":"Vampires","floor":22,"gold_loss":0,"cards_obtained":["Bite","Bite","Bite","Bite","Bite"]},{"damage_healed":0,"gold_gain":0,"player_choice":"Opened","damage_taken":0,"relics_obtained":["Tiny Chest"],"max_hp_gain":0,"max_hp_loss":0,"event_name":"The Mausoleum","floor":27,"gold_loss":0,"cards_obtained":["Writhe"]},{"damage_healed":0,"gold_gain":0,"player_choice":"Obtained Book","damage_taken":16,"max_hp_gain":0,"max_hp_loss":0,"event_name":"Cursed Tome","floor":29,"gold_loss":0},{"damage_healed":0,"gold_gain":0,"player_choice":"Gave Potion","damage_taken":0,"relics_obtained":["Centennial Puzzle"],"max_hp_gain":0,"max_hp_loss":0,"event_name":"WeMeetAgain","floor":37,"gold_loss":0}],"is_beta":false,"boss_relics":[{"not_picked":["Ring of the Serpent","Pandora\u0027s Box"],"picked":"Coffee Dripper"},{"not_picked":["Velvet Choker","Orrery"],"picked":"Empty Cage"}],"items_purged_floors":[20,39],"is_endless":false,"potions_floor_spawned":[3,5,6,10,13,14,18,23,25,35,41,46,47,48],"killed_by":"Awakened One","ascension_level":1}