{"gold_per_floor":[113,113,132,56,56,56,73,87,114,114,127,137,149,167,167,263,263,246,246,246,3,17,17,29,60,86,86,86,100,199,3,3,108,108,118,118,133,143,156,183,163,163,233,249,31,49,49,62,62,62],"floor_reached":51,"playtime":2511,"items_purged":["Catalyst","Parasite"],"score":975,"play_id":"94058f18-2f30-4bd8-8a38-84f52521e970","local_time":"20190911152933","is_ascension_mode":true,"campfire_choices":[{"floor":6.0,"key":"REST"},{"data":"Neutralize","floor":10.0,"key":"SMITH"},{"floor":15.0,"key":"REST"},{"floor":23.0,"key":"REST"},{"floor":27.0,"key":"REST"},{"data":"Noxious Fumes","floor":32.0,"key":"SMITH"},{"data":"Footwork","floor":42.0,"key":"SMITH"},{"floor":49,"key":"REST"}],"neow_cost":"NONE","seed_source_timestamp":0,"circlet_count":0,"master_deck":["Strike_G+1","Strike_G+1","Strike_G+1","Strike_G+1","Strike_G+1","Defend_G+1","Defend_G+1","Defend_G+1","Defend_G+1","Defend_G+1","Survivor","Neutralize+1","Backstab","Caltrops","Backflip","Adrenaline","Adrenaline","Noxious Fumes+1","Footwork+1","Panacea","Crippling Poison","Blur+1","Cloak And Dagger+1","Backflip+1","Infinite Blades","Madness+1","After Image","PiercingWail+1","Good Instincts+1","Caltrops","Blade Dance+1","Clumsy","PiercingWail+1","Footwork+1","Adrenaline+1"],"special_seed":0,"relics":["Ring of the Snake","Snake Skull","Vajra","Art of War","WristBlade","Blue Candle","Pen Nib","Toxic Egg 2","Cursed Key","Strawberry","Question Card"],"potions_floor_usage":[50,50],"damage_taken":[{"damage":4.0,"enemies":"Small Slimes","floor":1.0,"turns":4.0},{"damage":0.0,"enemies":"2 Louse","floor":3.0,"turns":3.0},{"damage":0.0,"enemies":"Cultist","floor":7.0,"turns":4.0},{"damage":2.0,"enemies":"3 Louse","floor":8.0,"turns":3.0},{"damage":0.0,"enemies":"Red Slaver","floor":11.0,"turns":4.0},{"damage":7.0,"enemies":"Large Slime","floor":12.0,"turns":8.0},{"damage":1.0,"enemies":"Blue Slaver","floor":13.0,"turns":3.0},{"damage":14.0,"enemies":"3 Louse","floor":14.0,"turns":3.0},{"damage":36.0,"enemies":"Hexaghost","floor":16.0,"turns":14.0},{"damage":4.0,"enemies":"2 Thieves","floor":18.0,"turns":4.0},{"damage":0.0,"enemies":"Shell Parasite","floor":22.0,"turns":5.0},{"damage":5.0,"enemies":"Centurion and Healer","floor":24.0,"turns":8.0},{"damage":10.0,"enemies":"Book of Stabbing","floor":25.0,"turns":7.0},{"damage":4.0,"enemies":"Snake Plant","floor":29.0,"turns":5.0},{"damage":35.0,"enemies":"Collector","floor":33.0,"turns":8.0},{"damage":11.0,"enemies":"3 Darklings","floor":35.0,"turns":4.0},{"damage":0.0,"enemies":"Orb Walker","floor":37.0,"turns":4.0},{"damage":0.0,"enemies":"Spire Growth","floor":38.0,"turns":6.0},{"damage":0.0,"enemies":"Maw","floor":39.0,"turns":7.0},{"damage":5.0,"enemies":"Nemesis","floor":40.0,"turns":7.0},{"damage":18.0,"enemies":"Writhing Mass","floor":44.0,"turns":6.0},{"damage":2,"enemies":"4 Shapes","floor":46,"turns":6},{"damage":14,"enemies":"Spire Growth","floor":48,"turns":6},{"damage":3,"enemies":"Donu and Deca","floor":50,"turns":11}],"seed_played":"2294336144799205249","potions_obtained":[{"floor":3.0,"key":"Energy Potion"},{"floor":7.0,"key":"FearPotion"},{"floor":8.0,"key":"Weak Potion"},{"floor":13.0,"key":"Strength Potion"},{"floor":18.0,"key":"Ancient Potion"},{"floor":25.0,"key":"GamblersBrew"},{"floor":35.0,"key":"GhostInAJar"},{"floor":37.0,"key":"Swift Potion"},{"floor":41.0,"key":"AttackPotion"}],"is_trial":false,"path_per_floor":["M","?","M","$","?","R","M","M","T","R","M","M","M","M","R","B",null,"M","?","?","$","M","R","M","E","T","R","?","M","?","$","R","B",null,"M","?","M","M","M","E","?","R","T","M","$","M","?","M","R","B",null],"character_chosen":"THE_SILENT","items_purchased":["Caltrops","Footwork","Panacea","Backflip+1","Infinite Blades","Madness+1","Footwork","Dexterity Potion"],"campfire_rested":5,"item_purchase_floors":[4,21,21,31,31,31,45,45],"current_hp_per_floor":[59,41,41,41,27,48,48,46,46,46,46,39,38,24,45,9,55,51,38,38,38,38,60,55,45,45,67,67,63,63,63,63,28,63,52,52,52,52,52,54,54,54,54,36,36,34,34,20,43,40],"gold":62,"neow_bonus":"RANDOM_COMMON_RELIC","is_prod":false,"is_daily":false,"chose_seed":false,"campfire_upgraded":3,"win_rate":0,"timestamp":1568230173,"path_taken":["M","?","M","$","?","R","M","M","T","R","M","M","M","M","R","BOSS","M","?","?","$","M","R","M","E","T","R","?","M","?","$","R","BOSS","M","?","M","M","M","E","?","R","T","?","$","M","?","?","R","BOSS"],"build_version":"2019-07-17","purchased_purges":2,"victory":true,"max_hp_per_floor":[70,70,70,70,70,70,70,70,70,70,70,70,70,70,70,70,70,70,75,75,75,75,75,75,75,75,75,75,75,75,75,75,75,75,75,75,75,75,75,82,82,82,82,82,79,79,79,79,79,79],"card_choices":[{"not_picked":["Dagger Spray","Expertise"],"picked":"Backstab","floor":1.0},{"not_picked":["Setup","Flying Knee","Accuracy"],"picked":"SKIP","floor":3.0},{"not_picked":["Quick Slash","Dagger Throw"],"picked":"Catalyst","floor":7.0},{"not_picked":["Acrobatics","Prepared"],"picked":"Backflip","floor":8.0},{"not_picked":["Flying Knee","Acrobatics","Underhanded Strike"],"picked":"SKIP","floor":11.0},{"not_picked":["Tactician","Sucker Punch","Blade Dance"],"picked":"SKIP","floor":12.0},{"not_picked":["Deflect","Choke","Bane"],"picked":"SKIP","floor":13.0},{"not_picked":["Dagger Spray","Flying Knee"],"picked":"Adrenaline","floor":14.0},{"not_picked":["Night Terror","Phantasmal Killer"],"picked":"Adrenaline","floor":16.0},{"not_picked":["Setup","Concentrate+1"],"picked":"Noxious Fumes","floor":18.0},{"not_picked":["Prepared","Underhanded Strike","Masterful Stab"],"picked":"SKIP","floor":22.0},{"not_picked":["Backflip","Acrobatics+1"],"picked":"Crippling Poison","floor":24.0},{"not_picked":["Well Laid Plans","Deflect"],"picked":"Blur+1","floor":25.0},{"not_picked":["Dagger Spray","Bane"],"picked":"Cloak And Dagger+1","floor":29.0},{"not_picked":["Malaise+1","Corpse Explosion+1"],"picked":"After Image","floor":33.0},{"not_picked":["Quick Slash","Flechettes+1"],"picked":"PiercingWail+1","floor":35.0},{"not_picked":["Mind Blast","PanicButton+1"],"picked":"Good Instincts+1","floor":36.0},{"not_picked":["Dagger Spray","Backstab"],"picked":"Caltrops","floor":37.0},{"not_picked":["Flying Knee","Dagger Spray","Flechettes"],"picked":"SKIP","floor":38.0},{"not_picked":["Poisoned Stab+1","Dagger Throw+1"],"picked":"Blade Dance+1","floor":39.0},{"not_picked":["Dagger Spray+1","Outmaneuver+1","Sucker Punch"],"picked":"SKIP","floor":40.0},{"not_picked":["Underhanded Strike+1","Skewer+1","Deadly Poison+1"],"picked":"PiercingWail+1","floor":44.0},{"not_picked":["Slice+1","Acrobatics+1","Dagger Spray+1","Quick Slash+1"],"picked":"SKIP","floor":46},{"not_picked":["Choke","Skewer","Poisoned Stab"],"picked":"Adrenaline+1","floor":48}],"player_experience":245609,"relics_obtained":[{"floor":9.0,"key":"Art of War"},{"floor":25.0,"key":"Blue Candle"},{"floor":26.0,"key":"Pen Nib"},{"floor":40.0,"key":"Strawberry"},{"floor":43.0,"key":"Question Card"}],"event_choices":[{"damage_healed":0.0,"max_hp_gain":0.0,"max_hp_loss":0.0,"gold_gain":0.0,"event_name":"Scrap Ooze","player_choice":"Success","floor":2.0,"gold_loss":0.0,"damage_taken":18.0,"relics_obtained":["Vajra"]},{"damage_healed":0.0,"max_hp_gain":0.0,"max_hp_loss":0.0,"gold_gain":0.0,"event_name":"Shining Light","player_choice":"Entered Light","floor":5.0,"gold_loss":0.0,"damage_taken":14.0,"cards_upgraded":["Defend_G","Defend_G"]},{"damage_healed":0.0,"max_hp_gain":5.0,"max_hp_loss":0.0,"gold_gain":0.0,"event_name":"Forgotten Altar","player_choice":"Shed Blood","floor":19.0,"gold_loss":0.0,"damage_taken":18.0},{"damage_healed":0.0,"max_hp_gain":0.0,"max_hp_loss":0.0,"gold_gain":0.0,"event_name":"Back to Basics","player_choice":"Simplicity","floor":20.0,"gold_loss":0.0,"damage_taken":0.0,"cards_upgraded":["Strike_G","Strike_G","Strike_G","Strike_G","Strike_G","Defend_G","Defend_G","Defend_G"]},{"damage_healed":0.0,"max_hp_gain":0.0,"max_hp_loss":0.0,"gold_gain":0.0,"event_name":"The Mausoleum","player_choice":"Opened","floor":28.0,"gold_loss":0.0,"damage_taken":0.0,"relics_obtained":["Toxic Egg 2"]},{"damage_healed":0.0,"max_hp_gain":0.0,"max_hp_loss":0.0,"gold_gain":99.0,"event_name":"Nest","player_choice":"Stole From Cult","floor":30.0,"gold_loss":0.0,"damage_taken":0.0},{"damage_healed":0.0,"max_hp_gain":0.0,"max_hp_loss":0.0,"gold_gain":0.0,"event_name":"SensoryStone","player_choice":"Memory 1","floor":36.0,"gold_loss":0.0,"damage_taken":0.0},{"damage_healed":0.0,"max_hp_gain":0.0,"max_hp_loss":0.0,"gold_gain":0.0,"event_name":"The Woman in Blue","player_choice":"Bought 1 Potion","floor":41.0,"gold_loss":0.0,"damage_taken":0.0},{"damage_healed":0,"gold_gain":0,"player_choice":"Upgraded","damage_taken":0,"max_hp_gain":0,"max_hp_loss":0,"event_name":"Upgrade Shrine","floor":47,"gold_loss":0,"cards_upgraded":["Footwork"]}],"is_beta":false,"boss_relics":[{"not_picked":["Runic Dome","Empty Cage"],"picked":"WristBlade"},{"not_picked":["Lizard Tail","Astrolabe"],"picked":"Cursed Key"}],"items_purged_floors":[21,45],"is_endless":false,"potions_floor_spawned":[3,7,8,13,18,25,35,37,48],"ascension_level":8}