{"gold_per_floor":[115,127,137,137,150,150,194,41,67,67],"floor_reached":10,"playtime":636,"items_purged":["Strike_B"],"score":78,"play_id":"5bb29980-9aa3-4105-a64e-503c9e5e2f62","local_time":"20190318002022","is_ascension_mode":true,"campfire_choices":[{"data":"Zap","floor":6,"key":"SMITH"}],"neow_cost":"NONE","seed_source_timestamp":237257517047707,"circlet_count":0,"master_deck":["Strike_B","Strike_B","Strike_B","Defend_B","Defend_B","Defend_B","Defend_B","Zap+1","Dualcast","Compile Driver","Ball Lightning","Injury","Recycle","Leap","Self Repair"],"relics":["Cracked Core","Golden Idol","Vajra","Dream Catcher"],"potions_floor_usage":[10],"damage_taken":[{"damage":13,"enemies":"Small Slimes","floor":1,"turns":3},{"damage":5,"enemies":"2 Louse","floor":2,"turns":2},{"damage":4,"enemies":"Jaw Worm","floor":3,"turns":3},{"damage":9,"enemies":"3 Louse","floor":5,"turns":3},{"damage":35,"enemies":"3 Sentries","floor":7,"turns":6},{"damage":42,"enemies":"Gremlin Nob","floor":10,"turns":4}],"seed_played":"4761042330217615420","potions_obtained":[{"floor":5,"key":"GamblersBrew"}],"is_trial":false,"path_per_floor":["M","M","M","?","M","R","E","$","T","E"],"character_chosen":"DEFECT","items_purchased":["Self Repair"],"campfire_rested":0,"item_purchase_floors":[8],"current_hp_per_floor":[69,64,60,60,51,51,16,16,16,0],"gold":67,"neow_bonus":"TEN_PERCENT_HP_BONUS","is_prod":false,"is_daily":false,"chose_seed":false,"campfire_upgraded":1,"win_rate":0,"timestamp":1552882822,"path_taken":["M","M","M","?","M","R","E","$","T","E"],"build_version":"2019-01-23","purchased_purges":1,"victory":false,"max_hp_per_floor":[82,82,82,82,82,82,82,82,82,82],"card_choices":[{"not_picked":["Hologram","Stack"],"picked":"Compile Driver","floor":1},{"not_picked":["Barrage","Force Field"],"picked":"Ball Lightning","floor":2},{"not_picked":["Gash","Turbo","Heatsinks"],"picked":"SKIP","floor":3},{"not_picked":["Compile Driver","Lockon"],"picked":"Recycle","floor":5},{"not_picked":["Rebound","Auto Shields"],"picked":"Leap","floor":7}],"player_experience":149445,"relics_obtained":[{"floor":7,"key":"Vajra"},{"floor":9,"key":"Dream Catcher"}],"event_choices":[{"damage_healed":0,"gold_gain":0,"player_choice":"Take Wound","damage_taken":0,"relics_obtained":["Golden Idol"],"max_hp_gain":0,"max_hp_loss":0,"event_name":"Golden Idol","floor":4,"gold_loss":0,"cards_obtained":["Injury"]}],"is_beta":false,"boss_relics":[],"items_purged_floors":[8],"is_endless":false,"potions_floor_spawned":[5],"killed_by":"Gremlin Nob","ascension_level":3}