{"gold_per_floor":[109,124,138,238,258,288,288,5,51,84,84,99,115,141,141,236,236,252,252,262,262,344,379,379,294,317,345,345,363,363,381,381,486,486,504,206,219,231,231,231,266,266,266,113,113,129,159,173,173,173,173,173,77,108,108],"floor_reached":55,"playtime":4098,"items_purged":["Strike_B","Dualcast"],"score":1168,"play_id":"c823d3ac-f27b-4a59-9cd2-8ff99e7f5a1d","local_time":"20190906034845","is_ascension_mode":true,"campfire_choices":[{"data":"Zap","floor":7,"key":"SMITH"},{"floor":11,"key":"REST"},{"data":"Defragment","floor":15,"key":"SMITH"},{"data":"Echo Form","floor":28,"key":"SMITH"},{"data":"Ghostly","floor":32,"key":"SMITH"},{"floor":40,"key":"RECALL"},{"data":"Ghostly","floor":42,"key":"SMITH"},{"data":"Go for the Eyes","floor":45,"key":"SMITH"},{"floor":49,"key":"DIG"},{"floor":52,"key":"DIG"}],"neow_cost":"NONE","seed_source_timestamp":220285815105000,"circlet_count":0,"master_deck":["Defend_B","Defend_B","Defend_B","Zap+1","Go for the Eyes+1","Conserve Battery","Coolheaded","Echo Form+1","Loop","Defragment+1","Machine Learning","Barrage+1","Ghostly+1","Ghostly","Ghostly","Ghostly+1","Ghostly","Compile Driver+1","Bite+1","Bite+1","Bite+1","Bite+1","Bite+1","Echo Form+1","Cold Snap+1","Creative AI","Loop","Genetic Algorithm+1","Consume"],"relics":["Cracked Core","PreservedInsect","Singing Bowl","Runic Capacitor","Juzu Bracelet","Centennial Puzzle","Molten Egg 2","Nuclear Battery","Nilry\u0027s Codex","The Courier","Whetstone","Mummified Hand","Oddly Smooth Stone","Letter Opener","Snecko Eye","Ornamental Fan","Pear","ClockworkSouvenir","Shovel","Mercury Hourglass","Gremlin Horn","Happy Flower"],"potions_floor_usage":[48,54,55,55,55],"damage_taken":[{"damage":2,"enemies":"Jaw Worm","floor":1,"turns":3},{"damage":6,"enemies":"Cultist","floor":2,"turns":3},{"damage":0,"enemies":"2 Louse","floor":3,"turns":1},{"damage":11,"enemies":"Exordium Wildlife","floor":5,"turns":3},{"damage":16,"enemies":"Lagavulin","floor":6,"turns":8},{"damage":25,"enemies":"3 Sentries","floor":10,"turns":6},{"damage":5,"enemies":"Red Slaver","floor":12,"turns":4},{"damage":0,"enemies":"Large Slime","floor":13,"turns":5},{"damage":1,"enemies":"Lagavulin","floor":14,"turns":8},{"damage":23,"enemies":"The Guardian","floor":16,"turns":8},{"damage":9,"enemies":"Shell Parasite","floor":18,"turns":6},{"damage":8,"enemies":"Chosen","floor":20,"turns":5},{"damage":5,"enemies":"Slavers","floor":23,"turns":5},{"damage":0,"enemies":"Book of Stabbing","floor":27,"turns":5},{"damage":0,"enemies":"Sentry and Sphere","floor":29,"turns":4},{"damage":0,"enemies":"Snecko","floor":31,"turns":5},{"damage":0,"enemies":"Collector","floor":33,"turns":8},{"damage":0,"enemies":"3 Darklings","floor":35,"turns":5},{"damage":0,"enemies":"Orb Walker","floor":37,"turns":3},{"damage":0,"enemies":"Writhing Mass","floor":38,"turns":6},{"damage":0,"enemies":"Giant Head","floor":41,"turns":5},{"damage":0,"enemies":"Sphere and 2 Shapes","floor":46,"turns":4},{"damage":0,"enemies":"Nemesis","floor":47,"turns":5},{"damage":0,"enemies":"Maw","floor":48,"turns":6},{"damage":24,"enemies":"Awakened One","floor":50,"turns":12},{"damage":31,"enemies":"Shield and Spear","floor":54,"turns":5},{"damage":60,"enemies":"The Heart","floor":55,"turns":8}],"seed_played":"-4828092041677207324","potions_obtained":[{"floor":1,"key":"SpeedPotion"},{"floor":2,"key":"Ancient Potion"},{"floor":12,"key":"Strength Potion"},{"floor":54,"key":"Block Potion"}],"is_trial":false,"path_per_floor":["M","M","M","?","M","E","R","$","T","E","R","M","M","E","R","B",null,"M","?","M","?","T","E","?","?","T","E","R","M","?","M","R","B",null,"M","$","M","M","?","R","E","R","T","$","R","M","E","M","R","B",null,"R","$","E","B"],"character_chosen":"DEFECT","items_purchased":["Runic Capacitor","Loop","Ornamental Fan","ClockworkSouvenir","Consume","PowerPotion"],"campfire_rested":1,"item_purchase_floors":[8,36,36,44,53,53],"current_hp_per_floor":[66,60,60,60,49,35,35,35,35,10,33,30,32,31,31,8,63,54,38,32,32,32,27,27,27,27,30,30,32,32,32,32,32,32,34,34,34,36,36,36,48,48,48,48,48,50,52,54,54,54,54,54,54,31,0],"gold":108,"neow_bonus":"RANDOM_COMMON_RELIC","is_prod":false,"is_daily":false,"chose_seed":false,"campfire_upgraded":6,"win_rate":0,"timestamp":1567756125,"path_taken":["M","M","M","?","M","E","R","$","T","E","R","M","M","E","R","BOSS","M","?","M","?","?","E","?","?","T","E","R","M","?","M","R","BOSS","M","$","M","M","?","R","E","R","T","$","R","M","E","M","R","BOSS","R","$","E","BOSS"],"build_version":"2019-07-17","purchased_purges":2,"victory":false,"max_hp_per_floor":[75,75,75,75,75,77,77,77,77,77,77,79,81,81,81,81,81,81,81,83,41,41,41,28,28,28,30,30,32,32,32,32,32,32,34,34,34,36,36,36,48,48,48,48,48,50,52,54,54,54,54,54,54,56,56],"card_choices":[{"not_picked":["Tempest","Reprogram"],"picked":"Go for the Eyes","floor":1},{"not_picked":["Streamline","BootSequence"],"picked":"Conserve Battery","floor":2},{"not_picked":["Leap","Barrage"],"picked":"Coolheaded","floor":3},{"not_picked":["Gash","Turbo"],"picked":"Echo Form","floor":5},{"not_picked":["Chaos","Stack","White Noise"],"picked":"Singing Bowl","floor":6},{"not_picked":["Fusion","Compile Driver"],"picked":"Loop","floor":10},{"not_picked":["Leap","Force Field","White Noise"],"picked":"Singing Bowl","floor":12},{"not_picked":["Streamline","Rebound","Go for the Eyes"],"picked":"Singing Bowl","floor":13},{"not_picked":["Compile Driver","Buffer"],"picked":"Defragment","floor":14},{"not_picked":["Multi-Cast","Meteor Strike+1"],"picked":"Machine Learning","floor":16},{"not_picked":["Stack+1","Auto Shields"],"picked":"Barrage+1","floor":18},{"not_picked":["Redo","Force Field","Rip and Tear+1"],"picked":"Singing Bowl","floor":20},{"not_picked":["Ball Lightning+1","Storm+1"],"picked":"Compile Driver+1","floor":23},{"not_picked":["Go for the Eyes+1","Sunder+1","Gash+1"],"picked":"Singing Bowl","floor":27},{"not_picked":["Stack+1","Sweeping Beam+1","Leap"],"picked":"Singing Bowl","floor":29},{"not_picked":["Auto Shields","Echo Form"],"picked":"Cold Snap+1","floor":31},{"not_picked":["Amplify","Thunder Strike+1"],"picked":"Creative AI","floor":33},{"not_picked":["Stack+1","Steam+1","Rebound+1"],"picked":"Singing Bowl","floor":35},{"not_picked":["Self Repair","Turbo+1"],"picked":"Genetic Algorithm+1","floor":37},{"not_picked":["Scrape+1","Stack+1","Self Repair+1"],"picked":"Singing Bowl","floor":38},{"not_picked":["Melter+1","Leap+1","Scrape+1"],"picked":"Singing Bowl","floor":41},{"not_picked":["Barrage+1","Go for the Eyes+1","Cold Snap+1"],"picked":"Singing Bowl","floor":46},{"not_picked":["Ball Lightning+1","Auto Shields","Consume"],"picked":"Singing Bowl","floor":47},{"not_picked":["Gash+1","Sweeping Beam+1","Conserve Battery+1"],"picked":"Singing Bowl","floor":48},{"not_picked":["Conserve Battery","Lockon+1","Undo"],"picked":"Singing Bowl","floor":54}],"player_experience":387284,"relics_obtained":[{"floor":6,"key":"Singing Bowl"},{"floor":9,"key":"Juzu Bracelet"},{"floor":10,"key":"Centennial Puzzle"},{"floor":14,"key":"Molten Egg 2"},{"floor":19,"key":"Nilry\u0027s Codex"},{"floor":22,"key":"The Courier"},{"floor":23,"key":"Whetstone"},{"floor":26,"key":"Oddly Smooth Stone"},{"floor":27,"key":"Letter Opener"},{"floor":41,"key":"Pear"},{"floor":47,"key":"Shovel"},{"floor":49,"key":"Mercury Hourglass"},{"floor":52,"key":"Gremlin Horn"},{"floor":54,"key":"Happy Flower"}],"event_choices":[{"damage_healed":0,"gold_gain":100,"player_choice":"Pray","damage_taken":0,"max_hp_gain":0,"max_hp_loss":0,"event_name":"Golden Shrine","floor":4,"gold_loss":0},{"damage_healed":0,"gold_gain":0,"player_choice":"Obtained Book","damage_taken":16,"max_hp_gain":0,"max_hp_loss":0,"event_name":"Cursed Tome","floor":19,"gold_loss":0},{"damage_healed":0,"gold_gain":0,"player_choice":"Became a Ghost","damage_taken":0,"max_hp_gain":0,"max_hp_loss":42,"event_name":"Ghosts","floor":21,"gold_loss":0,"cards_obtained":["Ghostly","Ghostly","Ghostly","Ghostly","Ghostly"]},{"damage_healed":0,"gold_gain":0,"player_choice":"Became a vampire","damage_taken":0,"max_hp_gain":0,"max_hp_loss":13,"event_name":"Vampires","floor":24,"gold_loss":0,"cards_obtained":["Bite","Bite","Bite","Bite","Bite"]},{"damage_healed":0,"gold_gain":0,"player_choice":"Obtained Relic","damage_taken":0,"relics_obtained":["Mummified Hand"],"max_hp_gain":0,"max_hp_loss":0,"event_name":"Addict","floor":25,"gold_loss":85},{"damage_healed":0,"gold_gain":0,"player_choice":"Copied","damage_taken":0,"max_hp_gain":0,"max_hp_loss":0,"event_name":"Duplicator","floor":30,"gold_loss":0,"cards_obtained":["Echo Form"]},{"cards_removed":["Defend_B"],"damage_healed":0,"gold_gain":0,"player_choice":"Purged","damage_taken":0,"max_hp_gain":0,"max_hp_loss":0,"event_name":"Purifier","floor":39,"gold_loss":0}],"is_beta":false,"boss_relics":[{"not_picked":["Busted Crown","Tiny House"],"picked":"Nuclear Battery"},{"not_picked":["White Beast Statue","Orrery"],"picked":"Snecko Eye"}],"items_purged_floors":[8,36],"is_endless":false,"potions_floor_spawned":[1,2,12,16,18,23,27,29,37,38,46,47,54],"killed_by":"The Heart","ascension_level":6}