{"gold_per_floor":[14,14,14,26,37,37,70,90,90,106,130,130,147,149,149,157],"floor_reached":16,"playtime":1215,"items_purged":[],"score":130,"play_id":"02c1c3cc-e797-4237-a6c4-9120961eaa32","local_time":"20190502230634","is_ascension_mode":true,"campfire_choices":[{"data":"Bash","floor":6,"key":"SMITH"},{"data":"Juggernaut","floor":12,"key":"SMITH"}],"neow_cost":"NO_GOLD","seed_source_timestamp":1299563700084668,"circlet_count":0,"master_deck":["Strike_R","Strike_R+1","Strike_R","Strike_R","Defend_R","Defend_R","Defend_R","Defend_R","Bash+1","Battle Trance+1","Shrug It Off","Pommel Strike","Impervious","Pommel Strike","Juggernaut+1","True Grit+1"],"relics":["Burning Blood","Pocketwatch","Self Forming Clay","infinitespire:Midas Blood"],"potions_floor_usage":[],"damage_taken":[{"damage":6,"enemies":"Cultist","floor":1,"turns":3},{"damage":12,"enemies":"Small Slimes","floor":4,"turns":3},{"damage":0,"enemies":"2 Louse","floor":5,"turns":3},{"damage":35,"enemies":"3 Sentries","floor":7,"turns":9},{"damage":7,"enemies":"2 Fungi Beasts","floor":8,"turns":3},{"damage":0,"enemies":"Exordium Wildlife","floor":10,"turns":5},{"damage":14,"enemies":"3 Louse","floor":11,"turns":3},{"damage":6,"enemies":"2 Fungi Beasts","floor":13,"turns":4},{"damage":35,"enemies":"Slime Boss","floor":16,"turns":8}],"seed_played":"-3654635722649967293","potions_obtained":[{"floor":4,"key":"Swift Potion"}],"is_trial":false,"path_per_floor":["M","?","?","M","M","R","E","M","T","M","M","R","M","?","R","B"],"character_chosen":"IRONCLAD","items_purchased":[],"campfire_rested":0,"item_purchase_floors":[],"current_hp_per_floor":[80,73,73,67,73,73,44,43,43,49,41,41,41,25,25,0],"gold":157,"neow_bonus":"ONE_RARE_RELIC","is_prod":false,"is_daily":false,"chose_seed":false,"campfire_upgraded":2,"win_rate":0,"timestamp":1556852794,"path_taken":["M","?","?","M","M","R","E","M","T","M","M","R","M","?","R","BOSS"],"build_version":"2019-01-23","purchased_purges":0,"victory":false,"max_hp_per_floor":[80,80,80,80,80,80,80,80,80,80,80,80,80,80,80,80],"card_choices":[{"not_picked":["Body Slam","Heavy Blade"],"picked":"Battle Trance","floor":1},{"not_picked":["Replay:Undeath\u0027s Touch","Warcry"],"picked":"Shrug It Off","floor":4},{"not_picked":["Entrench","Corruption"],"picked":"Pommel Strike","floor":5},{"not_picked":["Flex","Headbutt"],"picked":"Impervious","floor":7},{"not_picked":["Pommel Strike","Warcry","Massacre"],"picked":"SKIP","floor":8},{"not_picked":["Second Wind","Body Slam"],"picked":"Pommel Strike","floor":10},{"not_picked":["Wild Strike","Heavy Blade"],"picked":"Juggernaut","floor":11},{"not_picked":["Infernal Blade","Headbutt"],"picked":"True Grit","floor":13}],"player_experience":268885,"relics_obtained":[{"floor":7,"key":"Self Forming Clay"},{"floor":9,"key":"infinitespire:Midas Blood"}],"event_choices":[{"cards_removed":["Strike_R"],"damage_healed":0,"gold_gain":0,"player_choice":"Card Removal","damage_taken":7,"max_hp_gain":0,"max_hp_loss":0,"event_name":"Golden Wing","floor":2,"gold_loss":0},{"damage_healed":0,"gold_gain":0,"player_choice":"Leave","damage_taken":0,"max_hp_gain":0,"max_hp_loss":0,"event_name":"The Cleric","floor":3,"gold_loss":0},{"damage_healed":0,"gold_gain":0,"player_choice":"Entered Light","damage_taken":16,"max_hp_gain":0,"max_hp_loss":0,"event_name":"Shining Light","floor":14,"gold_loss":0,"cards_upgraded":["Strike_R","Battle Trance"]},{"damage_healed":0,"gold_gain":0,"player_choice":"Grow","damage_taken":0,"max_hp_gain":0,"max_hp_loss":0,"event_name":"Living Wall","floor":15,"gold_loss":0,"cards_upgraded":["True Grit"]}],"is_beta":false,"boss_relics":[],"items_purged_floors":[],"is_endless":false,"potions_floor_spawned":[4],"killed_by":"Slime Boss","ascension_level":5}