{"gold_per_floor":[110,110,126,144,25,60,78,111,134,134,146,146,96,113,113,218,218,232,232],"floor_reached":19,"playtime":3460,"items_purged":[],"score":179,"play_id":"62391538-a8b3-474f-9506-5342625dc432","local_time":"20190303224140","is_ascension_mode":false,"campfire_choices":[{"floor":10,"key":"REST"},{"data":"Infernal Blade","floor":15,"key":"SMITH"}],"neow_cost":"NONE","seed_source_timestamp":494766981296736,"circlet_count":0,"master_deck":["Strike_R","Strike_R","Strike_R","Strike_R","Defend_R","Defend_R+1","Bash","Trip+1","Headbutt","Armaments+1","Infernal Blade+1","Fire Breathing","Flame Barrier","Metallicize","Thunderclap","Entrench","Second Wind","Feel No Pain","Juggernaut","Dropkick+1","Flex+1","Sever Soul+1","Dropkick+1"],"relics":["Burning Blood","Oddly Smooth Stone","PreservedInsect","War Paint","Astrolabe"],"potions_floor_usage":[6,8,16,19,19],"damage_taken":[{"damage":14,"enemies":"2 Louse","floor":1,"turns":3},{"damage":6,"enemies":"Cultist","floor":3,"turns":3},{"damage":7,"enemies":"Small Slimes","floor":4,"turns":3},{"damage":41,"enemies":"Gremlin Nob","floor":6,"turns":6},{"damage":10,"enemies":"2 Fungi Beasts","floor":7,"turns":3},{"damage":18,"enemies":"3 Sentries","floor":8,"turns":7},{"damage":5,"enemies":"3 Louse","floor":11,"turns":3},{"damage":7,"enemies":"Looter","floor":14,"turns":4},{"damage":39,"enemies":"Hexaghost","floor":16,"turns":14},{"damage":35,"enemies":"Spheric Guardian","floor":18,"turns":6},{"damage":42,"enemies":"Colosseum Slavers","floor":19,"turns":5},{"damage":20,"enemies":"Colosseum Nobs","floor":19,"turns":3}],"seed_played":"-5789142243908024869","potions_obtained":[{"floor":3,"key":"Weak Potion"},{"floor":6,"key":"SpeedPotion"},{"floor":7,"key":"Explosive Potion"},{"floor":8,"key":"Energy Potion"},{"floor":11,"key":"BloodPotion"},{"floor":16,"key":"Block Potion"}],"is_trial":false,"path_per_floor":["M","?","M","M","$","E","M","E","T","R","M","?","?","M","R","B",null,"M","?"],"character_chosen":"IRONCLAD","items_purchased":["Fire Breathing","Flame Barrier"],"campfire_rested":1,"item_purchase_floors":[5,5],"current_hp_per_floor":[72,72,72,71,71,36,32,20,20,44,45,65,65,64,64,38,77,48,0],"gold":232,"neow_bonus":"RANDOM_COLORLESS","is_prod":false,"is_daily":false,"chose_seed":false,"campfire_upgraded":1,"win_rate":0.0,"timestamp":1551670900,"path_taken":["M","?","M","M","$","E","?","E","T","R","M","?","?","M","R","BOSS","M","?"],"build_version":"2019-01-23","purchased_purges":0,"victory":false,"max_hp_per_floor":[80,80,80,80,80,80,80,80,80,80,80,80,77,77,77,77,77,77,77],"card_choices":[{"not_picked":["Burning Pact","Sever Soul"],"picked":"Headbutt","floor":1},{"not_picked":["Burning Pact","Dual Wield"],"picked":"Armaments","floor":3},{"not_picked":["Body Slam","Battle Trance"],"picked":"Infernal Blade","floor":4},{"not_picked":["True Grit","Pommel Strike"],"picked":"Metallicize","floor":6},{"not_picked":["Spot Weakness","Dark Embrace"],"picked":"Thunderclap","floor":7},{"not_picked":["Sword Boomerang","Fire Breathing"],"picked":"Entrench","floor":8},{"not_picked":["Flex","Clash"],"picked":"Second Wind","floor":11},{"not_picked":["Rupture","Sword Boomerang"],"picked":"Feel No Pain","floor":14},{"not_picked":["Berserk","Dark Embrace"],"picked":"Juggernaut","floor":16},{"not_picked":["Pommel Strike","Fire Breathing"],"picked":"Dropkick+1","floor":18}],"player_experience":21313,"relics_obtained":[{"floor":6,"key":"Oddly Smooth Stone"},{"floor":8,"key":"PreservedInsect"},{"floor":9,"key":"War Paint"}],"event_choices":[{"damage_healed":0,"gold_gain":0,"player_choice":"Forge","damage_taken":0,"max_hp_gain":0,"max_hp_loss":0,"event_name":"Accursed Blacksmith","floor":2,"gold_loss":0,"cards_upgraded":["Trip"]},{"damage_healed":20,"gold_gain":0,"player_choice":"Healed and dodged fight","damage_taken":0,"max_hp_gain":0,"max_hp_loss":0,"event_name":"Mushrooms","floor":12,"gold_loss":0,"cards_obtained":["Parasite"]},{"cards_removed":["Parasite"],"damage_healed":0,"gold_gain":0,"player_choice":"Card Removal","damage_taken":0,"max_hp_gain":0,"max_hp_loss":0,"event_name":"The Cleric","floor":13,"gold_loss":50},{"damage_healed":0,"gold_gain":0,"player_choice":"Fight","damage_taken":0,"max_hp_gain":0,"max_hp_loss":0,"event_name":"Colosseum","floor":19,"gold_loss":0},{"damage_healed":0,"gold_gain":0,"player_choice":"Fought Nobs","damage_taken":0,"max_hp_gain":0,"max_hp_loss":0,"event_name":"Colosseum","floor":19,"gold_loss":0}],"is_beta":false,"boss_relics":[{"not_picked":["Runic Dome","Calling Bell"],"picked":"Astrolabe"}],"items_purged_floors":[],"is_endless":false,"potions_floor_spawned":[3,6,7,8,11,16],"killed_by":"Colosseum Nobs","ascension_level":0}