{"gold_per_floor":[126,63,79,90,90,90,109,109,166,13,46,46,46,62,62,185,185,201,220,220,52,52,52,52],"floor_reached":24,"playtime":1045,"items_purged":["Strike_B","Writhe"],"score":230,"play_id":"324c64d8-69cc-46f8-b122-8ec7315ceca7","local_time":"20190425005116","is_ascension_mode":true,"campfire_choices":[{"data":"Defragment","floor":6,"key":"SMITH"},{"floor":8,"key":"REST"},{"floor":12,"key":"REST"},{"floor":15,"key":"REST"},{"floor":23,"key":"REST"}],"neow_cost":"NONE","seed_source_timestamp":26031060984100,"circlet_count":0,"master_deck":["Strike_B","Strike_B","Strike_B","Defend_B","Defend_B","Defend_B","Defend_B","Zap","Dualcast","Melter","Hello World","Defragment+1","Redo","White Noise","Reprogram","Core Surge","Conserve Battery+1","Rip and Tear","FTL"],"relics":["Cracked Core","MawBank","Golden Idol","Tiny Chest","Juzu Bracelet","Odd Mushroom","Potion Belt","Inserter","Mango"],"potions_floor_usage":[11,16,19,24],"damage_taken":[{"damage":4,"enemies":"Jaw Worm","floor":1,"turns":4},{"damage":7,"enemies":"2 Louse","floor":3,"turns":2},{"damage":0,"enemies":"Small Slimes","floor":4,"turns":4},{"damage":16,"enemies":"2 Fungi Beasts","floor":7,"turns":3},{"damage":26,"enemies":"The Mushroom Lair","floor":11,"turns":4},{"damage":22,"enemies":"3 Louse","floor":14,"turns":3},{"damage":8,"enemies":"Hexaghost","floor":16,"turns":13},{"damage":35,"enemies":"Shell Parasite","floor":18,"turns":5},{"damage":12,"enemies":"Chosen","floor":19,"turns":4},{"damage":66,"enemies":"3 Cultists","floor":24,"turns":4}],"seed_played":"4586430571846364691","potions_obtained":[{"floor":1,"key":"SkillPotion"},{"floor":7,"key":"FearPotion"},{"floor":16,"key":"SneckoOil"},{"floor":18,"key":"Explosive Potion"}],"is_trial":false,"path_per_floor":["M","$","M","M","?","R","M","R","T","$","?","R","?","M","R","B",null,"M","M","?","$","?","R","M"],"character_chosen":"DEFECT","items_purchased":["Juzu Bracelet","FTL"],"campfire_rested":4,"item_purchase_floors":[10,21],"current_hp_per_floor":[71,71,64,64,46,46,30,52,52,52,26,48,30,8,30,22,62,27,15,29,29,29,55,0],"gold":52,"neow_bonus":"RANDOM_COMMON_RELIC","is_prod":false,"is_daily":false,"chose_seed":false,"campfire_upgraded":1,"win_rate":0,"timestamp":1556167876,"path_taken":["M","$","M","M","?","R","M","R","T","?","?","R","?","M","R","BOSS","M","M","?","$","?","R","M"],"build_version":"2019-01-23","purchased_purges":2,"victory":false,"max_hp_per_floor":[75,75,75,75,75,75,75,75,75,75,75,75,75,75,75,75,75,75,75,89,89,89,89,89],"card_choices":[{"not_picked":["Aggregate","Cold Snap"],"picked":"Melter","floor":1},{"not_picked":["Force Field","Turbo"],"picked":"Hello World","floor":3},{"not_picked":["Barrage","Go for the Eyes"],"picked":"Defragment","floor":4},{"not_picked":["Streamline","Barrage"],"picked":"Redo","floor":7},{"not_picked":["Lockon","Double Energy"],"picked":"White Noise","floor":11},{"not_picked":["Compile Driver","Consume"],"picked":"Reprogram","floor":14},{"not_picked":["Meteor Strike","Multi-Cast"],"picked":"Core Surge","floor":16},{"not_picked":["Chaos","Ball Lightning"],"picked":"Conserve Battery+1","floor":18},{"not_picked":["Rebound","Beam Cell"],"picked":"Rip and Tear","floor":19}],"player_experience":160176,"relics_obtained":[{"floor":9,"key":"Tiny Chest"},{"floor":11,"key":"Odd Mushroom"}],"event_choices":[{"damage_healed":0,"gold_gain":0,"player_choice":"Take Damage","damage_taken":18,"relics_obtained":["Golden Idol"],"max_hp_gain":0,"max_hp_loss":0,"event_name":"Golden Idol","floor":5,"gold_loss":0},{"damage_healed":0,"gold_gain":0,"player_choice":"Fought Mushrooms","damage_taken":0,"max_hp_gain":0,"max_hp_loss":0,"event_name":"Mushrooms","floor":11,"gold_loss":0},{"damage_healed":0,"gold_gain":0,"player_choice":"Success","damage_taken":18,"relics_obtained":["Potion Belt"],"max_hp_gain":0,"max_hp_loss":0,"event_name":"Scrap Ooze","floor":13,"gold_loss":0},{"damage_healed":0,"gold_gain":0,"player_choice":"Opened","damage_taken":0,"relics_obtained":["Mango"],"max_hp_gain":0,"max_hp_loss":0,"event_name":"The Mausoleum","floor":20,"gold_loss":0,"cards_obtained":["Writhe"]}],"is_beta":false,"boss_relics":[{"not_picked":["Coffee Dripper","Busted Crown"],"picked":"Inserter"}],"items_purged_floors":[2,21],"is_endless":false,"potions_floor_spawned":[1,7,16,18],"killed_by":"3 Cultists","ascension_level":5}