{"path_per_floor":["M","?","M","?","T","E","M","R","T","E","M","M","M","E","R","B",null,"M","M","$","M","M","R","?","$","T","M","E","M","M","$","R","B",null,"M","M","M","?","M","E","R","M","T","E","$","E","R","M","R","B"],"character_chosen":"IRONCLAD","items_purchased":["Energy Potion","Mind Blast","Thinking Ahead","Fire Potion","Battle Trance","Gambling Chip","Regen Potion","Juzu Bracelet"],"gold_per_floor":[114,114,124,124,151,184,205,205,232,275,296,319,332,373,373,494,494,514,527,205,221,234,234,234,115,138,155,183,202,216,216,216,314,314,327,342,362,362,381,412,412,432,479,506,5,38,38,50,50,50],"floor_reached":51,"campfire_rested":2,"playtime":4053,"current_hp_per_floor":[75,57,63,43,43,27,60,60,60,48,65,73,76,58,58,28,80,71,75,75,61,41,41,41,41,46,72,76,61,75,75,75,17,80,80,80,80,80,76,34,58,61,66,59,59,65,87,87,87,74],"items_purged":[],"gold":50,"play_id":"7f1b388d-1abf-4e51-9a3e-ffd2762bc7a8","is_prod":false,"is_daily":false,"campfire_rituals":0,"campfire_upgraded":5,"is_hardmode":false,"path_taken":["M","?","?","?","?","E","M","R","T","E","?","M","M","E","R","BOSS","M","M","$","M","M","R","?","$","T","M","E","M","M","?","R","BOSS","M","M","M","?","M","E","R","M","T","E","?","E","R","M","R","BOSS"],"build_version":"2018-01-11-PROD2","purchased_purges":1,"victory":true,"master_deck":["Bash","Seeing Red","Rampage","Headbutt","Reaper","Thunderclap","Armaments","Headbutt","Armaments","Fiend Fire","Headbutt","Dual Wield","Flex","Evolve","Thunderclap","Inflame","Cleave","Pommel Strike","Perfected Strike","Mind Blast","Thinking Ahead","Spot Weakness","Battle Trance","Carnage","Searing Blow","Offering","Battle Trance","Whirlwind","Infernal Blade","Warcry","Power Through","Brutality","Shrug It Off"],"max_hp_per_floor":[80,80,80,80,80,80,80,80,80,80,80,80,80,80,80,80,80,80,80,80,80,80,80,80,80,80,80,80,80,80,80,80,80,80,80,80,80,80,80,80,80,80,80,80,80,87,87,87,87,87],"relics":["Burning Blood","Magic Flower","Bloody Idol","Lantern","Ancient Tea Set","Happy Flower","Matryoshka","Self Forming Clay","Pandora\u0027s Box","Frozen Egg","Prayer Wheel","Kunai","Mark of Pain","Dream Catcher","Oddly Smooth Stone","War Paint","Blood Vial","Gambling Chip","Juzu Bracelet","Strawberry"],"campfire_meditates":0,"card_choices":[{"not_picked":["Warcry","Wild Strike"],"picked":"Seeing Red"},{"not_picked":["Clothesline","Infernal Blade"],"picked":"Rampage"},{"not_picked":["Wild Strike","Perfected Strike"],"picked":"Headbutt"},{"not_picked":["Cleave","Thunderclap"],"picked":"Reaper"},{"not_picked":["Feel No Pain","Anger"],"picked":"Thunderclap"},{"not_picked":["Entrench","Warcry"],"picked":"Armaments"},{"not_picked":["Thunderclap","True Grit"],"picked":"Headbutt"},{"not_picked":["Rampage","Body Slam"],"picked":"Armaments"},{"not_picked":["Double Tap","Immolate"],"picked":"Fiend Fire"},{"not_picked":["Havoc","Evolve"],"picked":"Spot Weakness"},{"not_picked":["Power Through","Twin Strike"],"picked":"Carnage"},{"not_picked":["Ghostly Armor","Sword Boomerang"],"picked":"Searing Blow"},{"not_picked":["Exhume","Impervious"],"picked":"Offering"},{"not_picked":["Pommel Strike","Body Slam"],"picked":"Battle Trance"},{"not_picked":["Cleave","Sever Soul"],"picked":"Whirlwind"},{"not_picked":["Reaper","Sword Boomerang"],"picked":"Infernal Blade"},{"not_picked":["Sever Soul","Wild Strike"],"picked":"Warcry"},{"not_picked":["Body Slam","Shrug It Off"],"picked":"Power Through"},{"not_picked":["Twin Strike","Sever Soul"],"picked":"Brutality"},{"not_picked":["Flex","Cleave"],"picked":"Shrug It Off"}],"player_experience":150331,"potions_floor_usage":[6,7,19,22,22,28,33,33,40,42,50,50,50],"damage_taken":[{"damage":11,"enemies":"Blue Slaver","floor":1,"turns":4},{"damage":3,"enemies":"Small Slimes","floor":3,"turns":4},{"damage":25,"enemies":"Gremlin Nob","floor":6,"turns":4},{"damage":2,"enemies":"2 Louse","floor":7,"turns":5},{"damage":33,"enemies":"3 Sentries","floor":10,"turns":7},{"damage":7,"enemies":"Exordium Wildlife","floor":11,"turns":3},{"damage":9,"enemies":"Lots of Slimes","floor":12,"turns":4},{"damage":13,"enemies":"Gremlin Gang","floor":13,"turns":3},{"damage":31,"enemies":"Lagavulin","floor":14,"turns":7},{"damage":45,"enemies":"Hexaghost","floor":16,"turns":9},{"damage":20,"enemies":"2 Thieves","floor":18,"turns":3},{"damage":20,"enemies":"3 Byrds","floor":19,"turns":5},{"damage":28,"enemies":"Snake Plant","floor":21,"turns":3},{"damage":38,"enemies":"Slaver and Parasite","floor":22,"turns":5},{"damage":15,"enemies":"3 Cultists","floor":27,"turns":4},{"damage":25,"enemies":"Book of Stabbing","floor":28,"turns":3},{"damage":33,"enemies":"Snecko","floor":29,"turns":5},{"damage":0,"enemies":"Snake Plant","floor":30,"turns":1},{"damage":72,"enemies":"Automaton","floor":33,"turns":7},{"damage":14,"enemies":"Orb Walker","floor":35,"turns":2},{"damage":26,"enemies":"3 Darklings","floor":36,"turns":5},{"damage":12,"enemies":"Sphere and 2 Shapes","floor":37,"turns":2},{"damage":29,"enemies":"4 Shapes","floor":39,"turns":3},{"damage":56,"enemies":"Nemesis","floor":40,"turns":6},{"damage":16,"enemies":"Maw","floor":42,"turns":5},{"damage":33,"enemies":"2 Orb Walkers","floor":44,"turns":4},{"damage":18,"enemies":"Giant Head","floor":46,"turns":4},{"damage":1,"enemies":"3 Darklings","floor":48,"turns":2},{"damage":65,"enemies":"Awakened One","floor":50,"turns":8}],"event_choices":[{"event_name":"Scrap Ooze","player_choice":"success","floor":2,"damage_taken":18},{"event_name":"Golden Idol","player_choice":"Take Damage","floor":4,"damage_taken":0},{"event_name":"Forgotten Altar","player_choice":"Gave Idol","floor":24,"damage_taken":0},{"event_name":"Upgrade Shrine","player_choice":"Upgraded","floor":38,"damage_taken":0}],"boss_relics":[{"not_picked":["Velvet Choker","White Beast Statue"],"picked":"Pandora\u0027s Box"},{"not_picked":["Calling Bell","Philosopher\u0027s Stone"],"picked":"Mark of Pain"}],"potions_floor_spawned":[1,6,11,14,16,18,21,22,27,29,37,42,44,46,48],"seed_played":"-6302346652519620843","is_trial":false}