{"path_per_floor":["M","M","M","M","M","E","M","M","T","R","M","$","?","E","R","B",null,"M","M","?","M","?","R","M","E","T","$","E","R","$","E","R","B",null,"M","M","M","?","?","R","M","M","T","M","E","R","E","M","R"],"character_chosen":"IRONCLAD","items_purchased":["Dream Catcher"],"gold_per_floor":[113,130,148,168,185,217,237,256,256,256,274,48,48,80,80,183,183,200,211,126,137,137,137,149,178,178,178,205,205,205,239,239,342,342,360,373,388,388,388,388,407,420,420,431,460,460,490,504,504],"floor_reached":50,"campfire_rested":7,"playtime":5019,"current_hp_per_floor":[67,61,64,57,48,18,7,12,12,41,43,43,43,18,49,19,108,89,87,87,78,78,78,88,79,79,79,56,92,92,67,104,78,128,109,111,92,92,92,132,121,110,110,113,67,111,83,71,118],"items_purged":["Regret"],"gold":504,"play_id":"13fd6c2b-322a-4e7d-921e-57825796a3d8","is_prod":false,"is_daily":false,"campfire_rituals":0,"campfire_upgraded":1,"is_hardmode":false,"path_taken":["M","M","M","M","M","E","M","M","T","R","M","$","?","E","R","BOSS","M","M","?","M","?","R","?","E","T","?","E","R","$","E","R","BOSS","M","M","M","?","?","R","M","M","T","M","E","R","E","M","R","BOSS"],"build_version":"2018-01-11-PROD2","purchased_purges":2,"victory":false,"master_deck":["Strike_R","Strike_R","Defend_R","Defend_R","Defend_R","Demon Form","Cleave","Feed","Battle Trance","Battle Trance","Headbutt","Headbutt","Offering","Armaments","Pummel","Pommel Strike","Bloodletting","Exhume","Searing Blow","Bloodletting","Reckless Charge","Pommel Strike","Warcry","Warcry","Seeing Red"],"max_hp_per_floor":[80,80,80,83,86,96,96,99,99,99,102,102,102,105,105,108,108,111,114,114,117,117,117,120,120,120,120,120,120,120,124,124,128,128,128,131,134,134,134,134,138,141,141,144,147,147,154,157,157],"relics":["Burning Blood","Strawberry","Magic Flower","Dream Catcher","Mummified Hand","Mark of Pain","Art of War","War Paint","Anchor","Dodecahedron","Dead Branch","Astrolabe","Charon\u0027s Ashes","Prayer Wheel","Peace Pipe"],"campfire_meditates":0,"card_choices":[{"not_picked":["Combust","Flex"],"picked":"Cleave"},{"not_picked":["Entrench","True Grit"],"picked":"Feed"},{"not_picked":["Pommel Strike","Dual Wield"],"picked":"Battle Trance"},{"not_picked":["Spot Weakness","Shrug It Off"],"picked":"Battle Trance"},{"not_picked":["Perfected Strike","Second Wind"],"picked":"Headbutt"},{"not_picked":["Body Slam","Havoc"],"picked":"Headbutt"},{"not_picked":["Limit Break","Demon Form"],"picked":"Offering"},{"not_picked":["Rampage","Rupture"],"picked":"Armaments"},{"not_picked":["Thunderclap","Dual Wield"],"picked":"Pummel"},{"not_picked":["Clothesline","Rage"],"picked":"Pommel Strike"},{"not_picked":["Havoc","Perfected Strike"],"picked":"Bloodletting"},{"not_picked":["Brutality","Immolate"],"picked":"Exhume"},{"not_picked":["Anger","Body Slam"],"picked":"Evolve"},{"not_picked":["Armaments","Hemokinesis"],"picked":"Pommel Strike"},{"not_picked":["Ghostly Armor","Whirlwind"],"picked":"Warcry"},{"not_picked":["Feel No Pain","Metallicize"],"picked":"Warcry"},{"not_picked":["Disarm","Havoc"],"picked":"Seeing Red"}],"player_experience":181000,"potions_floor_usage":[4,7,8,16,19,21,41,45,47,48,48,50],"damage_taken":[{"damage":19,"enemies":"Jaw Worm","floor":1,"turns":7},{"damage":12,"enemies":"Blue Slaver","floor":2,"turns":5},{"damage":3,"enemies":"Small Slimes","floor":3,"turns":2},{"damage":16,"enemies":"2 Fungi Beasts","floor":4,"turns":3},{"damage":18,"enemies":"Red Slaver","floor":5,"turns":3},{"damage":46,"enemies":"Lagavulin","floor":6,"turns":8},{"damage":17,"enemies":"Large Slime","floor":7,"turns":7},{"damage":4,"enemies":"2 Fungi Beasts","floor":8,"turns":3},{"damage":12,"enemies":"Looter","floor":11,"turns":4},{"damage":39,"enemies":"3 Sentries","floor":14,"turns":7},{"damage":44,"enemies":"Hexaghost","floor":16,"turns":8},{"damage":33,"enemies":"Shell Parasite","floor":18,"turns":5},{"damage":16,"enemies":"3 Byrds","floor":19,"turns":5},{"damage":23,"enemies":"Centurion and Healer","floor":21,"turns":5},{"damage":4,"enemies":"Sentry and Sphere","floor":24,"turns":3},{"damage":18,"enemies":"Gremlin Leader","floor":25,"turns":6},{"damage":32,"enemies":"Book of Stabbing","floor":28,"turns":5},{"damage":40,"enemies":"Gremlin Leader","floor":31,"turns":7},{"damage":41,"enemies":"Collector","floor":33,"turns":8},{"damage":28,"enemies":"3 Shapes","floor":35,"turns":6},{"damage":12,"enemies":"Orb Walker","floor":36,"turns":4},{"damage":33,"enemies":"4 Shapes","floor":37,"turns":7},{"damage":26,"enemies":"Maw","floor":41,"turns":6},{"damage":25,"enemies":"Sphere and 2 Shapes","floor":42,"turns":4},{"damage":11,"enemies":"4 Shapes","floor":44,"turns":4},{"damage":80,"enemies":"Nemesis","floor":45,"turns":7},{"damage":48,"enemies":"2 Orb Walkers","floor":47,"turns":4},{"damage":46,"enemies":"Maw","floor":48,"turns":5},{"damage":129,"enemies":"Time Eater","floor":50,"turns":8}],"event_choices":[{"event_name":"Purifier","player_choice":"One Purge","floor":13,"damage_taken":0},{"event_name":"Addict","player_choice":"Obtained Relic","floor":20,"damage_taken":0},{"event_name":"The Mausoleum","player_choice":"No","floor":22,"damage_taken":0},{"event_name":"The Lab","player_choice":"Got Potions","floor":38,"damage_taken":0}],"boss_relics":[{"not_picked":["Cursed Key","Ectoplasm"],"picked":"Mark of Pain"},{"not_picked":["Black Star","Eternal Feather"],"picked":"Astrolabe"}],"potions_floor_spawned":[3,6,7,14,18,19,28,31,35,37,41,45,47],"seed_played":"6399116991886408735","killed_by":"Time Eater","is_trial":false}