{"gold_per_floor":[213,228,24,36,111,138,154,168,168,118,131,160,160,178,178,299,299,318,341,366,366,366,366],"floor_reached":23,"playtime":3615,"items_purged":["Defend_G"],"score":240,"play_id":"8ae808b8-a122-441a-b24b-2ace0768e186","local_time":"20190310010340","is_ascension_mode":true,"campfire_choices":[{"floor":15,"key":"REST"}],"neow_cost":"NONE","seed_source_timestamp":1021535711289504,"circlet_count":0,"master_deck":["Defend_G","Defend_G","Defend_G","Defend_G","Survivor","Neutralize","Well Laid Plans","Prepared","Backstab","Dodge and Roll","Deadly Poison","Backstab","Backflip","Catalyst","Dagger Spray","Deflect","Footwork","Doppelganger","Skewer","Backflip","Distraction","Bite","Bite","Bite","Bite","Bite"],"relics":["Ring of the Snake","Bottled Flame","Meat on the Bone","Bronze Scales","Golden Idol","Philosopher\u0027s Stone","SsserpentHead"],"potions_floor_usage":[6,16,16],"damage_taken":[{"damage":0,"enemies":"2 Louse","floor":1,"turns":3},{"damage":2,"enemies":"Small Slimes","floor":2,"turns":4},{"damage":0,"enemies":"Cultist","floor":4,"turns":3},{"damage":26,"enemies":"Lagavulin","floor":6,"turns":9},{"damage":2,"enemies":"Looter","floor":7,"turns":2},{"damage":1,"enemies":"Large Slime","floor":8,"turns":6},{"damage":0,"enemies":"Exordium Thugs","floor":11,"turns":4},{"damage":7,"enemies":"Gremlin Nob","floor":12,"turns":3},{"damage":0,"enemies":"Looter","floor":14,"turns":2},{"damage":49,"enemies":"Slime Boss","floor":16,"turns":15},{"damage":15,"enemies":"3 Byrds","floor":18,"turns":3},{"damage":4,"enemies":"Shell Parasite","floor":19,"turns":5},{"damage":46,"enemies":"3 Cultists","floor":20,"turns":7},{"damage":21,"enemies":"Slavers","floor":23,"turns":1}],"seed_played":"7764038311213839992","potions_obtained":[{"floor":2,"key":"Explosive Potion"},{"floor":12,"key":"Dexterity Potion"},{"floor":14,"key":"Explosive Potion"}],"is_trial":false,"path_per_floor":["M","M","$","M","?","E","M","M","T","?","M","E","?","M","R","B",null,"M","M","M","?","?","E"],"character_chosen":"THE_SILENT","items_purchased":["Backstab","Dodge and Roll"],"campfire_rested":1,"item_purchase_floors":[3,3],"current_hp_per_floor":[70,68,68,68,57,31,29,28,28,28,40,45,28,40,61,24,70,55,51,17,17,17,0],"gold":366,"neow_bonus":"HUNDRED_GOLD","is_prod":false,"is_daily":false,"chose_seed":false,"campfire_upgraded":0,"win_rate":0,"timestamp":1552197820,"path_taken":["M","M","$","M","?","E","M","M","T","?","M","E","?","M","R","BOSS","M","M","M","?","?","E"],"build_version":"2019-01-23","purchased_purges":1,"victory":false,"max_hp_per_floor":[70,70,70,70,70,70,70,70,70,70,70,70,70,70,70,70,70,70,70,70,49,49,49],"card_choices":[{"not_picked":["Deflect","Catalyst"],"picked":"Well Laid Plans","floor":1},{"not_picked":["Setup","Bane"],"picked":"Prepared","floor":2},{"not_picked":["Bane","Backflip"],"picked":"Deadly Poison","floor":4},{"not_picked":["Heel Hook","Dagger Spray"],"picked":"Backstab","floor":6},{"not_picked":["Outmaneuver","Blade Dance"],"picked":"Backflip","floor":7},{"not_picked":["Deadly Poison","Poisoned Stab"],"picked":"Catalyst","floor":8},{"not_picked":["Flying Knee","Prepared"],"picked":"Dagger Spray","floor":11},{"not_picked":["Phantasmal Killer","Outmaneuver"],"picked":"Deflect","floor":12},{"not_picked":["Eviscerate","Accuracy"],"picked":"Footwork","floor":14},{"not_picked":["Storm of Steel","Unload"],"picked":"Doppelganger","floor":16},{"not_picked":["Expertise","Terror"],"picked":"Skewer","floor":18},{"not_picked":["Dagger Throw","Dagger Spray"],"picked":"Backflip","floor":19},{"not_picked":["Deadly Poison","Poisoned Stab"],"picked":"Distraction","floor":20}],"player_experience":122012,"relics_obtained":[{"floor":6,"key":"Bottled Flame"},{"floor":9,"key":"Meat on the Bone"},{"floor":12,"key":"Bronze Scales"}],"event_choices":[{"damage_healed":0,"gold_gain":75,"player_choice":"Gather Gold","damage_taken":11,"max_hp_gain":0,"max_hp_loss":0,"event_name":"World of Goop","floor":5,"gold_loss":0},{"cards_removed":["Strike_G"],"damage_healed":0,"gold_gain":0,"player_choice":"Card Removal","damage_taken":0,"max_hp_gain":0,"max_hp_loss":0,"event_name":"The Cleric","floor":10,"gold_loss":50},{"damage_healed":0,"gold_gain":0,"player_choice":"Take Damage","damage_taken":17,"relics_obtained":["Golden Idol"],"max_hp_gain":0,"max_hp_loss":0,"event_name":"Golden Idol","floor":13,"gold_loss":0},{"damage_healed":0,"gold_gain":0,"player_choice":"Became a vampire","damage_taken":0,"max_hp_gain":0,"max_hp_loss":21,"event_name":"Vampires","floor":21,"gold_loss":0,"cards_obtained":["Bite","Bite","Bite","Bite","Bite"]},{"damage_healed":0,"gold_gain":0,"player_choice":"Trade","damage_taken":0,"relics_obtained":["SsserpentHead"],"max_hp_gain":0,"max_hp_loss":0,"event_name":"FaceTrader","floor":22,"gold_loss":0}],"is_beta":false,"boss_relics":[{"not_picked":["Black Star","HoveringKite"],"picked":"Philosopher\u0027s Stone"}],"items_purged_floors":[3],"is_endless":false,"potions_floor_spawned":[2,12,14],"killed_by":"Slavers","ascension_level":1}