{"gold_per_floor":[109,127,127,137,155,189,189,217,291,291,306,306,381,392,392,392],"floor_reached":16,"playtime":709,"items_purged":[],"score":146,"play_id":"1ba468e9-1f5e-4ea8-9bd2-49ac140d0f88","local_time":"20190719230649","is_ascension_mode":true,"campfire_choices":[{"floor":7,"key":"REST"},{"floor":10,"key":"REST"},{"floor":12,"key":"REST"},{"data":"Consume","floor":15,"key":"SMITH"}],"neow_cost":"NONE","seed_source_timestamp":3039447610953297,"circlet_count":0,"master_deck":["Strike_B","Strike_B","Strike_B","Defend_B","Defend_B","Defend_B","Defend_B","Zap+1","Dualcast","FTL","Melter","Leap","Consume+1","Barrage","Core Surge","Go for the Eyes"],"relics":["Cracked Core","Lantern","Peace Pipe","Cables"],"potions_floor_usage":[6,16],"damage_taken":[{"damage":5,"enemies":"Small Slimes","floor":1,"turns":3},{"damage":8,"enemies":"2 Louse","floor":2,"turns":2},{"damage":2,"enemies":"Jaw Worm","floor":4,"turns":3},{"damage":13,"enemies":"Large Slime","floor":5,"turns":5},{"damage":20,"enemies":"Gremlin Nob","floor":6,"turns":3},{"damage":41,"enemies":"3 Sentries","floor":8,"turns":8},{"damage":16,"enemies":"Exordium Thugs","floor":11,"turns":4},{"damage":1,"enemies":"Red Slaver","floor":14,"turns":2},{"damage":32,"enemies":"Slime Boss","floor":16,"turns":6}],"seed_played":"-4787458964275702147","potions_obtained":[{"floor":2,"key":"FairyPotion"},{"floor":5,"key":"Poison Potion"},{"floor":6,"key":"Poison Potion"},{"floor":11,"key":"SpeedPotion"}],"is_trial":false,"path_per_floor":["M","M","?","M","M","E","R","E","T","R","M","R","?","M","R","B"],"character_chosen":"DEFECT","items_purchased":[],"campfire_rested":3,"item_purchase_floors":[],"current_hp_per_floor":[63,55,55,53,40,20,42,1,1,23,7,29,18,17,17,0],"gold":392,"neow_bonus":"REMOVE_CARD","is_prod":false,"is_daily":false,"chose_seed":false,"campfire_upgraded":1,"win_rate":0,"timestamp":1563592009,"path_taken":["M","M","?","M","M","E","R","E","T","R","M","R","?","M","R","BOSS"],"build_version":"2019-07-17","purchased_purges":0,"victory":false,"max_hp_per_floor":[75,75,75,75,75,75,75,75,75,75,75,75,75,75,75,75],"card_choices":[{"not_picked":["Barrage","Redo"],"picked":"FTL","floor":1},{"not_picked":["White Noise","Defragment"],"picked":"Melter","floor":2},{"not_picked":["Recycle","Loop"],"picked":"Leap","floor":4},{"not_picked":["Force Field","Redo"],"picked":"Consume","floor":5},{"not_picked":["Scrape","Consume"],"picked":"Barrage","floor":6},{"not_picked":["All For One","Sunder"],"picked":"Core Surge","floor":8},{"not_picked":["Stack","Turbo"],"picked":"Go for the Eyes","floor":11},{"not_picked":["Rebound","Tempest","Scrape"],"picked":"SKIP","floor":14}],"player_experience":344947,"relics_obtained":[{"floor":6,"key":"Lantern"},{"floor":8,"key":"Peace Pipe"},{"floor":9,"key":"Cables"}],"event_choices":[{"damage_healed":0,"gold_gain":0,"player_choice":"Grow","damage_taken":0,"max_hp_gain":0,"max_hp_loss":0,"event_name":"Living Wall","floor":3,"gold_loss":0,"cards_upgraded":["Zap"]},{"damage_healed":0,"gold_gain":75,"player_choice":"Gather Gold","damage_taken":11,"max_hp_gain":0,"max_hp_loss":0,"event_name":"World of Goop","floor":13,"gold_loss":0}],"is_beta":false,"boss_relics":[],"items_purged_floors":[],"is_endless":false,"potions_floor_spawned":[2,5,6,11],"killed_by":"Slime Boss","ascension_level":6}