{"gold_per_floor":[113,113,38,56,56,56,75,98,178,214,214,245,245,73,73,197,197,220,220,220,234,255,295,295,329,329,329,7,7,27,65,65,186,186,200,325,496,511,511,511,554,554],"floor_reached":42,"playtime":2260,"items_purged":["ReplayTheSpireMod:Doomed","Strike_B","Pain"],"score":661,"play_id":"9c1dfc74-2043-4242-a2be-381d9bdb19a5","local_time":"20190506054844","is_ascension_mode":true,"campfire_choices":[{"data":"Zap","floor":6,"key":"SMITH"},{"data":"Go for the Eyes","floor":11,"key":"SMITH"},{"data":"Steam","floor":13,"key":"SMITH"},{"floor":15,"key":"REST"},{"floor":24,"key":"REST"},{"data":"White Noise","floor":27,"key":"SMITH"},{"floor":29,"key":"REST"},{"data":"Doom and Gloom","floor":32,"key":"SMITH"},{"floor":40,"key":"REST"}],"neow_cost":"CURSE","seed_source_timestamp":1581844925044509,"circlet_count":0,"master_deck":["Strike_B","Strike_B","Defend_B+1","Defend_B+1","Defend_B+1","Defend_B+1","Zap+1","Dualcast","Go for the Eyes+1","Barrage","Ball Lightning","Compile Driver","Steam+1","Cold Snap","White Noise+1","Meteor Strike","Doom and Gloom+1","Sweeping Beam+1","Conserve Battery","BootSequence","FIFO Queue","Electrodynamics","Redo+1","White Noise+1","Stack","Ball Lightning+1"],"relics":["Cracked Core","Golden Idol","Symbiotic Virus","ReplayTheSpireMod:Bottled Snecko","infinitespire:WardingShard","Bag of Marbles","WarpedTongs","Torii","ReplayTheSpireMod:Bottled Eggs","OrangePellets","Red Mask","Inserter","Mango","CultistMask","Pen Nib"],"potions_floor_usage":[16,23,25,33],"damage_taken":[{"damage":7,"enemies":"Jaw Worm","floor":1,"turns":2},{"damage":14,"enemies":"infinitespire:Voidling","floor":4,"turns":3},{"damage":0,"enemies":"Small Slimes","floor":7,"turns":2},{"damage":0,"enemies":"2 Fungi Beasts","floor":8,"turns":2},{"damage":15,"enemies":"Lagavulin","floor":10,"turns":5},{"damage":15,"enemies":"3 Sentries","floor":12,"turns":5},{"damage":22,"enemies":"Slime Boss","floor":16,"turns":7},{"damage":4,"enemies":"Spheric Guardian","floor":18,"turns":3},{"damage":15,"enemies":"Shell Parasite","floor":21,"turns":4},{"damage":3,"enemies":"Snecko","floor":22,"turns":3},{"damage":35,"enemies":"Book of Stabbing","floor":23,"turns":5},{"damage":12,"enemies":"Gremlin Leader","floor":25,"turns":5},{"damage":0,"enemies":"Cultist and Chosen","floor":30,"turns":4},{"damage":0,"enemies":"Masked Bandits","floor":31,"turns":2},{"damage":29,"enemies":"Automaton","floor":33,"turns":8},{"damage":1,"enemies":"Orb Walker","floor":35,"turns":3},{"damage":8,"enemies":"Mind Bloom Boss Battle","floor":36,"turns":6},{"damage":28,"enemies":"3 Shapes","floor":38,"turns":3},{"damage":35,"enemies":"Reptomancer","floor":41,"turns":7},{"damage":34,"enemies":"Maw","floor":42,"turns":5}],"seed_played":"-6134664651334038362","potions_obtained":[{"floor":4,"key":"LiquidBronze"},{"floor":7,"key":"Poison Potion"},{"floor":12,"key":"Ancient Potion"},{"floor":22,"key":"SkillPotion"},{"floor":31,"key":"Languid Potion"},{"floor":35,"key":"Strength Potion"},{"floor":38,"key":"Fire Potion"}],"is_trial":false,"path_per_floor":["M","?","$","M","?","R","M","M","T","E","R","E","R","$","R","B",null,"M","?","?","M","M","E","R","E","T","R","$","R","M","?","R","B",null,"M","?","?","M","?","R","E","M"],"character_chosen":"DEFECT","items_purchased":["White Noise","OrangePellets"],"campfire_rested":4,"item_purchase_floors":[14,28],"current_hp_per_floor":[61,61,61,52,79,79,79,79,79,64,64,49,49,49,72,50,72,68,68,68,53,50,15,38,26,26,26,26,49,49,49,49,20,64,63,69,69,41,41,68,33,0],"gold":554,"neow_bonus":"THREE_RARE_CARDS","is_prod":false,"is_daily":false,"chose_seed":false,"campfire_upgraded":5,"win_rate":0,"timestamp":1557136124,"path_taken":["M","?","$","M","?","R","?","M","T","E","R","E","R","$","R","BOSS","M","?","?","?","M","E","R","E","T","R","$","R","M","?","R","BOSS","M","?","?","?","?","R","E","M"],"build_version":"2019-01-23","purchased_purges":3,"victory":false,"max_hp_per_floor":[75,69,69,69,79,79,79,79,79,79,79,79,79,79,79,79,79,79,79,79,79,79,79,79,79,79,79,79,79,79,79,79,79,79,79,93,93,93,93,93,93,93],"card_choices":[{"not_picked":["Multi-Cast","Meteor Strike"],"picked":"Reboot","floor":0},{"not_picked":["Steam","Fusion"],"picked":"Go for the Eyes","floor":1},{"not_picked":["Stack","Consume"],"picked":"Barrage","floor":4},{"not_picked":["Hologram","Beam Cell"],"picked":"Ball Lightning","floor":7},{"not_picked":["Aggregate","Mirror Shield"],"picked":"Compile Driver","floor":8},{"not_picked":["Gash","Beam Cell"],"picked":"Steam","floor":10},{"not_picked":["ReplayTheSpireMod:Calculation Training","Beam Cell"],"picked":"Cold Snap","floor":12},{"not_picked":["Machine Learning","Biased Cognition"],"picked":"Meteor Strike","floor":16},{"not_picked":["Stack+1","Sweeping Beam"],"picked":"Doom and Gloom","floor":18},{"not_picked":["Gash","Turbo"],"picked":"Sweeping Beam+1","floor":21},{"not_picked":["Force Field+1","ReplayTheSpireMod:GoodbyeWorld"],"picked":"Conserve Battery","floor":22},{"not_picked":["Beam Cell+1","Redo"],"picked":"BootSequence","floor":23},{"not_picked":["Cold Snap","Amplify","Ball Lightning"],"picked":"SKIP","floor":25},{"not_picked":["Rebound","ReplayTheSpireMod:Calculation Training+1","Sweeping Beam+1"],"picked":"SKIP","floor":30},{"not_picked":["Blizzard+1","Beam Cell"],"picked":"FIFO Queue","floor":31},{"not_picked":["Amplify","ReplayRNGCard"],"picked":"Electrodynamics","floor":33},{"not_picked":["Steam","Go for the Eyes"],"picked":"Redo+1","floor":35},{"not_picked":["Redo","Conserve Battery"],"picked":"White Noise+1","floor":36},{"not_picked":["Steam Power","FIFO Queue"],"picked":"Stack","floor":38},{"not_picked":["Steam","Hello World+1"],"picked":"Ball Lightning+1","floor":41}],"player_experience":273671,"relics_obtained":[{"floor":9,"key":"Symbiotic Virus"},{"floor":10,"key":"ReplayTheSpireMod:Bottled Snecko"},{"floor":12,"key":"infinitespire:WardingShard"},{"floor":23,"key":"Torii"},{"floor":25,"key":"ReplayTheSpireMod:Bottled Eggs"},{"floor":31,"key":"Red Mask"},{"floor":36,"key":"Mango"},{"floor":41,"key":"Pen Nib"}],"event_choices":[{"damage_healed":0,"gold_gain":0,"player_choice":"Lose Max HP","damage_taken":0,"relics_obtained":["Golden Idol"],"max_hp_gain":0,"max_hp_loss":6,"event_name":"Golden Idol","floor":2,"gold_loss":0},{"cards_removed":["Reboot"],"damage_healed":17,"gold_gain":0,"player_choice":"Offered Rare","damage_taken":0,"max_hp_gain":10,"max_hp_loss":0,"event_name":"Bonfire Elementals","floor":5,"gold_loss":0},{"damage_healed":0,"gold_gain":0,"player_choice":"Ignored","damage_taken":0,"max_hp_gain":0,"max_hp_loss":0,"event_name":"Vampires","floor":19,"gold_loss":0},{"damage_healed":0,"gold_gain":0,"player_choice":"Rummage","damage_taken":0,"relics_obtained":["WarpedTongs"],"max_hp_gain":0,"max_hp_loss":0,"event_name":"Accursed Blacksmith","floor":20,"gold_loss":0,"cards_obtained":["Pain"]},{"damage_healed":0,"gold_gain":0,"player_choice":"Fought Bandits","damage_taken":0,"max_hp_gain":0,"max_hp_loss":0,"event_name":"Masked Bandits","floor":31,"gold_loss":0},{"damage_healed":0,"gold_gain":0,"player_choice":"Fight","damage_taken":0,"max_hp_gain":0,"max_hp_loss":0,"event_name":"MindBloom","floor":36,"gold_loss":0},{"cards_removed":["Strike_B"],"damage_healed":0,"gold_gain":0,"player_choice":"Purged","damage_taken":0,"max_hp_gain":0,"max_hp_loss":0,"event_name":"Purifier","floor":37,"gold_loss":0},{"damage_healed":0,"gold_gain":0,"player_choice":"Trade","damage_taken":0,"relics_obtained":["CultistMask"],"max_hp_gain":0,"max_hp_loss":0,"event_name":"FaceTrader","floor":39,"gold_loss":0}],"is_beta":false,"boss_relics":[{"not_picked":["White Beast Statue","ReplayTheSpireMod:Onyx Gauntlets","ReplayTheSpireMod:DimensionalGlitch"]},{"not_picked":["Runic Pyramid","Eternal Feather"],"picked":"Inserter"}],"items_purged_floors":[3,14,28],"is_endless":false,"potions_floor_spawned":[4,7,12,22,25,31,35,38,41],"killed_by":"Maw","ascension_level":6}