{"gold_per_floor":[110,130,205,223,239,266,266,92,118,153,153,166,194,213,213,310,310,330,341,241,267,278,304,304,337,337,337,369,47,47,63,63,159,159,179,454,466,478,478],"floor_reached":39,"playtime":2888,"items_purged":["Strike_B","Strike_B"],"score":599,"play_id":"0e0f92e3-5955-4a4c-99e7-4eec36e9d848","local_time":"20190904010439","is_ascension_mode":true,"campfire_choices":[{"floor":7,"key":"REST"},{"data":"Defragment","floor":11,"key":"SMITH"},{"floor":15,"key":"REST"},{"floor":24,"key":"REST"},{"data":"Strike_B","floor":27,"key":"PURGE"},{"floor":32,"key":"REST"}],"neow_cost":"NONE","seed_source_timestamp":38849420726500,"circlet_count":0,"master_deck":["Strike_B","Defend_B","Defend_B","Defend_B","Defend_B","Zap","Dualcast","Ball Lightning","Coolheaded","Self Repair","Barrage","Ball Lightning","Capacitor","Steam","Defragment+1","Compile Driver","Amplify","Biased Cognition","Conserve Battery","FTL","Hologram+1","Self Repair","Loop","Buffer","Regret","Genetic Algorithm","Static Discharge+1"],"relics":["Cracked Core","Regal Pillow","Happy Flower","PreservedInsect","Bronze Scales","Fusion Hammer","Red Mask","Peace Pipe","Potion Belt","Pantograph","Dodecahedron","Cables","Inserter"],"potions_floor_usage":[6,16,21,21,33],"damage_taken":[{"damage":1,"enemies":"Cultist","floor":1,"turns":3},{"damage":1,"enemies":"2 Louse","floor":2,"turns":2},{"damage":2,"enemies":"Jaw Worm","floor":4,"turns":3},{"damage":4,"enemies":"Exordium Wildlife","floor":5,"turns":3},{"damage":45,"enemies":"3 Sentries","floor":6,"turns":8},{"damage":19,"enemies":"Lagavulin","floor":10,"turns":5},{"damage":0,"enemies":"Looter","floor":12,"turns":2},{"damage":22,"enemies":"3 Sentries","floor":13,"turns":5},{"damage":21,"enemies":"Lots of Slimes","floor":14,"turns":3},{"damage":12,"enemies":"Slime Boss","floor":16,"turns":8},{"damage":27,"enemies":"Spheric Guardian","floor":18,"turns":4},{"damage":7,"enemies":"Chosen","floor":19,"turns":3},{"damage":20,"enemies":"Masked Bandits","floor":21,"turns":4},{"damage":12,"enemies":"Snecko","floor":22,"turns":4},{"damage":26,"enemies":"Gremlin Leader","floor":23,"turns":6},{"damage":39,"enemies":"Slavers","floor":25,"turns":4},{"damage":29,"enemies":"Gremlin Leader","floor":28,"turns":6},{"damage":8,"enemies":"Centurion and Healer","floor":31,"turns":5},{"damage":50,"enemies":"Automaton","floor":33,"turns":8},{"damage":0,"enemies":"3 Shapes","floor":35,"turns":5},{"damage":43,"enemies":"3 Darklings","floor":37,"turns":5},{"damage":39,"enemies":"Spire Growth","floor":38,"turns":5},{"damage":30,"enemies":"Transient","floor":39,"turns":4}],"seed_played":"3824760128223769435","potions_obtained":[{"floor":1,"key":"Swift Potion"},{"floor":4,"key":"AttackPotion"},{"floor":6,"key":"SpeedPotion"},{"floor":13,"key":"AttackPotion"},{"floor":19,"key":"Block Potion"},{"floor":22,"key":"Ancient Potion"},{"floor":23,"key":"LiquidBronze"},{"floor":31,"key":"Block Potion"},{"floor":37,"key":"Weak Potion"},{"floor":38,"key":"Strength Potion"}],"is_trial":false,"path_per_floor":["M","M","?","M","M","E","R","$","T","E","R","M","E","M","R","B",null,"M","M","$","?","M","E","R","E","T","R","E","$","?","M","R","B",null,"M","?","M","M","M"],"character_chosen":"DEFECT","items_purchased":["Capacitor","Steam","Cables","Self Repair"],"campfire_rested":4,"item_purchase_floors":[8,8,29,29],"current_hp_per_floor":[74,73,62,60,63,25,64,64,64,52,52,52,37,23,62,57,76,63,56,56,36,31,19,58,33,33,33,18,18,18,24,63,46,73,82,82,60,21,0],"gold":478,"neow_bonus":"TEN_PERCENT_HP_BONUS","is_prod":false,"is_daily":false,"chose_seed":false,"campfire_upgraded":1,"win_rate":0,"timestamp":1567573479,"path_taken":["M","?","?","M","M","E","R","$","T","E","R","M","E","M","R","BOSS","M","M","$","?","M","E","R","E","T","R","E","$","?","M","R","BOSS","M","?","M","?","M"],"build_version":"2019-07-17","purchased_purges":2,"victory":false,"max_hp_per_floor":[82,82,82,82,82,82,82,82,82,82,82,82,82,82,82,82,82,82,82,82,82,82,82,82,82,82,82,82,82,82,82,82,82,82,82,82,82,82,82],"card_choices":[{"not_picked":["Heatsinks","Hologram"],"picked":"Ball Lightning","floor":1},{"not_picked":["Gash","Redo"],"picked":"Coolheaded","floor":2},{"not_picked":["Compile Driver","Coolheaded"],"picked":"Self Repair","floor":4},{"not_picked":["Turbo","Reprogram"],"picked":"Barrage","floor":5},{"not_picked":["Recycle","Rebound"],"picked":"Ball Lightning","floor":6},{"not_picked":["Heatsinks","Redo"],"picked":"Defragment","floor":10},{"not_picked":["Gash","Storm"],"picked":"Compile Driver","floor":12},{"not_picked":["Storm","Hologram"],"picked":"Amplify","floor":13},{"not_picked":["Reprogram","Gash","Storm"],"picked":"SKIP","floor":14},{"not_picked":["Hyperbeam","Meteor Strike"],"picked":"Biased Cognition","floor":16},{"not_picked":["Barrage","Sunder"],"picked":"Conserve Battery","floor":18},{"not_picked":["Barrage","Compile Driver","Steam Power"],"picked":"SKIP","floor":19},{"not_picked":["Ball Lightning+1","Leap","Barrage+1"],"picked":"SKIP","floor":22},{"not_picked":["Chill","Gash"],"picked":"FTL","floor":23},{"not_picked":["Beam Cell","Heatsinks"],"picked":"Hologram+1","floor":25},{"not_picked":["Lockon","Rainbow","Blizzard"],"picked":"SKIP","floor":28},{"not_picked":["Lockon","Streamline+1","Heatsinks"],"picked":"SKIP","floor":31},{"not_picked":["Thunder Strike","Amplify"],"picked":"Buffer","floor":33},{"not_picked":["Heatsinks+1","Stack+1","Hello World"],"picked":"SKIP","floor":35},{"not_picked":["Cold Snap","Streamline+1"],"picked":"Genetic Algorithm","floor":37},{"not_picked":["Hello World","Streamline+1"],"picked":"Static Discharge+1","floor":38}],"player_experience":384396,"relics_obtained":[{"floor":6,"key":"Regal Pillow"},{"floor":9,"key":"Happy Flower"},{"floor":10,"key":"PreservedInsect"},{"floor":13,"key":"Bronze Scales"},{"floor":21,"key":"Red Mask"},{"floor":23,"key":"Peace Pipe"},{"floor":25,"key":"Potion Belt"},{"floor":26,"key":"Pantograph"},{"floor":28,"key":"Dodecahedron"}],"event_choices":[{"damage_healed":0,"gold_gain":75,"player_choice":"Gather Gold","damage_taken":11,"max_hp_gain":0,"max_hp_loss":0,"event_name":"World of Goop","floor":3,"gold_loss":0},{"damage_healed":0,"gold_gain":0,"player_choice":"Fought Bandits","damage_taken":0,"max_hp_gain":0,"max_hp_loss":0,"event_name":"Masked Bandits","floor":21,"gold_loss":0},{"damage_healed":0,"gold_gain":0,"player_choice":"Read","damage_taken":0,"max_hp_gain":0,"max_hp_loss":0,"event_name":"The Library","floor":30,"gold_loss":0,"cards_obtained":["Loop"]},{"damage_healed":0,"gold_gain":275,"player_choice":"Desecrate","damage_taken":0,"max_hp_gain":0,"max_hp_loss":0,"event_name":"Golden Shrine","floor":36,"gold_loss":0,"cards_obtained":["Regret"]}],"is_beta":false,"boss_relics":[{"not_picked":["Busted Crown","Eternal Feather"],"picked":"Fusion Hammer"},{"not_picked":["Runic Dome","Philosopher\u0027s Stone"],"picked":"Inserter"}],"items_purged_floors":[8,20],"is_endless":false,"potions_floor_spawned":[1,4,6,13,19,22,23,31,37,38],"killed_by":"Transient","ascension_level":6}