{"gold_per_floor":[112,123,142,152,227,257,257,290,314,325,325,275,275,46,46,141,141,158,26,26,39,57,91,91,91],"floor_reached":25,"playtime":2350,"items_purged":["Strike_G"],"score":300,"play_id":"acb1bd8c-18cf-4f8b-924c-963759519ba8","local_time":"20190530025653","is_ascension_mode":true,"campfire_choices":[{"data":"Tools of the Trade","floor":7,"key":"SMITH"},{"floor":11,"key":"REST"},{"data":"Neutralize","floor":13,"key":"SMITH"},{"floor":15,"key":"REST"},{"data":"Noxious Fumes","floor":24,"key":"SMITH"}],"neow_cost":"NONE","seed_source_timestamp":3645023111237879,"circlet_count":0,"master_deck":["Defend_G","Defend_G","Defend_G+1","Defend_G","Defend_G","Strike_G","Strike_G","Strike_G","Survivor","Neutralize+1","Tools of the Trade+1","Dash","Backstab","Acrobatics","Predator","Infinite Blades","Caltrops","Blur","Glass Knife","Dodge and Roll+1","Noxious Fumes+1","Backflip","Backflip+1","Cloak And Dagger"],"relics":["Ring of the Snake","Gremlin Horn","Vajra","Potion Belt","Snecko Eye","War Paint"],"potions_floor_usage":[16,23,23,25],"damage_taken":[{"damage":0,"enemies":"Cultist","floor":1,"turns":3},{"damage":3,"enemies":"2 Louse","floor":2,"turns":4},{"damage":2,"enemies":"Jaw Worm","floor":3,"turns":4},{"damage":0,"enemies":"Looter","floor":4,"turns":3},{"damage":22,"enemies":"3 Sentries","floor":6,"turns":9},{"damage":16,"enemies":"Gremlin Nob","floor":8,"turns":5},{"damage":0,"enemies":"3 Louse","floor":10,"turns":2},{"damage":20,"enemies":"The Guardian","floor":16,"turns":13},{"damage":2,"enemies":"3 Byrds","floor":18,"turns":5},{"damage":7,"enemies":"Chosen","floor":21,"turns":4},{"damage":0,"enemies":"Snecko","floor":22,"turns":5},{"damage":30,"enemies":"Slavers","floor":23,"turns":5},{"damage":25,"enemies":"Gremlin Leader","floor":25,"turns":7}],"seed_played":"-4057844715867239635","potions_obtained":[{"floor":2,"key":"Fire Potion"},{"floor":4,"key":"Strength Potion"},{"floor":6,"key":"Strength Potion"},{"floor":18,"key":"GhostInAJar"},{"floor":21,"key":"SpeedPotion"},{"floor":22,"key":"Strength Potion"}],"is_trial":false,"path_per_floor":["M","M","M","M","?","E","R","E","T","M","R","?","R","$","R","B",null,"M","$","?","M","M","E","R","E"],"character_chosen":"THE_SILENT","items_purchased":["Caltrops","Blur","Noxious Fumes","Backflip"],"campfire_rested":2,"item_purchase_floors":[14,14,19,19],"current_hp_per_floor":[63,60,58,58,47,25,25,9,9,9,30,30,30,30,51,31,60,58,58,58,51,51,21,21,0],"gold":91,"neow_bonus":"ONE_RANDOM_RARE_CARD","is_prod":false,"is_daily":false,"chose_seed":false,"campfire_upgraded":3,"win_rate":0,"timestamp":1559199413,"path_taken":["M","M","?","M","?","E","R","E","T","M","R","?","R","$","R","BOSS","M","$","?","M","M","E","R","E"],"build_version":"2019-01-23","purchased_purges":1,"victory":false,"max_hp_per_floor":[70,70,70,70,70,70,70,70,70,70,70,70,70,70,70,70,70,70,70,70,70,70,70,70,70],"card_choices":[{"not_picked":["Dodge and Roll","Poisoned Stab"],"picked":"Dash","floor":1},{"not_picked":["Dagger Throw","Envenom"],"picked":"Backstab","floor":2},{"not_picked":["Setup","Flying Knee"],"picked":"Acrobatics","floor":3},{"not_picked":["Blade Dance","Masterful Stab"],"picked":"Predator","floor":4},{"not_picked":["Poisoned Stab","Blade Dance"],"picked":"Infinite Blades","floor":6},{"not_picked":["Acrobatics","Masterful Stab","Riddle With Holes"],"picked":"SKIP","floor":8},{"not_picked":["Dagger Throw","Prepared","Riddle With Holes"],"picked":"SKIP","floor":10},{"not_picked":["Venomology","Bullet Time"],"picked":"Glass Knife","floor":16},{"not_picked":["Acrobatics","Quick Slash"],"picked":"Dodge and Roll","floor":18},{"not_picked":["Deflect","Quick Slash"],"picked":"Backflip+1","floor":21},{"not_picked":["Poisoned Stab","Dagger Spray+1"],"picked":"Cloak And Dagger","floor":22},{"not_picked":["Quick Slash","Sucker Punch","Dodge and Roll+1"],"picked":"SKIP","floor":23}],"player_experience":308273,"relics_obtained":[{"floor":6,"key":"Gremlin Horn"},{"floor":8,"key":"Vajra"},{"floor":9,"key":"Potion Belt"},{"floor":23,"key":"War Paint"}],"event_choices":[{"damage_healed":0,"gold_gain":75,"player_choice":"Gather Gold","damage_taken":11,"max_hp_gain":0,"max_hp_loss":0,"event_name":"World of Goop","floor":5,"gold_loss":0},{"cards_removed":["Strike_G"],"damage_healed":0,"gold_gain":0,"player_choice":"Card Removal","damage_taken":0,"max_hp_gain":0,"max_hp_loss":0,"event_name":"The Cleric","floor":12,"gold_loss":50},{"damage_healed":0,"gold_gain":0,"player_choice":"Ignored","damage_taken":0,"max_hp_gain":0,"max_hp_loss":0,"event_name":"The Mausoleum","floor":20,"gold_loss":0}],"is_beta":false,"boss_relics":[{"not_picked":["Coffee Dripper","Black Star"],"picked":"Snecko Eye"}],"items_purged_floors":[14],"is_endless":false,"potions_floor_spawned":[2,4,6,8,18,21,22],"killed_by":"Gremlin Leader","ascension_level":6}