{"gold_per_floor":[207,219,219,219,219,219,219,219,219,251,268,293,293,408,408,507,507,525,525,543,559,559,589,589,621,621,651,566,566,584,359,359,463,463,574,588,588,688,688,722,722,750,750,767,795,795,821,875,875,875,875,875,727,756,756],"floor_reached":56,"playtime":5063,"items_purged":["Pain","Strike_B"],"score":1665,"play_id":"a7c22a5d-fb20-4bb1-a715-dca6dbf334eb","local_time":"20190502021219","is_ascension_mode":true,"campfire_choices":[{"data":"Genetic Algorithm","floor":6.0,"key":"SMITH"},{"data":"Biased Cognition","floor":8.0,"key":"SMITH"},{"data":"Fusion","floor":13.0,"key":"SMITH"},{"data":"Sweeping Beam","floor":15.0,"key":"SMITH"},{"data":"Creative AI","floor":24,"key":"SMITH"},{"floor":32,"key":"REST"},{"floor":41,"key":"REST"},{"floor":46,"key":"REST"},{"floor":49,"key":"RECALL"},{"floor":52,"key":"REST"}],"neow_cost":"NONE","seed_source_timestamp":0,"circlet_count":0,"master_deck":["Strike_B","Defend_B","Defend_B","Defend_B","Defend_B","Dualcast","Biased Cognition+1","Compile Driver","Genetic Algorithm+1","Glacier+1","Ball Lightning+1","Fusion+1","Steam","Sweeping Beam+1","Electrodynamics","Static Discharge","Creative AI+1","Coolheaded","Ball Lightning+1","Cold Snap","Self Repair","FIFO Queue","Consume","Barrage","Defragment","CommonCold","Defragment","All For One","Conserve Battery","Gash+1","Coolheaded+1","infinitespire:Menacing","Scrape","Gash","Consume+1","Go for the Eyes","Buffer","Hologram+1"],"special_seed":0,"relics":["FrozenCore","Garlic","infinitespire:CursedDice","infinitespire:Lucky Rock","Question Card","infinitespire:ShieldingShard","Replay:Grab Bag","Cursed Key","Philosopher\u0027s Stone","Orrery","Blood Vial","Pet Ghost","infinitespire:EmpoweringShard","Dream Catcher","Mirror","WarpedTongs","Omamori","Fusion Hammer","Durian","infinitespire:Golems Mask","ReplayTheSpireMod:Bottled Eggs","infinitespire:Broken Mirror","Shuriken","Geode","Replay:Wax Seal"],"potions_floor_usage":[23,27,50,54],"damage_taken":[{"damage":9.0,"enemies":"Jaw Worm","floor":1.0,"turns":3.0},{"damage":0.0,"enemies":"2 Louse","floor":2.0,"turns":2.0},{"damage":11.0,"enemies":"3 Sentries","floor":10.0,"turns":13.0},{"damage":0.0,"enemies":"Small Slimes","floor":11.0,"turns":2.0},{"damage":10.0,"enemies":"Lagavulin","floor":12.0,"turns":7.0},{"damage":4.0,"enemies":"Blue Slaver","floor":14.0,"turns":4.0},{"damage":15.0,"enemies":"Hexaghost","floor":16.0,"turns":14.0},{"damage":0,"enemies":"Chosen","floor":18,"turns":5},{"damage":0,"enemies":"Shell Parasite","floor":20,"turns":8},{"damage":1,"enemies":"Sentry and Sphere","floor":21,"turns":4},{"damage":24,"enemies":"Gremlin Leader","floor":23,"turns":7},{"damage":39,"enemies":"Book of Stabbing","floor":25,"turns":7},{"damage":5,"enemies":"Slavers","floor":27,"turns":7},{"damage":3,"enemies":"Centurion and Healer","floor":30,"turns":6},{"damage":3,"enemies":"Automaton","floor":33,"turns":13},{"damage":5,"enemies":"3 Darklings","floor":35,"turns":5},{"damage":7,"enemies":"3 Shapes","floor":36,"turns":5},{"damage":10,"enemies":"infinitespire:Three Voidlings","floor":38,"turns":6},{"damage":68,"enemies":"Nightmare_Alpha","floor":38,"turns":10},{"damage":5,"enemies":"R_Hoarder","floor":40,"turns":6},{"damage":32,"enemies":"Reptomancer","floor":42,"turns":7},{"damage":11,"enemies":"3 Darklings","floor":44,"turns":5},{"damage":0,"enemies":"Nemesis","floor":45,"turns":9},{"damage":0,"enemies":"Giant Head","floor":47,"turns":9},{"damage":32,"enemies":"infinitespire:MassOfShapes","floor":50,"turns":10},{"damage":57,"enemies":"Shield and Spear","floor":54,"turns":7},{"damage":58,"enemies":"The Heart","floor":55,"turns":10}],"seed_played":"3152435087352524981","potions_obtained":[{"floor":1.0,"key":"PowerPotion"},{"floor":12.0,"key":"Dexterity Potion"},{"floor":14.0,"key":"Reflective Coating"},{"floor":21,"key":"Poison Potion"},{"floor":23,"key":"Elixir"},{"floor":25,"key":"Strength Potion"},{"floor":35,"key":"Dexterity Potion"}],"is_trial":false,"path_per_floor":["M","M","?","?","?","R","?","R","T","E","M","E","R","M","R","B",null,"M","?","M","M","?","E","R","E","T","E","?","?","M","$","R","B",null,"M","M","?","?","?","E","R","E","T","M","E","R","E","T","R","B",null,"R","$","E","B",null],"character_chosen":"DEFECT","items_purchased":["Omamori","SkillPotion"],"campfire_rested":4,"item_purchase_floors":[31,53],"current_hp_per_floor":[66,66,71,71,71,71,68,68,68,57,57,47,47,43,43,28,67,67,67,67,73,73,56,56,26,26,23,23,23,22,22,46,52,73,77,79,79,24,24,21,46,16,16,17,29,54,63,63,63,40,74,85,85,35,30],"gold":756,"neow_bonus":"ONE_RANDOM_RARE_CARD","is_prod":false,"is_daily":false,"chose_seed":false,"campfire_upgraded":5,"win_rate":0,"timestamp":1556777539,"path_taken":["M","M","?","?","?","R","?","R","T","E","M","E","R","M","R","BOSS","M","?","M","M","?","E","R","E","T","E","?","?","?","$","R","BOSS","M","M","?","?","?","E","R","E","T","?","E","R","E","?","R","BOSS","R","$","E","BOSS"],"build_version":"2019-01-23","purchased_purges":2,"victory":true,"max_hp_per_floor":[75,75,80,80,80,80,80,80,80,80,80,80,80,80,80,80,80,80,80,80,80,80,80,80,80,80,80,80,80,80,80,80,80,80,80,80,80,85,85,85,85,85,85,85,85,85,85,85,85,85,85,85,85,85,85],"card_choices":[{"not_picked":["Rip and Tear","Go for the Eyes"],"picked":"Compile Driver","floor":1.0},{"not_picked":["Darkness","ReplayTheSpireMod:Repulse"],"picked":"Genetic Algorithm","floor":2.0},{"not_picked":["Sweeping Beam","BootSequence"],"picked":"Ball Lightning","floor":10.0},{"not_picked":["ReplayGash","Rebound","BasicCrystalCard"],"picked":"Fusion","floor":11.0},{"not_picked":["Compile Driver","BasicCrystalCard","Rainbow"],"picked":"Steam","floor":12.0},{"not_picked":["Compile Driver","Leap","Barrage"],"picked":"Sweeping Beam","floor":14.0},{"not_picked":["Fission","Seek","ReplayTheSpireMod:Omega Cannon"],"picked":"Electrodynamics","floor":16.0},{"not_picked":["BasicCrystalCard","Ball Lightning","Tempest"],"picked":"Static Discharge","floor":17},{"not_picked":["Redo","Go for the Eyes","FTL"],"picked":"Creative AI","floor":17},{"not_picked":["Force Field","Stack","Steam Power"],"picked":"Coolheaded","floor":17},{"not_picked":["Stack","Rebound","Cold Snap"],"picked":"Ball Lightning","floor":17},{"not_picked":["Redo","Streamline","Rebound"],"picked":"Cold Snap","floor":17},{"not_picked":["ReplayTheSpireMod:Repulse","Steam","Turbo","Fusion+1"],"picked":"SKIP","floor":18},{"not_picked":["Panic Button+1","Beam Cell","Redo"],"picked":"Self Repair","floor":20},{"not_picked":["Ball Lightning+1","Rebound","Steam"],"picked":"FIFO Queue","floor":21},{"not_picked":["ReplaySolidLightProjector+1","Leap","Fusion"],"picked":"Barrage","floor":23},{"not_picked":["Reboot","Capacitor","Turbo"],"picked":"Defragment","floor":25},{"not_picked":["BasicCrystalCard","Streamline","Auto Shields"],"picked":"Defragment","floor":27},{"not_picked":["Stack","Leap","Steam","Rebound"],"picked":"SKIP","floor":30},{"not_picked":["Machine Learning","Multi-Cast","Fission"],"picked":"All For One","floor":33},{"not_picked":["Streamline+1","Rebound","Reprogram+1"],"picked":"Conserve Battery","floor":35},{"not_picked":["Rebound","Barrage+1","Turbo+1"],"picked":"Gash+1","floor":36},{"not_picked":["Turbo","Ball Lightning","Compile Driver"],"picked":"Coolheaded+1","floor":38},{"not_picked":["Replay:Fractal Strike","infinitespire:NeuralNetwork"],"picked":"infinitespire:Menacing","floor":38},{"not_picked":["Conserve Battery","Stack","Force Field+1"],"picked":"Gash","floor":40},{"not_picked":["Aggregate+1","Sunder","Gash"],"picked":"Consume+1","floor":41},{"not_picked":["Gash+1","Barrage","Conserve Battery"],"picked":"Go for the Eyes","floor":42},{"not_picked":["ReplayTheSpireMod:System Scan+1","Stack","Streamline+1"],"picked":"Buffer","floor":44},{"not_picked":["Streamline","Capacitor+1","Chaos","Sweeping Beam+1"],"picked":"SKIP","floor":45},{"not_picked":["Compile Driver+1","Leap+1","Redo"],"picked":"Hologram+1","floor":47},{"not_picked":["Compile Driver+1","Force Field","Rebound+1","BasicCrystalCard+1"],"picked":"SKIP","floor":54}],"player_experience":263822,"relics_obtained":[{"floor":9.0,"key":"infinitespire:CursedDice"},{"floor":10.0,"key":"infinitespire:Lucky Rock"},{"floor":12.0,"key":"infinitespire:ShieldingShard"},{"floor":23,"key":"Blood Vial"},{"floor":25,"key":"Pet Ghost"},{"floor":26,"key":"infinitespire:EmpoweringShard"},{"floor":27,"key":"Dream Catcher"},{"floor":38,"key":"Durian"},{"floor":40,"key":"infinitespire:Golems Mask"},{"floor":42,"key":"ReplayTheSpireMod:Bottled Eggs"},{"floor":45,"key":"infinitespire:Broken Mirror"},{"floor":47,"key":"Shuriken"},{"floor":48,"key":"Geode"},{"floor":54,"key":"Replay:Wax Seal"}],"event_choices":[{"damage_healed":0.0,"max_hp_gain":5.0,"max_hp_loss":0.0,"gold_gain":0.0,"event_name":"Big Fish","player_choice":"Donut","floor":3.0,"gold_loss":0.0,"damage_taken":0.0},{"damage_healed":0.0,"max_hp_gain":0.0,"max_hp_loss":0.0,"gold_gain":0.0,"event_name":"Liars Game","player_choice":"Ignored","floor":4.0,"gold_loss":0.0,"damage_taken":0.0},{"damage_healed":0.0,"max_hp_gain":0.0,"max_hp_loss":0.0,"gold_gain":0.0,"event_name":"Scrap Ooze","player_choice":"Success","floor":7.0,"gold_loss":0.0,"damage_taken":3.0,"relics_obtained":["Garlic"]},{"cards_removed":["Strike_B"],"damage_healed":0,"gold_gain":0,"player_choice":"Elegance","damage_taken":0,"max_hp_gain":0,"max_hp_loss":0,"event_name":"Back to Basics","floor":19,"gold_loss":0},{"damage_healed":0,"gold_gain":0,"player_choice":"Read","damage_taken":0,"max_hp_gain":0,"max_hp_loss":0,"event_name":"The Library","floor":22,"gold_loss":0,"cards_obtained":["Consume"]},{"damage_healed":0,"gold_gain":0,"player_choice":"Obtained Relic","damage_taken":0,"relics_obtained":["Mirror"],"max_hp_gain":0,"max_hp_loss":0,"event_name":"Addict","floor":28,"gold_loss":85},{"damage_healed":0,"gold_gain":0,"player_choice":"Rummage","damage_taken":0,"relics_obtained":["WarpedTongs"],"max_hp_gain":0,"max_hp_loss":0,"event_name":"Accursed Blacksmith","floor":29,"gold_loss":0,"cards_obtained":["Pain"]},{"damage_healed":0,"gold_gain":0,"player_choice":"Ignored","damage_taken":0,"max_hp_gain":0,"max_hp_loss":0,"event_name":"Tomb of Lord Red Mask","floor":37,"gold_loss":0},{"damage_healed":0,"gold_gain":0,"cards_transformed":["Strike_B"],"player_choice":"Transformed","damage_taken":0,"max_hp_gain":0,"max_hp_loss":0,"event_name":"Transmorgrifier","floor":39,"gold_loss":0,"cards_obtained":["Scrape"]}],"is_beta":false,"boss_relics":[{"not_picked":["Pandora\u0027s Box","Inserter"],"picked":"Replay:Grab Bag"},{"not_picked":["infinitespire:Cupcake","Velvet Choker"],"picked":"Cursed Key"},{"not_picked":["Abe\u0027s Treasure","Runic Dome"],"picked":"Philosopher\u0027s Stone"},{"not_picked":["Lizard Tail","ReplayTheSpireMod:SealedPack"],"picked":"FrozenCore"},{"not_picked":["Eternal Feather","Black Star"],"picked":"Orrery"},{"not_picked":["Replay:Bronze Core","ChewingGum"],"picked":"Fusion Hammer"}],"items_purged_floors":[31,53],"is_endless":false,"potions_floor_spawned":[1,12,14,21,23,25,35,40,45,47],"ascension_level":5}