{"gold_per_floor":[118,135,85,85,101,135,135,161,184,212,225,225,225,237,237,337,337,349,349,13,25,44,70,70,70],"floor_reached":25,"playtime":1165,"items_purged":["Strike_R"],"score":301,"play_id":"c4451296-945a-48f5-a3d9-5d704b7c6beb","local_time":"20190807023628","is_ascension_mode":true,"campfire_choices":[{"data":"Uppercut","floor":7,"key":"SMITH"},{"floor":12,"key":"REST"},{"data":"Armaments","floor":15,"key":"SMITH"},{"floor":24,"key":"REST"}],"neow_cost":"NONE","seed_source_timestamp":4606752569783334,"circlet_count":0,"master_deck":["Strike_R","Strike_R","Defend_R","Defend_R","Defend_R","Defend_R+1","Bash+1","Heavy Blade","Anger","Rampage","Uppercut+1","Armaments+1","Sword Boomerang","Shrug It Off","Fiend Fire","Feel No Pain","Reaper","True Grit","Flame Barrier","Dark Embrace","Burning Pact+1"],"relics":["Burning Blood","Vajra","Juzu Bracelet","Gremlin Horn","Fusion Hammer","Nloth\u0027s Gift","Membership Card","Darkstone Periapt"],"potions_floor_usage":[6,16,16,22,23],"damage_taken":[{"damage":4,"enemies":"2 Louse","floor":1,"turns":4},{"damage":9,"enemies":"Jaw Worm","floor":2,"turns":3},{"damage":6,"enemies":"Cultist","floor":5,"turns":3},{"damage":20,"enemies":"Lagavulin","floor":6,"turns":4},{"damage":12,"enemies":"Gremlin Nob","floor":8,"turns":3},{"damage":25,"enemies":"Lagavulin","floor":10,"turns":5},{"damage":17,"enemies":"Large Slime","floor":11,"turns":5},{"damage":0,"enemies":"3 Louse","floor":14,"turns":2},{"damage":23,"enemies":"Slime Boss","floor":16,"turns":8},{"damage":0,"enemies":"Chosen","floor":18,"turns":3},{"damage":22,"enemies":"Spheric Guardian","floor":21,"turns":5},{"damage":41,"enemies":"3 Cultists","floor":22,"turns":6},{"damage":69,"enemies":"Slavers","floor":23,"turns":6},{"damage":34,"enemies":"Book of Stabbing","floor":25,"turns":5}],"seed_played":"-5780649682773351758","potions_obtained":[{"floor":2,"key":"Explosive Potion"},{"floor":5,"key":"SteroidPotion"},{"floor":10,"key":"SkillPotion"},{"floor":16,"key":"Poison Potion"},{"floor":21,"key":"GamblersBrew"},{"floor":22,"key":"FairyPotion"}],"is_trial":false,"path_per_floor":["M","M","?","?","M","E","R","E","T","E","M","R","?","M","R","B",null,"M","?","$","M","M","E","R","E"],"character_chosen":"IRONCLAD","items_purchased":["Membership Card","Feel No Pain","Reaper","True Grit"],"campfire_rested":2,"item_purchase_floors":[20,20,20,20],"current_hp_per_floor":[80,77,77,61,61,47,47,41,41,22,11,35,61,67,67,50,73,79,79,79,63,45,7,31,0],"gold":70,"neow_bonus":"REMOVE_CARD","is_prod":false,"is_daily":false,"chose_seed":false,"campfire_upgraded":2,"win_rate":0,"timestamp":1565159788,"path_taken":["M","M","?","?","M","E","R","E","T","E","M","R","?","M","R","BOSS","M","?","?","M","M","E","R","E"],"build_version":"2019-07-17","purchased_purges":1,"victory":false,"max_hp_per_floor":[80,80,80,80,80,80,80,80,80,80,80,80,80,80,80,80,80,80,80,80,80,80,80,80,80],"card_choices":[{"not_picked":["Pommel Strike","Burning Pact"],"picked":"Heavy Blade","floor":1},{"not_picked":["Combust","Thunderclap"],"picked":"Anger","floor":2},{"not_picked":["Anger","Cleave"],"picked":"Rampage","floor":5},{"not_picked":["Thunderclap","Shrug It Off"],"picked":"Uppercut","floor":6},{"not_picked":["Wild Strike","Whirlwind"],"picked":"Armaments","floor":8},{"not_picked":["Dropkick","Dual Wield"],"picked":"Sword Boomerang","floor":10},{"not_picked":["Exhume","Havoc"],"picked":"Shrug It Off","floor":11},{"not_picked":["Searing Blow","Dropkick","Carnage"],"picked":"SKIP","floor":14},{"not_picked":["Berserk","Double Tap"],"picked":"Fiend Fire","floor":16},{"not_picked":["Sentinel","Perfected Strike+1","Pummel"],"picked":"SKIP","floor":18},{"not_picked":["Rage+1","Clothesline"],"picked":"Flame Barrier","floor":21},{"not_picked":["Flex","Headbutt+1"],"picked":"Dark Embrace","floor":22},{"not_picked":["Rampage","Iron Wave+1"],"picked":"Burning Pact+1","floor":23}],"player_experience":359628,"relics_obtained":[{"floor":6,"key":"Art of War"},{"floor":8,"key":"Vajra"},{"floor":9,"key":"Juzu Bracelet"},{"floor":10,"key":"Gremlin Horn"},{"floor":23,"key":"Darkstone Periapt"}],"event_choices":[{"cards_removed":["Strike_R"],"damage_healed":0,"gold_gain":0,"player_choice":"Card Removal","damage_taken":0,"max_hp_gain":0,"max_hp_loss":0,"event_name":"The Cleric","floor":3,"gold_loss":50},{"damage_healed":0,"gold_gain":0,"player_choice":"Entered Light","damage_taken":16,"max_hp_gain":0,"max_hp_loss":0,"event_name":"Shining Light","floor":4,"gold_loss":0,"cards_upgraded":["Defend_R","Bash"]},{"damage_healed":26,"gold_gain":0,"player_choice":"Banana","damage_taken":0,"max_hp_gain":0,"max_hp_loss":0,"event_name":"Big Fish","floor":13,"gold_loss":0},{"damage_healed":0,"gold_gain":0,"player_choice":"Traded Relic","damage_taken":0,"relics_obtained":["Nloth\u0027s Gift"],"max_hp_gain":0,"max_hp_loss":0,"event_name":"N\u0027loth","floor":19,"relics_lost":["Art of War"],"gold_loss":0}],"is_beta":false,"boss_relics":[{"not_picked":["Runic Cube","Lizard Tail"],"picked":"Fusion Hammer"}],"items_purged_floors":[20],"is_endless":false,"potions_floor_spawned":[2,5,10,16,21,22],"killed_by":"Book of Stabbing","ascension_level":5}