{"gold_per_floor":[117,133,133,133,143,143,175,194,194,214,231,250,263,292,292,388,388,398,384,384,116,132,165,165,194,194,194,194],"floor_reached":28,"playtime":1696,"items_purged":["Strike_G"],"score":326,"play_id":"aa8eb75d-a432-4eff-b875-125ae83158ed","local_time":"20190416033141","is_ascension_mode":true,"campfire_choices":[{"data":"Neutralize","floor":6,"key":"SMITH"},{"floor":15,"key":"REST"},{"data":"Footwork","floor":24,"key":"SMITH"}],"neow_cost":"NONE","seed_source_timestamp":2753266716857314,"circlet_count":0,"master_deck":["Defend_G","Defend_G","Defend_G","Defend_G","Defend_G","Strike_G","Strike_G","Strike_G","Survivor","Neutralize+1","Caltrops","Finisher","Poisoned Stab","Quick Slash","PiercingWail","Endless Agony","Footwork+1","Crippling Poison","PiercingWail","Footwork","Wraith Form v2","Deflect","Footwork+1","Dodge and Roll","Deflect","Dagger Throw+1","Doubt"],"relics":["Ring of the Snake","Vajra","Gremlin Horn","Snake Skull","Art of War","Cursed Key","Sling","Kunai","Bag of Preparation","NlothsMask"],"potions_floor_usage":[7,14],"damage_taken":[{"damage":0,"enemies":"Cultist","floor":1,"turns":4},{"damage":2,"enemies":"Small Slimes","floor":2,"turns":4},{"damage":4,"enemies":"Jaw Worm","floor":5,"turns":3},{"damage":8,"enemies":"Gremlin Nob","floor":7,"turns":3},{"damage":9,"enemies":"Exordium Thugs","floor":8,"turns":4},{"damage":0,"enemies":"Large Slime","floor":10,"turns":4},{"damage":16,"enemies":"Lots of Slimes","floor":11,"turns":2},{"damage":0,"enemies":"2 Fungi Beasts","floor":12,"turns":3},{"damage":8,"enemies":"Looter","floor":13,"turns":3},{"damage":10,"enemies":"3 Sentries","floor":14,"turns":8},{"damage":12,"enemies":"Hexaghost","floor":16,"turns":10},{"damage":0,"enemies":"3 Byrds","floor":18,"turns":4},{"damage":12,"enemies":"2 Thieves","floor":19,"turns":4},{"damage":13,"enemies":"Cultist and Chosen","floor":22,"turns":9},{"damage":25,"enemies":"Slavers","floor":23,"turns":7},{"damage":11,"enemies":"Book of Stabbing","floor":25,"turns":7},{"damage":22,"enemies":"Slavers","floor":28,"turns":1}],"seed_played":"7987064408605226459","potions_obtained":[{"floor":1,"key":"Fire Potion"},{"floor":5,"key":"SteroidPotion"},{"floor":7,"key":"PowerPotion"},{"floor":10,"key":"Ancient Potion"},{"floor":19,"key":"LiquidBronze"}],"is_trial":false,"path_per_floor":["M","M","?","?","M","R","E","M","T","M","M","M","M","E","R","B",null,"M","M","?","$","M","E","R","E","T","?","E"],"character_chosen":"THE_SILENT","items_purchased":["Sling"],"campfire_rested":1,"item_purchase_floors":[21],"current_hp_per_floor":[77,75,68,61,57,57,49,40,40,40,24,24,16,6,29,17,77,77,65,65,65,52,27,27,16,16,16,0],"gold":194,"neow_bonus":"TEN_PERCENT_HP_BONUS","is_prod":false,"is_daily":false,"chose_seed":false,"campfire_upgraded":2,"win_rate":0,"timestamp":1555399901,"path_taken":["M","M","?","?","M","R","E","M","T","M","?","M","M","E","R","BOSS","M","M","?","$","M","E","R","E","T","?","E"],"build_version":"2019-01-23","purchased_purges":1,"victory":false,"max_hp_per_floor":[77,77,77,77,77,77,77,77,77,77,77,77,77,77,77,77,77,77,77,77,77,77,77,77,77,77,77,77],"card_choices":[{"not_picked":["Blade Dance","Slice"],"picked":"Caltrops","floor":1},{"not_picked":["Skewer","Heel Hook"],"picked":"Finisher","floor":2},{"not_picked":["Slice","Bane"],"picked":"Poisoned Stab","floor":5},{"not_picked":["Bane","Night Terror"],"picked":"Quick Slash","floor":7},{"not_picked":["Acrobatics","Endless Agony"],"picked":"PiercingWail","floor":8},{"not_picked":["Bane","Distraction"],"picked":"Endless Agony","floor":10},{"not_picked":["Venomology","Underhanded Strike"],"picked":"Footwork","floor":11},{"not_picked":["Prepared","Setup"],"picked":"Crippling Poison","floor":12},{"not_picked":["Concentrate","Quick Slash"],"picked":"PiercingWail","floor":13},{"not_picked":["Escape Plan","Deflect"],"picked":"Footwork","floor":14},{"not_picked":["Corpse Explosion","Venomology"],"picked":"Wraith Form v2","floor":16},{"not_picked":["Skewer","Sucker Punch"],"picked":"Deflect","floor":18},{"not_picked":["Prepared","Masterful Stab"],"picked":"Footwork+1","floor":19},{"not_picked":["Acrobatics+1","Deflect"],"picked":"Dodge and Roll","floor":22},{"not_picked":["PiercingWail+1","Slice+1"],"picked":"Deflect","floor":23},{"not_picked":["All Out Attack","Grand Finale"],"picked":"Dagger Throw+1","floor":25}],"player_experience":199416,"relics_obtained":[{"floor":7,"key":"Gremlin Horn"},{"floor":9,"key":"Snake Skull"},{"floor":14,"key":"Art of War"},{"floor":23,"key":"Kunai"},{"floor":25,"key":"Bag of Preparation"}],"event_choices":[{"damage_healed":0,"gold_gain":0,"player_choice":"Success","damage_taken":7,"relics_obtained":["Vajra"],"max_hp_gain":0,"max_hp_loss":0,"event_name":"Scrap Ooze","floor":3,"gold_loss":0},{"cards_removed":["Strike_G"],"damage_healed":0,"gold_gain":0,"player_choice":"Card Removal","damage_taken":7,"max_hp_gain":0,"max_hp_loss":0,"event_name":"Golden Wing","floor":4,"gold_loss":0},{"damage_healed":0,"gold_gain":0,"player_choice":"Ignored","damage_taken":0,"max_hp_gain":0,"max_hp_loss":0,"event_name":"Ghosts","floor":20,"gold_loss":0},{"damage_healed":0,"gold_gain":0,"player_choice":"Trade","damage_taken":0,"relics_obtained":["NlothsMask"],"max_hp_gain":0,"max_hp_loss":0,"event_name":"FaceTrader","floor":27,"gold_loss":0}],"is_beta":false,"boss_relics":[{"not_picked":["WristBlade","Ring of the Serpent"],"picked":"Cursed Key"}],"items_purged_floors":[21],"is_endless":false,"potions_floor_spawned":[1,5,7,10,12,19,25],"killed_by":"Slavers","ascension_level":4}