{"gold_per_floor":[14,30,30,46,58,88,88,116,142,161,171,171,186,186,186,315,315,335,359,375,375],"floor_reached":21,"playtime":982,"items_purged":[],"score":244,"play_id":"9fb12684-2492-4df3-89e5-f5f09eef81d3","local_time":"20190606014919","is_ascension_mode":true,"campfire_choices":[{"data":"Uppercut","floor":7,"key":"SMITH"},{"floor":15,"key":"REST"}],"neow_cost":"NO_GOLD","seed_source_timestamp":4247129682126192,"circlet_count":0,"master_deck":["Strike_R","Strike_R","Strike_R","Strike_R","Defend_R","Defend_R","Defend_R","Defend_R","Bash","Sword Boomerang","Wild Strike","Uppercut+1","Clothesline","Fiend Fire","Heavy Blade","Power Through","Hemokinesis","Fiend Fire","Rampage","Havoc"],"relics":["Burning Blood","Calipers","Du-Vu Doll","Bronze Scales","Red Skull","Blood Vial","Golden Idol","Mark of Pain"],"potions_floor_usage":[6,6,8,16,20],"damage_taken":[{"damage":6,"enemies":"Cultist","floor":1,"turns":3},{"damage":14,"enemies":"Jaw Worm","floor":2,"turns":4},{"damage":6,"enemies":"Small Slimes","floor":4,"turns":3},{"damage":23,"enemies":"Exordium Thugs","floor":5,"turns":4},{"damage":30,"enemies":"Lagavulin","floor":6,"turns":5},{"damage":20,"enemies":"3 Sentries","floor":8,"turns":5},{"damage":10,"enemies":"Red Slaver","floor":10,"turns":3},{"damage":7,"enemies":"3 Louse","floor":11,"turns":2},{"damage":15,"enemies":"Exordium Thugs","floor":13,"turns":4},{"damage":39,"enemies":"Hexaghost","floor":16,"turns":8},{"damage":34,"enemies":"Shell Parasite","floor":18,"turns":4},{"damage":22,"enemies":"3 Byrds","floor":19,"turns":4},{"damage":16,"enemies":"Cultist and Chosen","floor":20,"turns":5},{"damage":12,"enemies":"Shelled Parasite and Fungi","floor":21,"turns":1}],"seed_played":"-1956818271931766893","potions_obtained":[{"floor":2,"key":"BloodPotion"},{"floor":4,"key":"Dexterity Potion"},{"floor":5,"key":"Fire Potion"},{"floor":6,"key":"AttackPotion"},{"floor":11,"key":"Dexterity Potion"},{"floor":18,"key":"Weak Potion"}],"is_trial":false,"path_per_floor":["M","M","T","M","M","E","R","E","T","M","M","?","M","?","R","B",null,"M","M","M","M"],"character_chosen":"IRONCLAD","items_purchased":[],"campfire_rested":1,"item_purchase_floors":[],"current_hp_per_floor":[80,72,72,72,55,39,39,25,25,23,24,24,17,17,39,8,58,32,18,10,0],"gold":375,"neow_bonus":"ONE_RARE_RELIC","is_prod":false,"is_daily":false,"chose_seed":false,"campfire_upgraded":1,"win_rate":0,"timestamp":1559800159,"path_taken":["M","M","?","M","M","E","R","E","T","M","M","?","M","?","R","BOSS","M","M","M","?"],"build_version":"2019-01-23","purchased_purges":0,"victory":false,"max_hp_per_floor":[80,80,80,80,80,80,80,80,80,80,80,74,74,74,74,74,74,74,74,74,74],"card_choices":[{"not_picked":["Armaments","Warcry"],"picked":"Sword Boomerang","floor":1},{"not_picked":["Blood for Blood","Reckless Charge"],"picked":"Wild Strike","floor":2},{"not_picked":["Combust","Pummel"],"picked":"Uppercut","floor":4},{"not_picked":["Twin Strike","Second Wind"],"picked":"Clothesline","floor":5},{"not_picked":["Shockwave","Armaments"],"picked":"Fiend Fire","floor":6},{"not_picked":["Cleave","Twin Strike"],"picked":"Heavy Blade","floor":8},{"not_picked":["Perfected Strike","Clash","Flex"],"picked":"SKIP","floor":10},{"not_picked":["Searing Blow","Twin Strike","Body Slam"],"picked":"SKIP","floor":11},{"not_picked":["Evolve","Pummel"],"picked":"Power Through","floor":13},{"not_picked":["Berserk","Bludgeon"],"picked":"Fiend Fire","floor":16},{"not_picked":["Twin Strike+1","Reckless Charge"],"picked":"Rampage","floor":18},{"not_picked":["Flex","Pummel"],"picked":"Havoc","floor":19},{"not_picked":["Body Slam","Clash","Sword Boomerang"],"picked":"SKIP","floor":20}],"player_experience":314611,"relics_obtained":[{"floor":3,"key":"Du-Vu Doll"},{"floor":6,"key":"Bronze Scales"},{"floor":8,"key":"Red Skull"},{"floor":9,"key":"Blood Vial"}],"event_choices":[{"damage_healed":0,"gold_gain":0,"player_choice":"Lose Max HP","damage_taken":0,"relics_obtained":["Golden Idol"],"max_hp_gain":0,"max_hp_loss":6,"event_name":"Golden Idol","floor":12,"gold_loss":0},{"damage_healed":0,"gold_gain":0,"cards_transformed":["Strike_R"],"player_choice":"Transformed","damage_taken":0,"max_hp_gain":0,"max_hp_loss":0,"event_name":"Transmorgrifier","floor":14,"gold_loss":0,"cards_obtained":["Hemokinesis"]}],"is_beta":false,"boss_relics":[{"not_picked":["Lizard Tail","White Beast Statue"],"picked":"Mark of Pain"}],"items_purged_floors":[],"is_endless":false,"potions_floor_spawned":[2,4,5,6,11,18],"killed_by":"Shelled Parasite and Fungi","ascension_level":5}