{"gold_per_floor":[113,113,136,157,182,182,197,197,197,197,221,221,221,221,221,345,345,318,169,94,9,9,45,45,45,45,45,80,80,95,119,119,247,247,272,159,179,179,200,200,243,243,243,243,368,382,382,0,0,0],"floor_reached":50,"playtime":1623,"items_purged":["Defend_B"],"score":645,"play_id":"d632305f-d6bb-4e91-8405-4bf467b5b4a9","local_time":"20190427193814","is_ascension_mode":true,"campfire_choices":[{"data":"Zap","floor":6.0,"key":"SMITH"},{"data":"Dualcast","floor":8.0,"key":"SMITH"},{"data":"Conserve Battery","floor":10.0,"key":"SMITH"},{"floor":13.0,"key":"REST"},{"data":"Glacier","floor":15.0,"key":"SMITH"},{"data":"Loop","floor":24.0,"key":"SMITH"},{"floor":27.0,"key":"REST"},{"floor":32,"key":"REST"},{"floor":40,"key":"REST"},{"floor":42,"key":"REST"},{"floor":47,"key":"RECALL"},{"floor":49,"key":"REST"}],"neow_cost":"NONE","seed_source_timestamp":265847952457099,"circlet_count":0,"master_deck":["Strike_B","Strike_B","Strike_B","Strike_B","Defend_B","Defend_B","Zap+1","Dualcast+1","Cold Snap","Conserve Battery+1","Glacier+1","Capacitor","BootSequence","Core Surge","Ball Lightning","Loop+1","Injury","Shame","Consume+1","Echo Form+1","Auto Shields+1","Defragment+1","Electrodynamics+1","Doubt","Redo+1"],"special_seed":0,"relics":["Cracked Core","Bag of Marbles","Golden Idol","Cursed Key","Regal Pillow","PreservedInsect","Meat on the Bone","Mummified Hand","Blue Candle","Frozen Egg 2","Orichalcum","Black Star","Juzu Bracelet","Molten Egg 2","Smiling Mask","Torii","Red Mask"],"potions_floor_usage":[31,31,33,37,39,41,46,50],"damage_taken":[{"damage":2.0,"enemies":"Small Slimes","floor":1.0,"turns":3.0},{"damage":11.0,"enemies":"2 Louse","floor":3.0,"turns":3.0},{"damage":0.0,"enemies":"Jaw Worm","floor":4.0,"turns":2.0},{"damage":2.0,"enemies":"Blue Slaver","floor":5.0,"turns":4.0},{"damage":1.0,"enemies":"2 Fungi Beasts","floor":7.0,"turns":4.0},{"damage":0.0,"enemies":"Looter","floor":11.0,"turns":3.0},{"damage":53.0,"enemies":"Hexaghost","floor":16.0,"turns":13.0},{"damage":6.0,"enemies":"2 Thieves","floor":18.0,"turns":5.0},{"damage":25.0,"enemies":"Slavers","floor":23.0,"turns":5.0},{"damage":35.0,"enemies":"Book of Stabbing","floor":28.0,"turns":5.0},{"damage":15.0,"enemies":"3 Byrds","floor":30.0,"turns":5.0},{"damage":14,"enemies":"Snake Plant","floor":31,"turns":3},{"damage":22,"enemies":"Champ","floor":33,"turns":12},{"damage":13,"enemies":"Orb Walker","floor":35,"turns":5},{"damage":17,"enemies":"3 Shapes","floor":37,"turns":4},{"damage":43,"enemies":"Writhing Mass","floor":39,"turns":6},{"damage":36,"enemies":"Reptomancer","floor":41,"turns":6},{"damage":0,"enemies":"Mind Bloom Boss Battle","floor":45,"turns":4},{"damage":2,"enemies":"Transient","floor":46,"turns":5},{"damage":89,"enemies":"Awakened One","floor":50,"turns":5}],"seed_played":"-694245902896055475","potions_obtained":[{"floor":5.0,"key":"LiquidBronze"},{"floor":11.0,"key":"AttackPotion"},{"floor":16.0,"key":"Fire Potion"},{"floor":18.0,"key":"FocusPotion"},{"floor":28.0,"key":"FearPotion"},{"floor":30.0,"key":"Poison Potion"},{"floor":31,"key":"Block Potion"},{"floor":35,"key":"Dexterity Potion"},{"floor":37,"key":"LiquidBronze"},{"floor":39,"key":"Fire Potion"},{"floor":45,"key":"Swift Potion"},{"floor":46,"key":"Explosive Potion"}],"is_trial":false,"path_per_floor":["M","?","M","M","M","R","M","R","T","R","M","?","R","?","R","B",null,"M","$","?","?","?","E","R","T","T","R","E","?","M","M","R","B",null,"M","$","M","?","M","R","E","R","T","?","?","M","R","?","R","B"],"character_chosen":"DEFECT","items_purchased":["Regal Pillow","Defragment+1"],"campfire_rested":6,"item_purchase_floors":[19,36],"current_hp_per_floor":[66,66,55,55,53,53,52,52,52,52,52,45,67,72,72,19,65,59,59,59,59,59,46,46,46,46,80,45,45,42,40,79,57,74,61,61,44,44,13,52,28,67,67,67,67,65,65,65,80,0],"gold":0,"neow_bonus":"RANDOM_COMMON_RELIC","is_prod":false,"is_daily":false,"chose_seed":false,"campfire_upgraded":5,"win_rate":0,"timestamp":1556408294,"path_taken":["M","?","M","M","M","R","M","R","T","R","M","?","R","?","R","BOSS","M","$","?","?","?","E","R","?","T","R","E","?","?","M","R","BOSS","M","$","M","?","M","R","E","R","T","?","?","M","R","?","R","BOSS"],"build_version":"2019-01-23","purchased_purges":1,"victory":false,"max_hp_per_floor":[75,75,75,75,75,75,75,75,75,75,75,75,75,80,80,80,80,80,80,80,80,80,80,80,80,80,80,80,80,80,80,80,80,80,80,80,80,80,80,80,80,80,80,80,80,80,80,80,80,80],"card_choices":[{"not_picked":["Steam","Hologram"],"picked":"Cold Snap","floor":1.0},{"not_picked":["Recycle","Compile Driver"],"picked":"Conserve Battery","floor":3.0},{"not_picked":["Compile Driver","Cold Snap"],"picked":"Glacier","floor":4.0},{"not_picked":["Barrage","Rebound","Rip and Tear"],"picked":"SKIP","floor":5.0},{"not_picked":["Compile Driver","Rebound"],"picked":"Capacitor","floor":7.0},{"not_picked":["Steam","Storm"],"picked":"BootSequence","floor":11.0},{"not_picked":["Biased Cognition","Seek"],"picked":"Core Surge","floor":16.0},{"not_picked":["Streamline+1","Conserve Battery"],"picked":"Ball Lightning","floor":18.0},{"not_picked":["Turbo","Reprogram"],"picked":"Loop","floor":23.0},{"not_picked":["Doom and Gloom","Chaos"],"picked":"Consume","floor":28.0},{"not_picked":["Leap","Turbo","Stack"],"picked":"SKIP","floor":30.0},{"not_picked":["Rebound","Go for the Eyes+1"],"picked":"Ball Lightning+1","floor":31},{"not_picked":["Reboot","All For One"],"picked":"Echo Form+1","floor":33},{"not_picked":["Conserve Battery","Beam Cell"],"picked":"Auto Shields+1","floor":35},{"not_picked":["Compile Driver+1","Conserve Battery","Darkness"],"picked":"SKIP","floor":37},{"not_picked":["Storm+1","Rebound+1","Coolheaded"],"picked":"SKIP","floor":39},{"not_picked":["Ball Lightning","Cold Snap"],"picked":"Electrodynamics+1","floor":41},{"not_picked":["Leap","FTL+1"],"picked":"Redo+1","floor":46}],"player_experience":208558,"relics_obtained":[{"floor":23.0,"key":"Mummified Hand"},{"floor":25.0,"key":"Blue Candle"},{"floor":26.0,"key":"Frozen Egg 2"},{"floor":28.0,"key":"Orichalcum"},{"floor":41,"key":"Juzu Bracelet"},{"floor":41,"key":"Molten Egg 2"},{"floor":43,"key":"Smiling Mask"},{"floor":45,"key":"Torii"}],"event_choices":[{"damage_healed":0.0,"max_hp_gain":0.0,"max_hp_loss":0.0,"gold_gain":0.0,"event_name":"Golden Idol","player_choice":"Take Wound","floor":2.0,"gold_loss":0.0,"damage_taken":0.0,"relics_obtained":["Golden Idol"],"cards_obtained":["Injury"]},{"cards_removed":["Injury"],"damage_healed":0.0,"max_hp_gain":0.0,"max_hp_loss":0.0,"gold_gain":0.0,"event_name":"Golden Wing","player_choice":"Card Removal","floor":12.0,"gold_loss":0.0,"damage_taken":7.0},{"damage_healed":0.0,"max_hp_gain":5.0,"max_hp_loss":0.0,"gold_gain":0.0,"event_name":"Big Fish","player_choice":"Donut","floor":14.0,"gold_loss":0.0,"damage_taken":0.0},{"cards_removed":["Defend_B"],"damage_healed":0.0,"max_hp_gain":0.0,"max_hp_loss":0.0,"gold_gain":0.0,"event_name":"Beggar","player_choice":"Gave Gold","floor":20.0,"gold_loss":75.0,"damage_taken":0.0},{"damage_healed":0.0,"max_hp_gain":0.0,"max_hp_loss":0.0,"gold_gain":0.0,"event_name":"Addict","player_choice":"Obtained Relic","floor":21.0,"gold_loss":85.0,"damage_taken":0.0,"relics_obtained":["PreservedInsect"]},{"damage_healed":0.0,"max_hp_gain":0.0,"max_hp_loss":0.0,"gold_gain":0.0,"event_name":"The Mausoleum","player_choice":"Opened","floor":22.0,"gold_loss":0.0,"damage_taken":0.0,"relics_obtained":["Meat on the Bone"]},{"damage_healed":0.0,"max_hp_gain":0.0,"max_hp_loss":0.0,"gold_gain":0.0,"event_name":"Accursed Blacksmith","player_choice":"Forge","floor":29.0,"gold_loss":0.0,"damage_taken":0.0,"cards_upgraded":["Consume"]},{"damage_healed":0,"gold_gain":0,"player_choice":"Ignored","damage_taken":0,"max_hp_gain":0,"max_hp_loss":0,"event_name":"Mysterious Sphere","floor":38,"gold_loss":0},{"cards_removed":["Ball Lightning"],"damage_healed":0,"gold_gain":0,"player_choice":"Removed Attack","damage_taken":0,"max_hp_gain":0,"max_hp_loss":0,"event_name":"Falling","floor":44,"gold_loss":0},{"damage_healed":0,"gold_gain":0,"player_choice":"Fight","damage_taken":0,"max_hp_gain":0,"max_hp_loss":0,"event_name":"MindBloom","floor":45,"gold_loss":0},{"damage_healed":0,"gold_gain":0,"player_choice":"Paid","damage_taken":0,"relics_obtained":["Red Mask"],"max_hp_gain":0,"max_hp_loss":0,"event_name":"Tomb of Lord Red Mask","floor":48,"gold_loss":382}],"is_beta":false,"boss_relics":[{"not_picked":["Calling Bell","Snecko Eye"],"picked":"Cursed Key"},{"not_picked":["Runic Dome","Eternal Feather"],"picked":"Black Star"}],"items_purged_floors":[36],"is_endless":false,"potions_floor_spawned":[5,11,16,18,28,30,31,35,37,39,45,46],"killed_by":"Awakened One","ascension_level":6}