{"path_per_floor":["M","M","$","?","$","R","M","M","T","M","R","$","M","M","R","B",null,"M","?","?","$","M","R","E","M","T","$","R","M","E","M","R"],"character_chosen":"IRONCLAD","items_purchased":["Dream Catcher","GamblersBrew","Mind Blast","Strange Spoon"],"gold_per_floor":[116,132,132,307,12,12,27,39,39,56,56,56,69,87,87,185,185,203,203,203,203,221,221,249,262,333,46,46,63,94,106,106,106],"floor_reached":33,"campfire_rested":3,"playtime":1305,"current_hp_per_floor":[80,80,80,80,80,80,80,67,67,62,62,62,55,36,60,31,80,73,73,73,73,49,49,20,13,13,13,37,33,25,24,48,0],"items_purged":["Doubt"],"gold":106,"score":279,"play_id":"663ff6c9-2d32-4595-8200-87177a35b60d","local_time":"20180517142936","is_prod":false,"is_daily":false,"chose_seed":false,"is_ascension_mode":false,"campfire_upgraded":3,"timestamp":1526534976,"path_taken":["M","M","$","?","$","R","M","?","T","M","R","?","M","?","R","BOSS","M","?","?","$","M","R","E","M","T","?","R","M","E","M","R","BOSS"],"build_version":"2018-05-10","seed_source_timestamp":758141584098073,"purchased_purges":2,"victory":false,"master_deck":["Strike_R","Strike_R","Strike_R","Strike_R","Strike_R","Defend_R+1","Defend_R","Defend_R","Defend_R","Headbutt+1","Headbutt","Blood for Blood+1","Heavy Blade","Inflame+1","Pommel Strike","Shrug It Off","Double Tap+1","Dual Wield","Flash of Steel","Seeing Red","Burning Pact+1","Battle Trance+1","Mind Blast","Warcry","Pommel Strike","Thunderclap","Carnage+1"],"max_hp_per_floor":[80,80,80,80,80,80,80,80,80,80,80,80,80,80,80,80,80,80,80,80,80,80,80,80,80,80,80,80,80,80,80,80,80],"relics":["Burning Blood","Dream Catcher","Shuriken","Runic Dome","Lantern","Self Forming Clay","Strange Spoon","War Paint"],"card_choices":[{"not_picked":["Clothesline","Pommel Strike"],"picked":"Headbutt","floor":1},{"not_picked":["Combust","Reckless Charge"],"picked":"Headbutt","floor":7},{"not_picked":["Entrench","Body Slam"],"picked":"Blood for Blood","floor":8},{"not_picked":["Body Slam","Impervious"],"picked":"Heavy Blade","floor":10},{"not_picked":["Anger","Feel No Pain"],"picked":"Inflame","floor":13},{"not_picked":["Anger","Havoc"],"picked":"Pommel Strike","floor":14},{"not_picked":["Impervious","Clothesline"],"picked":"Shrug It Off","floor":15},{"not_picked":["Dark Embrace","Impervious"],"picked":"Double Tap","floor":16},{"not_picked":["Armaments","Pummel"],"picked":"Dual Wield","floor":18},{"not_picked":["Anger","Clash"],"picked":"Seeing Red","floor":22},{"not_picked":["Perfected Strike","Cleave"],"picked":"Burning Pact","floor":24},{"not_picked":["Headbutt","Carnage"],"picked":"Battle Trance","floor":25},{"not_picked":["Wild Strike","Uppercut"],"picked":"Warcry","floor":29},{"not_picked":["Sentinel","Dropkick"],"picked":"Pommel Strike","floor":30},{"not_picked":["Heavy Blade","Blood for Blood"],"picked":"Thunderclap","floor":31},{"not_picked":["Entrench","Perfected Strike"],"picked":"Carnage","floor":32}],"player_experience":230765,"potions_floor_usage":[8,18,24,24,24,29],"damage_taken":[{"damage":4,"enemies":"Small Slimes","floor":1,"turns":4},{"damage":5,"enemies":"Cultist","floor":2,"turns":4},{"damage":5,"enemies":"2 Louse","floor":7,"turns":3},{"damage":19,"enemies":"Large Slime","floor":8,"turns":5},{"damage":11,"enemies":"Blue Slaver","floor":10,"turns":4},{"damage":13,"enemies":"Lots of Slimes","floor":13,"turns":3},{"damage":25,"enemies":"Gremlin Gang","floor":14,"turns":4},{"damage":35,"enemies":"Slime Boss","floor":16,"turns":7},{"damage":16,"enemies":"Shell Parasite","floor":18,"turns":3},{"damage":30,"enemies":"2 Thieves","floor":22,"turns":3},{"damage":47,"enemies":"Slavers","floor":24,"turns":5},{"damage":13,"enemies":"Snake Plant","floor":25,"turns":3},{"damage":10,"enemies":"Cultist and Chosen","floor":29,"turns":3},{"damage":14,"enemies":"Book of Stabbing","floor":30,"turns":3},{"damage":7,"enemies":"Centurion and Healer","floor":31,"turns":3},{"damage":54,"enemies":"Champ","floor":33,"turns":5}],"event_choices":[{"event_name":"Liars Game","player_choice":"agreed","floor":4,"damage_taken":0},{"event_name":"Cursed Tome","player_choice":"Ignored","floor":19,"damage_taken":0},{"event_name":"Match and Keep!","player_choice":"1 cards matched","floor":20,"damage_taken":0}],"boss_relics":[{"not_picked":["Calling Bell","Black Blood"],"picked":"Runic Dome"}],"potions_floor_spawned":[1,13,14,16,18,25],"seed_played":"1889059669904233411","killed_by":"Champ","ascension_level":0,"is_trial":false}