{"gold_per_floor":[115,133,147,147,147,147,182,182,182,217,235,12,12,25,25,121,121,46,46,46,46,46,46,46,46,46,46,46,46,46,46,46,46,46,46,46,46,46,46,46,46,46,46,46,46,46,46,46,46,46,46,46,10,10,10],"floor_reached":55,"playtime":5236,"items_purged":["Strike_G"],"score":1230,"play_id":"aece6fbd-fc79-4586-86d5-dd15100eebbe","local_time":"20190616040904","is_ascension_mode":true,"campfire_choices":[{"floor":6.0,"key":"REST"},{"floor":8,"key":"REST"},{"data":"Noxious Fumes","floor":13,"key":"SMITH"},{"data":"Deadly Poison","floor":15,"key":"SMITH"},{"data":"A Thousand Cuts","floor":24,"key":"SMITH"},{"floor":28,"key":"REST"},{"data":"Cloak And Dagger","floor":30,"key":"SMITH"},{"data":"Venomology","floor":32,"key":"SMITH"},{"data":"Catalyst","floor":40,"key":"SMITH"},{"data":"Malaise","floor":42,"key":"SMITH"},{"floor":49,"key":"RECALL"},{"data":"PiercingWail","floor":52,"key":"SMITH"}],"neow_cost":"NONE","seed_source_timestamp":0,"circlet_count":0,"master_deck":["Defend_G","Defend_G","Defend_G","Defend_G","Defend_G","Survivor","Neutralize+1","Cloak And Dagger+1","PiercingWail+1","Deadly Poison+1","Noxious Fumes+1","A Thousand Cuts+1","Catalyst+1","Backflip","Poisoned Stab","Terror","Venomology+1","Dagger Spray+1","Ghostly","Ghostly","Ghostly","Ghostly","Ghostly","Cloak And Dagger","Well Laid Plans","Footwork+1","Backflip","After Image","Crippling Poison","Endless Agony","Prepared+1","Malaise+1","Prepared+1","Dagger Throw+1","Slice","Finesse","Sadistic Nature","Footwork+1","Backflip","Dodge and Roll","Burst","Reflex"],"special_seed":0,"relics":["Ring of the Snake","Dream Catcher","Matryoshka","Meat on the Bone","Shuriken","Question Card","Nunchaku","Happy Flower","Ectoplasm","Boot","Strawberry","Art of War","Kunai","Whetstone","Pen Nib","Tough Bandages","Empty Cage","Bottled Tornado","Bottled Flame","Pear"],"potions_floor_usage":[19,21,21,23,23,25,27,33,35,36,41,45,50,50,50,50,55,55],"damage_taken":[{"damage":7.0,"enemies":"Jaw Worm","floor":1.0,"turns":5.0},{"damage":0.0,"enemies":"2 Louse","floor":2.0,"turns":3.0},{"damage":6.0,"enemies":"Cultist","floor":3.0,"turns":4.0},{"damage":18.0,"enemies":"3 Sentries","floor":7.0,"turns":10.0},{"damage":26,"enemies":"Gremlin Nob","floor":10,"turns":5},{"damage":5,"enemies":"Blue Slaver","floor":11,"turns":5},{"damage":5,"enemies":"Exordium Thugs","floor":14,"turns":4},{"damage":26,"enemies":"The Guardian","floor":16,"turns":9},{"damage":22,"enemies":"2 Thieves","floor":18,"turns":4},{"damage":20,"enemies":"Chosen","floor":19,"turns":5},{"damage":0,"enemies":"3 Cultists","floor":21,"turns":5},{"damage":3,"enemies":"Snake Plant","floor":22,"turns":5},{"damage":0,"enemies":"Book of Stabbing","floor":23,"turns":7},{"damage":2,"enemies":"Slavers","floor":25,"turns":5},{"damage":38,"enemies":"Gremlin Leader","floor":27,"turns":6},{"damage":0,"enemies":"Slavers","floor":29,"turns":4},{"damage":0,"enemies":"Gremlin Leader","floor":31,"turns":5},{"damage":2,"enemies":"Automaton","floor":33,"turns":10},{"damage":1,"enemies":"Orb Walker","floor":35,"turns":5},{"damage":0,"enemies":"3 Darklings","floor":36,"turns":4},{"damage":4,"enemies":"Transient","floor":38,"turns":5},{"damage":0,"enemies":"Giant Head","floor":41,"turns":7},{"damage":0,"enemies":"Maw","floor":45,"turns":8},{"damage":0,"enemies":"3 Darklings","floor":47,"turns":5},{"damage":0,"enemies":"Reptomancer","floor":48,"turns":6},{"damage":22,"enemies":"Donu and Deca","floor":50,"turns":9},{"damage":6,"enemies":"Shield and Spear","floor":54,"turns":7},{"damage":65,"enemies":"The Heart","floor":55,"turns":9}],"seed_played":"-5385618333878694486","potions_obtained":[{"floor":7.0,"key":"SteroidPotion"},{"floor":16,"key":"SneckoOil"},{"floor":23,"key":"Swift Potion"},{"floor":27,"key":"Ancient Potion"},{"floor":45,"key":"FairyPotion"},{"floor":54,"key":"PowerPotion"}],"is_trial":false,"path_per_floor":["M","M","M","?","?","R","E","R","T","E","M","$","R","M","R","B",null,"M","M","?","M","M","E","R","E","T","E","R","E","R","E","R","B",null,"M","M","?","M","?","R","E","R","T","?","M","?","M","E","R","B",null,"R","$","E","B"],"character_chosen":"THE_SILENT","items_purchased":["Happy Flower","Reflex"],"campfire_rested":3,"item_purchase_floors":[12,53],"current_hp_per_floor":[56,56,50,32,32,53,35,56,56,42,37,37,37,44,44,30,60,38,30,30,30,27,35,35,40,40,14,26,26,26,26,26,24,38,37,37,37,33,28,28,28,28,28,28,42,40,40,40,40,30,38,38,38,42,0],"gold":10,"neow_bonus":"RANDOM_COMMON_RELIC","is_prod":false,"is_daily":false,"chose_seed":false,"campfire_upgraded":8,"win_rate":0,"timestamp":1560672544,"path_taken":["M","M","M","?","?","R","E","R","T","E","M","$","R","M","R","BOSS","M","?","?","M","M","E","R","E","T","E","R","E","R","E","R","BOSS","M","M","?","?","?","R","E","R","T","?","?","?","M","E","R","BOSS","R","$","E","BOSS"],"build_version":"2019-01-23","purchased_purges":1,"victory":false,"max_hp_per_floor":[70,70,70,70,70,70,70,70,70,70,70,70,70,70,70,70,70,70,70,35,35,35,35,35,42,42,42,42,42,42,42,42,42,42,42,42,42,42,42,42,42,42,42,42,42,40,40,40,40,40,40,40,40,50,50],"card_choices":[{"not_picked":["Outmaneuver","Bane"],"picked":"Cloak And Dagger","floor":1.0},{"not_picked":["Escape Plan","Cloak And Dagger"],"picked":"PiercingWail","floor":2.0},{"not_picked":["Crippling Poison","Dodge and Roll"],"picked":"Deadly Poison","floor":3.0},{"not_picked":["Bane","Footwork"],"picked":"Noxious Fumes","floor":6.0},{"not_picked":["Outmaneuver","Distraction"],"picked":"A Thousand Cuts","floor":7.0},{"not_picked":["Outmaneuver","Quick Slash"],"picked":"Catalyst","floor":8},{"not_picked":["Concentrate","Underhanded Strike","Endless Agony"],"picked":"Backflip","floor":10},{"not_picked":["Flechettes","Deflect","Slice"],"picked":"Poisoned Stab","floor":11},{"not_picked":["Flying Knee","Noxious Fumes","Poisoned Stab"],"picked":"Terror","floor":14},{"not_picked":["Grand Finale","Storm of Steel","Bullet Time"],"picked":"Venomology","floor":16},{"not_picked":["Poisoned Stab","Outmaneuver","Slice"],"picked":"Dagger Spray","floor":18},{"not_picked":["Cloak And Dagger","Setup+1","Flying Knee+1","Heel Hook"],"picked":"SKIP","floor":19},{"not_picked":["Flying Knee","Noxious Fumes","Bouncing Flask+1"],"picked":"Cloak And Dagger","floor":21},{"not_picked":["Choke","Dagger Throw","Deadly Poison"],"picked":"Well Laid Plans","floor":22},{"not_picked":["Masterful Stab","Sucker Punch","Flying Knee"],"picked":"Footwork+1","floor":23},{"not_picked":["Outmaneuver","Slice","Acrobatics"],"picked":"Backflip","floor":25},{"not_picked":["Heel Hook","Catalyst+1","All Out Attack"],"picked":"After Image","floor":27},{"not_picked":["Prepared","Flechettes","Distraction"],"picked":"Crippling Poison","floor":28},{"not_picked":["Backflip","Predator","Poisoned Stab"],"picked":"Endless Agony","floor":29},{"not_picked":["Sucker Punch","Underhanded Strike","Tactician"],"picked":"Prepared+1","floor":31},{"not_picked":["Doppelganger","Burst","Corpse Explosion"],"picked":"Malaise","floor":33},{"not_picked":["Bouncing Flask+1","Dodge and Roll","Flying Knee+1"],"picked":"Prepared+1","floor":35},{"not_picked":["Choke","Dagger Spray","Finisher"],"picked":"Dagger Throw+1","floor":36},{"not_picked":["Quick Slash","Riddle With Holes","Backflip"],"picked":"Slice","floor":38},{"not_picked":["HandOfGreed","Secret Weapon","Enlightenment"],"picked":"Finesse","floor":39},{"not_picked":["Metamorphosis","Purity","Madness"],"picked":"Sadistic Nature","floor":39},{"not_picked":["Acrobatics+1","Eviscerate","Finisher+1"],"picked":"Footwork+1","floor":41},{"not_picked":["Crippling Poison+1","Expertise","Endless Agony"],"picked":"Backflip","floor":45},{"not_picked":["Outmaneuver+1","Heel Hook","Sucker Punch"],"picked":"Dodge and Roll","floor":47},{"not_picked":["Cloak And Dagger","Glass Knife","Riddle With Holes+1"],"picked":"Burst","floor":48},{"not_picked":["Quick Slash","Outmaneuver","Bane","Poisoned Stab"],"picked":"SKIP","floor":54}],"player_experience":317206,"relics_obtained":[{"floor":7.0,"key":"Meat on the Bone"},{"floor":9,"key":"Shuriken"},{"floor":9,"key":"Question Card"},{"floor":10,"key":"Nunchaku"},{"floor":23,"key":"Boot"},{"floor":25,"key":"Strawberry"},{"floor":26,"key":"Art of War"},{"floor":26,"key":"Kunai"},{"floor":27,"key":"Whetstone"},{"floor":29,"key":"Pen Nib"},{"floor":31,"key":"Tough Bandages"},{"floor":41,"key":"Bottled Tornado"},{"floor":48,"key":"Bottled Flame"},{"floor":54,"key":"Pear"}],"event_choices":[{"damage_healed":0.0,"max_hp_gain":0.0,"max_hp_loss":0.0,"gold_gain":0.0,"event_name":"Scrap Ooze","player_choice":"Success","floor":4.0,"gold_loss":0.0,"damage_taken":18.0,"relics_obtained":["Matryoshka"]},{"cards_removed":["Strike_G"],"damage_healed":0.0,"max_hp_gain":0.0,"max_hp_loss":0.0,"gold_gain":0.0,"event_name":"Purifier","player_choice":"Purged","floor":5.0,"gold_loss":0.0,"damage_taken":0.0},{"damage_healed":0,"gold_gain":0,"player_choice":"Became a Ghost","damage_taken":0,"max_hp_gain":0,"max_hp_loss":35,"event_name":"Ghosts","floor":20,"gold_loss":0,"cards_obtained":["Ghostly","Ghostly","Ghostly","Ghostly","Ghostly"]},{"damage_healed":0,"gold_gain":300,"player_choice":"Gold","damage_taken":0,"max_hp_gain":0,"max_hp_loss":0,"event_name":"Wheel of Change","floor":37,"gold_loss":0},{"damage_healed":0,"gold_gain":0,"player_choice":"Memory 2","damage_taken":5,"max_hp_gain":0,"max_hp_loss":0,"event_name":"SensoryStone","floor":39,"gold_loss":0},{"cards_removed":["Strike_G"],"damage_healed":0,"gold_gain":0,"player_choice":"Offered Basic","damage_taken":0,"max_hp_gain":0,"max_hp_loss":0,"event_name":"Bonfire Elementals","floor":44,"gold_loss":0},{"damage_healed":0,"gold_gain":0,"player_choice":"Max HP","damage_taken":0,"max_hp_gain":0,"max_hp_loss":2,"event_name":"Winding Halls","floor":46,"gold_loss":0}],"is_beta":false,"boss_relics":[{"not_picked":["White Beast Statue","Calling Bell"],"picked":"Ectoplasm"},{"not_picked":["Coffee Dripper","Lizard Tail"],"picked":"Empty Cage"}],"items_purged_floors":[12],"is_endless":false,"potions_floor_spawned":[7,16,18,23,27,35,41,45,54],"killed_by":"The Heart","ascension_level":6}