{"gold_per_floor":[118,118,135,210,210,210,245,245,245,280,280,299,316,331,331,428,428,440,456,86,86,185,185],"floor_reached":23,"playtime":1163,"items_purged":[],"score":199,"play_id":"f529dab5-3453-465c-b4c3-8013df113fa7","local_time":"20190902011453","is_ascension_mode":false,"campfire_choices":[{"floor":6,"key":"REST"},{"floor":11,"key":"REST"},{"floor":15,"key":"REST"}],"neow_cost":"NONE","seed_source_timestamp":818821257580300,"circlet_count":0,"master_deck":["Strike_R","Strike_R","Strike_R","Defend_R","Defend_R","Defend_R","Defend_R","Bash","Limit Break","Body Slam","Anger","Sword Boomerang","Reckless Charge","Feel No Pain","Armaments","Thunderclap","Double Tap","Shrug It Off","Heavy Blade","Shrug It Off","Metallicize"],"relics":["Burning Blood","Centennial Puzzle","Kunai","Letter Opener","Mark of Pain","Meat on the Bone"],"potions_floor_usage":[10,16,23],"damage_taken":[{"damage":0,"enemies":"Small Slimes","floor":1,"turns":3},{"damage":5,"enemies":"Cultist","floor":3,"turns":4},{"damage":45,"enemies":"3 Sentries","floor":7,"turns":10},{"damage":36,"enemies":"Lagavulin","floor":10,"turns":8},{"damage":7,"enemies":"Jaw Worm","floor":12,"turns":3},{"damage":9,"enemies":"2 Fungi Beasts","floor":13,"turns":4},{"damage":7,"enemies":"Red Slaver","floor":14,"turns":5},{"damage":61,"enemies":"Slime Boss","floor":16,"turns":11},{"damage":23,"enemies":"Spheric Guardian","floor":18,"turns":6},{"damage":14,"enemies":"3 Byrds","floor":19,"turns":7},{"damage":76,"enemies":"Book of Stabbing","floor":23,"turns":7}],"seed_played":"456872953042674324","potions_obtained":[{"floor":1,"key":"Regen Potion"},{"floor":7,"key":"Fire Potion"},{"floor":16,"key":"BloodPotion"},{"floor":18,"key":"Weak Potion"}],"is_trial":false,"path_per_floor":["M","?","M","?","?","R","E","$","T","E","R","M","M","M","R","B",null,"M","M","$","$","?","E"],"character_chosen":"IRONCLAD","items_purchased":["Meat on the Bone","Shrug It Off","Metallicize"],"campfire_rested":3,"item_purchase_floors":[20,20,20],"current_hp_per_floor":[80,80,80,69,69,80,41,41,41,25,49,48,45,44,68,13,80,63,55,55,55,55,0],"gold":185,"neow_bonus":"TRANSFORM_CARD","is_prod":false,"is_daily":false,"chose_seed":false,"campfire_upgraded":0,"win_rate":0.0,"timestamp":1567401293,"path_taken":["M","?","M","?","?","R","E","$","T","E","R","M","M","?","R","BOSS","M","M","?","$","?","E"],"build_version":"2019-07-17","purchased_purges":0,"victory":false,"max_hp_per_floor":[80,80,80,80,80,80,80,80,80,80,80,80,80,80,80,80,80,80,80,80,80,80,80],"card_choices":[{"not_picked":["Flex","Uppercut"],"picked":"Body Slam","floor":1},{"not_picked":["Heavy Blade","Seeing Red"],"picked":"Anger","floor":3},{"not_picked":["Clash","Warcry"],"picked":"Sword Boomerang","floor":7},{"not_picked":["Berserk","Hemokinesis"],"picked":"Reckless Charge","floor":10},{"not_picked":["Blood for Blood","Carnage"],"picked":"Feel No Pain","floor":12},{"not_picked":["Dropkick","Shockwave"],"picked":"Armaments","floor":13},{"not_picked":["Heavy Blade","Entrench"],"picked":"Thunderclap","floor":14},{"not_picked":["Bludgeon","Limit Break"],"picked":"Double Tap","floor":16},{"not_picked":["Headbutt","Pommel Strike"],"picked":"Shrug It Off","floor":18},{"not_picked":["True Grit","Clash"],"picked":"Heavy Blade","floor":19}],"player_experience":21372,"relics_obtained":[{"floor":7,"key":"Centennial Puzzle"},{"floor":9,"key":"Kunai"},{"floor":10,"key":"Letter Opener"}],"event_choices":[{"damage_healed":0,"gold_gain":0,"player_choice":"Ignored","damage_taken":0,"max_hp_gain":0,"max_hp_loss":0,"event_name":"Liars Game","floor":2,"gold_loss":0},{"damage_healed":0,"gold_gain":75,"player_choice":"Gather Gold","damage_taken":11,"max_hp_gain":0,"max_hp_loss":0,"event_name":"World of Goop","floor":4,"gold_loss":0},{"cards_removed":["Strike_R"],"damage_healed":0,"gold_gain":0,"player_choice":"Offered Basic","damage_taken":0,"max_hp_gain":0,"max_hp_loss":0,"event_name":"Bonfire Elementals","floor":5,"gold_loss":0},{"damage_healed":0,"gold_gain":99,"player_choice":"Stole From Cult","damage_taken":0,"max_hp_gain":0,"max_hp_loss":0,"event_name":"Nest","floor":22,"gold_loss":0}],"is_beta":false,"boss_relics":[{"not_picked":["Ectoplasm","Orrery"],"picked":"Mark of Pain"}],"items_purged_floors":[],"is_endless":false,"potions_floor_spawned":[1,7,16,18],"killed_by":"Book of Stabbing","ascension_level":0}