{"gold_per_floor":[117,134,36,54,54,83,83,94,94,94,111,140,154,164,164,263,263,280,298,397,417,435,466,121,151,181,181,181,191,191,218,218,218],"floor_reached":33,"playtime":2054,"items_purged":["Strike_B","Strike_B"],"score":472,"play_id":"fea5fb40-05df-4458-8281-f103c5812bda","local_time":"20190524012903","is_ascension_mode":true,"campfire_choices":[{"data":"Zap","floor":7,"key":"SMITH"},{"data":"Hologram","floor":10,"key":"SMITH"},{"data":"Loop","floor":15,"key":"SMITH"},{"data":"Go for the Eyes","floor":28,"key":"SMITH"},{"floor":32,"key":"REST"}],"neow_cost":"NONE","seed_source_timestamp":3121656236152615,"circlet_count":0,"master_deck":["Strike_B","Defend_B","Defend_B","Defend_B","Defend_B","Zap+1","Dualcast","Ball Lightning","Cold Snap","Cold Snap","Steam","Hologram+1","Coolheaded","Self Repair","Compile Driver","Reinforced Body","Loop+1","Seek","Blizzard","Conserve Battery+1","Go for the Eyes+1","Coolheaded","Loop","Recycle+1"],"relics":["Cracked Core","Mango","Pen Nib","Meat on the Bone","Incense Burner","Sozu","Boot","Medical Kit","Bottled Lightning","Tiny Chest","Potion Belt"],"potions_floor_usage":[6,16],"damage_taken":[{"damage":6,"enemies":"Cultist","floor":1,"turns":4},{"damage":7,"enemies":"Jaw Worm","floor":2,"turns":2},{"damage":4,"enemies":"2 Louse","floor":4,"turns":2},{"damage":0,"enemies":"Gremlin Nob","floor":6,"turns":2},{"damage":11,"enemies":"2 Fungi Beasts","floor":8,"turns":3},{"damage":0,"enemies":"Large Slime","floor":11,"turns":4},{"damage":10,"enemies":"3 Sentries","floor":12,"turns":9},{"damage":10,"enemies":"Looter","floor":13,"turns":3},{"damage":1,"enemies":"3 Louse","floor":14,"turns":2},{"damage":42,"enemies":"Hexaghost","floor":16,"turns":12},{"damage":15,"enemies":"Spheric Guardian","floor":18,"turns":4},{"damage":6,"enemies":"Shell Parasite","floor":19,"turns":5},{"damage":8,"enemies":"3 Cultists","floor":21,"turns":5},{"damage":12,"enemies":"Snake Plant","floor":22,"turns":5},{"damage":30,"enemies":"Gremlin Leader","floor":23,"turns":8},{"damage":30,"enemies":"Book of Stabbing","floor":25,"turns":7},{"damage":19,"enemies":"Chosen and Byrds","floor":29,"turns":7},{"damage":49,"enemies":"Gremlin Leader","floor":31,"turns":12},{"damage":51,"enemies":"Collector","floor":33,"turns":5}],"seed_played":"-2136006535336980685","potions_obtained":[{"floor":1,"key":"SkillPotion"},{"floor":4,"key":"Fire Potion"},{"floor":6,"key":"Strength Potion"},{"floor":12,"key":"Ancient Potion"},{"floor":16,"key":"Dexterity Potion"}],"is_trial":false,"path_per_floor":["M","M","$","M","T","E","R","M","T","R","M","E","M","M","R","B",null,"M","M","?","M","M","E","$","E","T","?","R","M","?","E","R","B"],"character_chosen":"DEFECT","items_purchased":["Cold Snap","Coolheaded","Medical Kit"],"campfire_rested":1,"item_purchase_floors":[3,24,24],"current_hp_per_floor":[69,62,62,58,72,72,72,61,61,61,61,58,67,73,73,50,85,77,78,78,77,72,61,61,50,50,50,50,50,50,20,48,0],"gold":218,"neow_bonus":"TEN_PERCENT_HP_BONUS","is_prod":false,"is_daily":false,"chose_seed":false,"campfire_upgraded":4,"win_rate":0,"timestamp":1558675743,"path_taken":["M","M","$","M","?","E","R","M","T","R","M","E","M","?","R","BOSS","M","M","?","M","M","E","$","E","T","?","R","M","?","E","R","BOSS"],"build_version":"2019-01-23","purchased_purges":2,"victory":false,"max_hp_per_floor":[82,82,82,82,96,96,96,96,96,96,96,96,96,96,96,96,96,96,96,96,96,96,96,96,96,96,96,96,96,96,96,96,96],"card_choices":[{"not_picked":["FTL","Rebound"],"picked":"Ball Lightning","floor":1},{"not_picked":["White Noise","Go for the Eyes"],"picked":"Cold Snap","floor":2},{"not_picked":["Gash","Darkness"],"picked":"Steam","floor":4},{"not_picked":["Sunder","Cold Snap"],"picked":"Hologram","floor":6},{"not_picked":["Amplify","Chaos"],"picked":"Coolheaded","floor":8},{"not_picked":["Conserve Battery","Stack"],"picked":"Self Repair","floor":11},{"not_picked":["Turbo","Steam"],"picked":"Compile Driver","floor":12},{"not_picked":["Sweeping Beam","Ball Lightning"],"picked":"Reinforced Body","floor":13},{"not_picked":["Meteor Strike","Sweeping Beam"],"picked":"Loop","floor":14},{"not_picked":["Core Surge","Machine Learning"],"picked":"Seek","floor":16},{"not_picked":["Compile Driver+1","Melter"],"picked":"Blizzard","floor":18},{"not_picked":["Storm","Redo","Rebound"],"picked":"SKIP","floor":19},{"not_picked":["Cold Snap","Rebound","Turbo"],"picked":"SKIP","floor":21},{"not_picked":["Self Repair+1","Compile Driver+1"],"picked":"Conserve Battery+1","floor":22},{"not_picked":["Hyperbeam","Tempest"],"picked":"Go for the Eyes","floor":23},{"not_picked":["Gash","Lockon","Streamline"],"picked":"SKIP","floor":25},{"not_picked":["Hologram","Barrage"],"picked":"Loop","floor":29},{"not_picked":["Melter+1","Force Field"],"picked":"Recycle+1","floor":31}],"player_experience":301428,"relics_obtained":[{"floor":5,"key":"Mango"},{"floor":6,"key":"Pen Nib"},{"floor":9,"key":"Meat on the Bone"},{"floor":12,"key":"Incense Burner"},{"floor":23,"key":"Boot"},{"floor":25,"key":"Bottled Lightning"},{"floor":26,"key":"Tiny Chest"},{"floor":31,"key":"Potion Belt"}],"event_choices":[{"damage_healed":0,"gold_gain":99,"player_choice":"Stole From Cult","damage_taken":0,"max_hp_gain":0,"max_hp_loss":0,"event_name":"Nest","floor":20,"gold_loss":0},{"damage_healed":0,"gold_gain":0,"player_choice":"Ignored","damage_taken":0,"max_hp_gain":0,"max_hp_loss":0,"event_name":"Ghosts","floor":27,"gold_loss":0},{"cards_removed":["Strike_B"],"damage_healed":0,"gold_gain":0,"player_choice":"Elegance","damage_taken":0,"max_hp_gain":0,"max_hp_loss":0,"event_name":"Back to Basics","floor":30,"gold_loss":0}],"is_beta":false,"boss_relics":[{"not_picked":["FrozenCore","Black Star"],"picked":"Sozu"}],"items_purged_floors":[3,24],"is_endless":false,"potions_floor_spawned":[1,4,6,12,13,16,19,23,25,29],"killed_by":"Collector","ascension_level":6}