{"gold_per_floor":[111,123,135,155,3,36,36,48,72,84,95,121,121,146,146,243,243,183,108,108,108,108,108,108,108,108,108,108,108,108,108,108,108,108,108,33,33,33,33,33,33,33,33,33,33,33,33,33,33,33,33,33,33,33,33],"floor_reached":56,"playtime":6738,"items_purged":["Defend_G"],"score":1390,"play_id":"787d2868-6219-47fe-8159-641b00482124","local_time":"20190311222206","is_ascension_mode":true,"campfire_choices":[{"floor":13,"key":"REST"},{"data":"Neutralize","floor":15,"key":"SMITH"},{"data":"Caltrops","floor":23,"key":"SMITH"},{"data":"Leg Sweep","floor":32,"key":"SMITH"},{"floor":41,"key":"RECALL"},{"floor":44,"key":"REST"},{"floor":49,"key":"REST"},{"floor":52,"key":"REST"}],"neow_cost":"NONE","seed_source_timestamp":0,"circlet_count":0,"master_deck":["Defend_G","Defend_G","Defend_G","Defend_G","Strike_G","Strike_G","Strike_G","Survivor","Neutralize+1","Dagger Spray","Cloak And Dagger","Well Laid Plans","Caltrops+1","Quick Slash","Caltrops","Corpse Explosion","Leg Sweep+1","PiercingWail","PiercingWail","Leg Sweep","A Thousand Cuts","Acrobatics","Catalyst+1","Endless Agony","Reflex+1","Malaise","Footwork","Crippling Poison","Well Laid Plans","Escape Plan","RitualDagger+1","Wraith Form v2","Backflip+1","Madness","Madness","Acrobatics+1","PiercingWail+1","Blur+1","Cloak And Dagger+1","Predator+1","PiercingWail+1"],"special_seed":0,"relics":["Ring of the Snake","Mercury Hourglass","Vajra","Lantern","Bronze Scales","Ectoplasm","Question Card","Incense Burner","Torii","Ornamental Fan","Matryoshka","Red Mask","Molten Egg 2","Fusion Hammer","Art of War","Orichalcum","Meat on the Bone","Ninja Scroll","Paper Crane","Toxic Egg 2","FossilizedHelix","Potion Belt","Calipers"],"potions_floor_usage":[16,16,25,29,33,50,55,55],"damage_taken":[{"damage":8.0,"enemies":"Cultist","floor":1.0,"turns":5.0},{"damage":0.0,"enemies":"2 Louse","floor":2.0,"turns":3.0},{"damage":1.0,"enemies":"Small Slimes","floor":3.0,"turns":3.0},{"damage":7.0,"enemies":"2 Fungi Beasts","floor":4.0,"turns":4.0},{"damage":26,"enemies":"Gremlin Nob","floor":6,"turns":5},{"damage":1,"enemies":"Blue Slaver","floor":8,"turns":4},{"damage":1,"enemies":"Large Slime","floor":10,"turns":4},{"damage":4,"enemies":"Looter","floor":11,"turns":4},{"damage":6,"enemies":"3 Sentries","floor":12,"turns":5},{"damage":11,"enemies":"Lagavulin","floor":14,"turns":7},{"damage":33,"enemies":"The Guardian","floor":16,"turns":10},{"damage":3,"enemies":"2 Thieves","floor":18,"turns":3},{"damage":0,"enemies":"Spheric Guardian","floor":20,"turns":4},{"damage":2,"enemies":"Snecko","floor":22,"turns":6},{"damage":4,"enemies":"Slavers","floor":24,"turns":3},{"damage":6,"enemies":"Colosseum Slavers","floor":25,"turns":4},{"damage":1,"enemies":"Colosseum Nobs","floor":25,"turns":3},{"damage":0,"enemies":"Centurion and Healer","floor":27,"turns":5},{"damage":5,"enemies":"Book of Stabbing","floor":28,"turns":6},{"damage":0,"enemies":"Masked Bandits","floor":29,"turns":1},{"damage":3,"enemies":"Gremlin Leader","floor":30,"turns":5},{"damage":30,"enemies":"Champ","floor":33,"turns":14},{"damage":13,"enemies":"Orb Walker","floor":35,"turns":5},{"damage":1,"enemies":"Reptomancer","floor":40,"turns":6},{"damage":22,"enemies":"Nemesis","floor":42,"turns":9},{"damage":2,"enemies":"Mind Bloom Boss Battle","floor":45,"turns":7},{"damage":9,"enemies":"Reptomancer","floor":46,"turns":7},{"damage":0,"enemies":"3 Shapes","floor":47,"turns":3},{"damage":0,"enemies":"3 Darklings","floor":48,"turns":2},{"damage":1,"enemies":"Time Eater","floor":50,"turns":12},{"damage":0,"enemies":"Shield and Spear","floor":54,"turns":6},{"damage":43,"enemies":"The Heart","floor":55,"turns":10}],"seed_played":"6005222790173482896","potions_obtained":[{"floor":2.0,"key":"Dexterity Potion"},{"floor":6,"key":"PowerPotion"},{"floor":8,"key":"GamblersBrew"},{"floor":12,"key":"FairyPotion"},{"floor":20,"key":"Poison Potion"},{"floor":22,"key":"Energy Potion"},{"floor":24,"key":"Fire Potion"},{"floor":30,"key":"SmokeBomb"},{"floor":33,"key":"FearPotion"},{"floor":35,"key":"LiquidBronze"},{"floor":46,"key":"SneckoOil"},{"floor":48,"key":"Weak Potion"}],"is_trial":false,"path_per_floor":["M","M","M","M","$","E","$","M","T","M","M","E","R","E","R","B",null,"M","?","M","?","M","R","E","?","T","M","E","?","E","?","R","B",null,"M","$","?","?","T","E","R","E","T","R","?","E","M","M","R","B",null,"R","$","E","B",null],"character_chosen":"THE_SILENT","items_purchased":["Quick Slash","Deflect","Caltrops"],"campfire_rested":4,"item_purchase_floors":[5,5,5],"current_hp_per_floor":[62,62,61,54,54,28,28,27,27,26,22,16,37,26,26,3,70,67,67,67,67,65,65,61,54,54,54,49,49,46,40,40,10,70,57,57,57,48,48,47,47,37,37,58,56,47,47,47,68,67,70,70,70,70,39],"gold":33,"neow_bonus":"REMOVE_CARD","is_prod":false,"is_daily":false,"chose_seed":false,"campfire_upgraded":3,"win_rate":0,"timestamp":1552357326,"path_taken":["M","?","M","M","$","E","$","M","T","M","M","E","R","E","R","BOSS","M","?","M","?","M","R","E","?","T","?","E","?","E","?","R","BOSS","M","$","?","?","?","E","R","E","T","R","?","E","M","M","R","BOSS","R","$","E","BOSS"],"build_version":"2019-01-23","purchased_purges":1,"victory":true,"max_hp_per_floor":[70,70,70,70,70,70,70,70,70,70,70,70,70,70,70,70,70,70,70,70,70,70,70,70,70,70,70,70,70,70,70,70,70,70,70,70,70,70,70,70,70,70,70,70,70,70,70,70,70,70,70,70,70,70,70],"card_choices":[{"not_picked":["Bane","Poisoned Stab"],"picked":"Dagger Spray","floor":1.0},{"not_picked":["Quick Slash","Dodge and Roll"],"picked":"Cloak And Dagger","floor":2.0},{"not_picked":["Deflect","Riddle With Holes"],"picked":"Well Laid Plans","floor":3.0},{"not_picked":["Tactician","Poisoned Stab"],"picked":"Caltrops","floor":4.0},{"not_picked":["Deflect","PiercingWail"],"picked":"Corpse Explosion","floor":6},{"not_picked":["Dagger Spray","Catalyst"],"picked":"Leg Sweep","floor":8},{"not_picked":["Backflip","Tools of the Trade"],"picked":"PiercingWail","floor":10},{"not_picked":["Poisoned Stab","Reflex"],"picked":"PiercingWail","floor":11},{"not_picked":["Quick Slash","Flying Knee"],"picked":"Leg Sweep","floor":12},{"not_picked":["All Out Attack","Underhanded Strike","Venomology"],"picked":"SKIP","floor":14},{"not_picked":["Corpse Explosion","Night Terror"],"picked":"A Thousand Cuts","floor":16},{"not_picked":["Terror","Deadly Poison"],"picked":"Acrobatics","floor":18},{"not_picked":["Infinite Blades","Heel Hook"],"picked":"Catalyst+1","floor":20},{"not_picked":["Underhanded Strike","Heel Hook","Prepared"],"picked":"Endless Agony","floor":22},{"not_picked":["Catalyst","Sucker Punch","Expertise"],"picked":"Reflex+1","floor":24},{"not_picked":["Concentrate","Blade Dance","Well Laid Plans"],"picked":"Malaise","floor":25},{"not_picked":["Deadly Poison","Backstab","Cloak And Dagger+1"],"picked":"Footwork","floor":27},{"not_picked":["Bane+1","Slice","Quick Slash"],"picked":"Crippling Poison","floor":28},{"not_picked":["Dagger Throw","Venomology","Reflex"],"picked":"Well Laid Plans","floor":29},{"not_picked":["Crippling Poison","Prepared+1","Eviscerate"],"picked":"Escape Plan","floor":30},{"not_picked":["Venomology","Phantasmal Killer","Grand Finale+1"],"picked":"Wraith Form v2","floor":33},{"not_picked":["Poisoned Stab+1","Dagger Throw+1","Prepared+1"],"picked":"Backflip+1","floor":35},{"not_picked":["Deadly Poison","Grand Finale+1","Accuracy"],"picked":"Acrobatics+1","floor":40},{"not_picked":["PiercingWail","Quick Slash+1","Dodge and Roll","Deadly Poison"],"picked":"SKIP","floor":42},{"not_picked":["Accuracy","Sucker Punch+1","Underhanded Strike+1"],"picked":"PiercingWail+1","floor":45},{"not_picked":["Underhanded Strike+1","Night Terror+1","Bane+1"],"picked":"Blur+1","floor":46},{"not_picked":["Dagger Spray+1","Quick Slash+1","Underhanded Strike+1"],"picked":"Cloak And Dagger+1","floor":47},{"not_picked":["Terror+1","Dagger Spray+1","Setup+1"],"picked":"Predator+1","floor":48},{"not_picked":["Deadly Poison+1","Eviscerate+1","Expertise+1"],"picked":"PiercingWail+1","floor":54}],"player_experience":125627,"relics_obtained":[{"floor":6,"key":"Mercury Hourglass"},{"floor":9,"key":"Vajra"},{"floor":12,"key":"Lantern"},{"floor":14,"key":"Bronze Scales"},{"floor":24,"key":"Incense Burner"},{"floor":25,"key":"Torii"},{"floor":25,"key":"Ornamental Fan"},{"floor":28,"key":"Matryoshka"},{"floor":29,"key":"Red Mask"},{"floor":30,"key":"Molten Egg 2"},{"floor":39,"key":"Art of War"},{"floor":39,"key":"Orichalcum"},{"floor":40,"key":"Meat on the Bone"},{"floor":42,"key":"Ninja Scroll"},{"floor":43,"key":"Paper Crane"},{"floor":43,"key":"Toxic Egg 2"},{"floor":45,"key":"FossilizedHelix"},{"floor":46,"key":"Potion Belt"},{"floor":54,"key":"Calipers"}],"event_choices":[{"cards_removed":["Strike_G"],"damage_healed":0,"gold_gain":0,"player_choice":"Gave Gold","damage_taken":0,"max_hp_gain":0,"max_hp_loss":0,"event_name":"Beggar","floor":19,"gold_loss":75},{"damage_healed":0,"gold_gain":0,"player_choice":"Opened","damage_taken":0,"relics_obtained":["Question Card"],"max_hp_gain":0,"max_hp_loss":0,"event_name":"The Mausoleum","floor":21,"gold_loss":0},{"damage_healed":0,"gold_gain":0,"player_choice":"Fight","damage_taken":0,"max_hp_gain":0,"max_hp_loss":0,"event_name":"Colosseum","floor":25,"gold_loss":0},{"damage_healed":0,"gold_gain":0,"player_choice":"Fought Nobs","damage_taken":0,"max_hp_gain":0,"max_hp_loss":0,"event_name":"Colosseum","floor":25,"gold_loss":0},{"damage_healed":0,"gold_gain":0,"player_choice":"Fought Bandits","damage_taken":0,"max_hp_gain":0,"max_hp_loss":0,"event_name":"Masked Bandits","floor":29,"gold_loss":0},{"damage_healed":0,"gold_gain":0,"player_choice":"Joined the Cult","damage_taken":6,"max_hp_gain":0,"max_hp_loss":0,"event_name":"Nest","floor":31,"gold_loss":0,"cards_obtained":["RitualDagger"]},{"cards_removed":["Deflect"],"damage_healed":0,"gold_gain":0,"player_choice":"Removed Skill","damage_taken":0,"max_hp_gain":0,"max_hp_loss":0,"event_name":"Falling","floor":37,"gold_loss":0},{"damage_healed":0,"gold_gain":0,"player_choice":"Embrace Madness","damage_taken":9,"max_hp_gain":0,"max_hp_loss":0,"event_name":"Winding Halls","floor":38,"gold_loss":0,"cards_obtained":["Madness","Madness"]},{"damage_healed":0,"gold_gain":0,"player_choice":"Fight","damage_taken":0,"max_hp_gain":0,"max_hp_loss":0,"event_name":"MindBloom","floor":45,"gold_loss":0}],"is_beta":false,"boss_relics":[{"not_picked":["HoveringKite","Calling Bell"],"picked":"Ectoplasm"},{"not_picked":["Empty Cage","WristBlade"],"picked":"Fusion Hammer"}],"items_purged_floors":[36],"is_endless":false,"potions_floor_spawned":[2,6,8,11,12,20,22,24,25,30,33,35,46,48],"ascension_level":1}