{"gold_per_floor":[111,121,131,101,116,116,143,159,185,185,185,185,185,217,217,318,318,329,361,373,472,491,525,525,535,559,589,44,44,44,75,75,175,175,191,205,205,13,13,13,88,13,69,80,411,428,428,446,446,446],"floor_reached":51,"playtime":3189,"items_purged":["Strike_G"],"score":837,"play_id":"401f97fd-3421-4b7a-bfec-624f447842a9","local_time":"20180906235722","is_ascension_mode":true,"campfire_choices":[{"data":"Crippling Poison","floor":6.0,"key":"SMITH"},{"data":"Quick Slash","floor":11.0,"key":"SMITH"},{"data":"Quick Slash","floor":13.0,"key":"SMITH"},{"floor":15.0,"key":"REST"},{"floor":24.0,"key":"REST"},{"floor":29.0,"key":"REST"},{"floor":32.0,"key":"REST"},{"floor":40,"key":"REST"},{"floor":47,"key":"REST"},{"floor":49,"key":"REST"}],"neow_cost":"NONE","seed_source_timestamp":0,"circlet_count":0,"master_deck":["Defend_G","Defend_G","Defend_G","Defend_G","Defend_G","Strike_G","Strike_G","Strike_G","Strike_G","Survivor","Neutralize","Quick Slash+1","Crippling Poison+1","Adrenaline","Quick Slash+1","Well Laid Plans","Terror","Sucker Punch+1","After Image","Crippling Poison","Leg Sweep+1","Backstab","PiercingWail+1","Concentrate+1","Backstab+1","Outmaneuver+1","Noxious Fumes","Enlightenment","Quick Slash","Backflip","Noxious Fumes","Madness","Madness","Footwork","Catalyst","PiercingWail+1","Backflip"],"special_seed":0,"relics":["Ring of the Snake","Anchor","Bag of Marbles","Art of War","Fusion Hammer","Red Mask","Juzu Bracelet","Lantern","Potion Belt","Unceasing Top","Mummified Hand","Busted Crown","ClockworkSouvenir","Prayer Wheel","Tiny Chest","Old Coin"],"potions_floor_usage":[39,50,50],"damage_taken":[{"damage":0.0,"enemies":"2 Louse","floor":1.0,"turns":5.0},{"damage":1.0,"enemies":"Cultist","floor":2.0,"turns":3.0},{"damage":1.0,"enemies":"Small Slimes","floor":3.0,"turns":4.0},{"damage":1.0,"enemies":"Looter","floor":4.0,"turns":4.0},{"damage":7.0,"enemies":"Exordium Thugs","floor":5.0,"turns":4.0},{"damage":10.0,"enemies":"Gremlin Nob","floor":7.0,"turns":4.0},{"damage":0.0,"enemies":"3 Louse","floor":8.0,"turns":2.0},{"damage":4.0,"enemies":"3 Sentries","floor":14.0,"turns":6.0},{"damage":27.0,"enemies":"Slime Boss","floor":16.0,"turns":8.0},{"damage":0.0,"enemies":"Chosen","floor":18.0,"turns":4.0},{"damage":10.0,"enemies":"Masked Bandits","floor":19.0,"turns":4.0},{"damage":8.0,"enemies":"2 Thieves","floor":20.0,"turns":4.0},{"damage":10.0,"enemies":"Centurion and Healer","floor":22.0,"turns":5.0},{"damage":2.0,"enemies":"Gremlin Leader","floor":23.0,"turns":6.0},{"damage":9.0,"enemies":"Snake Plant","floor":25.0,"turns":4.0},{"damage":3.0,"enemies":"Book of Stabbing","floor":27.0,"turns":5.0},{"damage":3.0,"enemies":"Slavers","floor":31.0,"turns":5.0},{"damage":17.0,"enemies":"Champ","floor":33.0,"turns":15.0},{"damage":0,"enemies":"Orb Walker","floor":35,"turns":2},{"damage":3,"enemies":"3 Shapes","floor":36,"turns":3},{"damage":3,"enemies":"Mind Bloom Boss Battle","floor":39,"turns":5},{"damage":3,"enemies":"3 Darklings","floor":44,"turns":3},{"damage":30,"enemies":"2 Orb Walkers","floor":45,"turns":5},{"damage":6,"enemies":"Maw","floor":46,"turns":6},{"damage":9,"enemies":"Sphere and 2 Shapes","floor":48,"turns":4},{"damage":27,"enemies":"Awakened One","floor":50,"turns":17}],"seed_played":"1284991184608027029","potions_obtained":[{"floor":2.0,"key":"FearPotion"},{"floor":5.0,"key":"Swift Potion"},{"floor":7.0,"key":"SpeedPotion"},{"floor":8.0,"key":"Poison Potion"},{"floor":14.0,"key":"Regen Potion"},{"floor":20.0,"key":"GamblersBrew"},{"floor":23.0,"key":"PowerPotion"},{"floor":31.0,"key":"Regen Potion"},{"floor":33.0,"key":"SmokeBomb"},{"floor":36,"key":"LiquidBronze"},{"floor":39,"key":"Dexterity Potion"},{"floor":48,"key":"Fire Potion"}],"is_trial":false,"path_per_floor":["M","M","M","M","M","R","E","M","T","?","R","?","R","E","R","B",null,"M","?","M","?","M","E","R","M","T","E","$","R","$","E","R","B",null,"M","M","?","$","?","R","?","$","T","M","E","M","R","M","R","B"],"character_chosen":"THE_SILENT","items_purchased":["Noxious Fumes","Unceasing Top","Enlightenment","ClockworkSouvenir","Footwork"],"campfire_rested":7,"item_purchase_floors":[28,28,28,38,42],"current_hp_per_floor":[77,76,75,74,67,67,57,57,57,57,57,57,57,53,76,49,77,77,67,59,59,49,62,77,68,68,65,65,77,77,74,77,60,77,77,74,64,64,61,77,70,70,70,67,37,31,54,45,68,56],"gold":446,"neow_bonus":"TEN_PERCENT_HP_BONUS","is_prod":false,"is_daily":false,"chose_seed":false,"campfire_upgraded":3,"win_rate":0,"timestamp":1536292642,"path_taken":["M","M","M","M","M","R","E","M","T","?","R","?","R","E","R","BOSS","M","?","?","?","M","E","R","M","T","E","$","R","?","E","R","BOSS","M","M","?","$","?","R","?","$","T","M","E","M","R","M","R","BOSS"],"build_version":"2018-09-06","purchased_purges":1,"victory":true,"max_hp_per_floor":[77,77,77,77,77,77,77,77,77,77,77,77,77,77,77,77,77,77,77,77,77,77,77,77,77,77,77,77,77,77,77,77,77,77,77,77,77,77,77,77,77,77,77,77,77,77,77,77,77,77],"card_choices":[{"not_picked":["PiercingWail","Cloak And Dagger"],"picked":"Quick Slash","floor":1.0},{"not_picked":["Flying Knee","Prepared"],"picked":"Crippling Poison","floor":2.0},{"not_picked":["Quick Slash","Prepared"],"picked":"Adrenaline","floor":3.0},{"not_picked":["Caltrops","Prepared"],"picked":"Quick Slash","floor":4.0},{"not_picked":["Predator","Accuracy"],"picked":"Well Laid Plans","floor":5.0},{"not_picked":["Acrobatics","Grand Finale"],"picked":"Terror","floor":7.0},{"not_picked":["Eviscerate","Dagger Throw"],"picked":"Sucker Punch","floor":8.0},{"not_picked":["Blade Dance","Bullet Time","Prepared"],"picked":"SKIP","floor":14.0},{"not_picked":["Tools of the Trade","Envenom"],"picked":"After Image","floor":16.0},{"not_picked":["Flying Knee+1","Outmaneuver+1"],"picked":"Crippling Poison","floor":18.0},{"not_picked":["Calculated Gamble+1","Masterful Stab"],"picked":"Leg Sweep+1","floor":19.0},{"not_picked":["Catalyst","Deadly Poison"],"picked":"Backstab","floor":20.0},{"not_picked":["Bane","Reflex"],"picked":"PiercingWail+1","floor":22.0},{"not_picked":["Caltrops","Blade Dance"],"picked":"Concentrate+1","floor":23.0},{"not_picked":["Outmaneuver","Infinite Blades+1"],"picked":"Backstab+1","floor":25.0},{"not_picked":["Wraith Form v2","Deadly Poison"],"picked":"Outmaneuver+1","floor":27.0},{"not_picked":["Underhanded Strike","Riddle With Holes"],"picked":"Quick Slash","floor":31.0},{"not_picked":[],"picked":"Backflip","floor":35},{"not_picked":[],"picked":"Noxious Fumes","floor":36},{"not_picked":[],"picked":"Catalyst","floor":44},{"not_picked":["Deflect"],"picked":"SKIP","floor":44},{"not_picked":["Acrobatics"],"picked":"SKIP","floor":45},{"not_picked":["Poisoned Stab"],"picked":"SKIP","floor":46},{"not_picked":["Dagger Spray"],"picked":"SKIP","floor":46},{"not_picked":[],"picked":"PiercingWail+1","floor":48},{"not_picked":[],"picked":"Backflip","floor":48}],"player_experience":75626,"relics_obtained":[{"floor":7.0,"key":"Anchor"},{"floor":9.0,"key":"Bag of Marbles"},{"floor":14.0,"key":"Art of War"},{"floor":19.0,"key":"Red Mask"},{"floor":23.0,"key":"Juzu Bracelet"},{"floor":26.0,"key":"Lantern"},{"floor":27.0,"key":"Potion Belt"},{"floor":31.0,"key":"Mummified Hand"},{"floor":39,"key":"Prayer Wheel"},{"floor":43,"key":"Tiny Chest"},{"floor":45,"key":"Old Coin"}],"event_choices":[{"event_name":"Upgrade Shrine","player_choice":"Upgraded","floor":10.0,"damage_taken":0.0},{"event_name":"Liars Game","player_choice":"disagreed","floor":12.0,"damage_taken":0.0},{"event_name":"Masked Bandits","player_choice":"Fought Bandits","floor":19.0,"damage_taken":0.0},{"event_name":"Nest","player_choice":"Stole From Cult","floor":21.0,"damage_taken":0.0},{"event_name":"Winding Halls","player_choice":"Embrace Madness","floor":37,"damage_taken":0},{"event_name":"MindBloom","player_choice":"Fight","floor":39,"damage_taken":0},{"event_name":"FaceTrader","player_choice":"Touch","floor":41,"damage_taken":0}],"is_beta":false,"boss_relics":[{"not_picked":["Lizard Tail","Velvet Choker"],"picked":"Fusion Hammer"},{"not_picked":["Orrery","Philosopher\u0027s Stone"],"picked":"Busted Crown"}],"items_purged_floors":[28],"is_endless":false,"potions_floor_spawned":[2,5,7,8,14,18,20,23,31,33,36,39,48],"ascension_level":2}