{"gold_per_floor":[114,125,125,153,177,189,228,240,275,299,311,357,385,410,422,537,549,676,648,671,242,257,257,282,381,408,128,149,149,196,223,396,408],"floor_reached":33,"playtime":5225,"items_purged":["Strike_B","Strike_B"],"score":399,"play_id":"eb402f3e-c397-49ba-8870-66ed589b436f","local_time":"20190501184313","is_ascension_mode":true,"campfire_choices":[{"data":"Zap","floor":6,"key":"SMITH"},{"data":"Genetic Algorithm","floor":8,"key":"SMITH"},{"data":"Capacitor","floor":11,"key":"SMITH"},{"floor":15,"key":"REST"},{"floor":23,"key":"REST"},{"floor":32,"key":"REST"},{"data":"Defragment","floor":32,"key":"SMITH"}],"neow_cost":"NONE","seed_source_timestamp":1193350762248773,"circlet_count":0,"master_deck":["Defend_B","Defend_B","Defend_B","Zap+1","Dualcast","Chill","Sweeping Beam","Steam","Glacier","Genetic Algorithm+1","Capacitor+1","Barrage","Ball Lightning","Electrodynamics","Barrage","Machine Learning+1","Gash+1","Defragment+1","Go for the Eyes","Fusion","Mirror Shield","Double Energy+1","Hologram","Chaos","Conserve Battery"],"relics":["Cracked Core","MawBank","Geode","infinitespire:Lucky Rock","infinitespire:PuzzleCube","Replay:Bronze Core","Membership Card","Strawberry","PreservedInsect","Art of War","infinitespire:Magic Flask","Bandana","infinitespire:FocusingShard","Bag of Marbles"],"potions_floor_usage":[12,16,20,30],"damage_taken":[{"damage":0,"enemies":"Small Slimes","floor":1,"turns":3},{"damage":4,"enemies":"Cultist","floor":2,"turns":3},{"damage":1,"enemies":"2 Louse","floor":4,"turns":2},{"damage":0,"enemies":"Blue Slaver","floor":5,"turns":5},{"damage":23,"enemies":"Lagavulin","floor":7,"turns":10},{"damage":1,"enemies":"Red Slaver","floor":10,"turns":3},{"damage":19,"enemies":"3 Sentries","floor":12,"turns":6},{"damage":0,"enemies":"Looter","floor":13,"turns":2},{"damage":9,"enemies":"Blue Slaver","floor":14,"turns":3},{"damage":12,"enemies":"Slime Boss","floor":16,"turns":5},{"damage":12,"enemies":"Chosen","floor":18,"turns":5},{"damage":22,"enemies":"2 Thieves","floor":20,"turns":3},{"damage":23,"enemies":"Cultist and Chosen","floor":22,"turns":7},{"damage":10,"enemies":"Book of Stabbing","floor":24,"turns":3},{"damage":15,"enemies":"Snecko","floor":28,"turns":6},{"damage":6,"enemies":"Slavers","floor":30,"turns":3},{"damage":8,"enemies":"Sentry and Sphere","floor":31,"turns":6},{"damage":33,"enemies":"Automaton","floor":33,"turns":6}],"seed_played":"2514355543646143387","potions_obtained":[{"floor":7,"key":"Strength Potion"},{"floor":10,"key":"Explosive Potion"},{"floor":12,"key":"Strength Potion"},{"floor":13,"key":"AttackPotion"},{"floor":16,"key":"SmokeBomb"},{"floor":18,"key":"Reflective Coating"},{"floor":22,"key":"SteroidPotion"}],"is_trial":false,"path_per_floor":["M","M","?","M","M","R","E","R","T","M","R","E","M","M","R","B",null,"M","?","M","$","M","R","E","?","T","$","M","?","E","M","R","B"],"character_chosen":"DEFECT","items_purchased":["Membership Card","Go for the Eyes","Fusion","Strawberry","PreservedInsect","infinitespire:Magic Flask","Bandana"],"campfire_rested":3,"item_purchase_floors":[21,21,21,21,21,27,27],"current_hp_per_floor":[75,71,64,63,63,63,40,40,40,39,39,20,20,11,36,24,65,53,53,31,38,15,40,30,30,30,30,15,15,9,1,26,0],"gold":408,"neow_bonus":"TRANSFORM_CARD","is_prod":false,"is_daily":false,"chose_seed":false,"campfire_upgraded":4,"win_rate":0,"timestamp":1556750593,"path_taken":["M","M","?","M","M","R","E","R","T","M","R","E","M","M","R","BOSS","M","?","M","$","?","R","E","?","T","$","M","?","E","M","R","BOSS"],"build_version":"2019-01-23","purchased_purges":2,"victory":false,"max_hp_per_floor":[75,75,75,75,75,75,75,75,75,75,75,75,75,75,78,78,78,78,78,78,85,85,85,85,85,85,85,85,85,85,85,85,85],"card_choices":[{"not_picked":["Reprogram","BasicCrystalCard"],"picked":"Sweeping Beam","floor":1},{"not_picked":["Beam Cell","White Noise"],"picked":"Steam","floor":2},{"not_picked":["ReplayTheSpireMod:System Scan","ReplayTheSpireMod:GoodbyeWorld"],"picked":"Glacier","floor":4},{"not_picked":["Chaos","Gash"],"picked":"Genetic Algorithm","floor":5},{"not_picked":["Gash","Sweeping Beam"],"picked":"Capacitor","floor":7},{"not_picked":["Turbo","ReplayGash"],"picked":"Barrage","floor":10},{"not_picked":["Barrage","FTL"],"picked":"Ball Lightning","floor":12},{"not_picked":["Hologram","Ball Lightning"],"picked":"Electrodynamics","floor":13},{"not_picked":["Sweeping Beam","Hello World"],"picked":"Barrage","floor":14},{"not_picked":["Reboot","ReplayTheSpireMod:Omega Cannon"],"picked":"Machine Learning","floor":16},{"not_picked":["Double Energy","Turbo+1"],"picked":"Gash+1","floor":18},{"not_picked":["Compile Driver","ReplaySort+1"],"picked":"Defragment","floor":20},{"not_picked":["White Noise","Sweeping Beam+1","Stack+1"],"picked":"SKIP","floor":22},{"not_picked":["Barrage","BasicCrystalCard"],"picked":"Mirror Shield","floor":24},{"not_picked":["Redo","Storm"],"picked":"Double Energy+1","floor":28},{"not_picked":["Rebound+1","Leap","Mirror Shield"],"picked":"SKIP","floor":30},{"not_picked":["Barrage","Undo"],"picked":"Conserve Battery","floor":31}],"player_experience":257797,"relics_obtained":[{"floor":7,"key":"Geode"},{"floor":9,"key":"infinitespire:Lucky Rock"},{"floor":12,"key":"infinitespire:PuzzleCube"},{"floor":24,"key":"Art of War"},{"floor":30,"key":"infinitespire:FocusingShard"}],"event_choices":[{"damage_healed":0,"gold_gain":0,"player_choice":"Success","damage_taken":7,"relics_obtained":["MawBank"],"max_hp_gain":0,"max_hp_loss":0,"event_name":"Scrap Ooze","floor":3,"gold_loss":0},{"damage_healed":0,"gold_gain":0,"player_choice":"Upgrade","damage_taken":0,"max_hp_gain":0,"max_hp_loss":0,"event_name":"Designer","floor":19,"gold_loss":40,"cards_upgraded":["Machine Learning"]},{"damage_healed":0,"gold_gain":99,"player_choice":"Stole From Cult","damage_taken":0,"max_hp_gain":0,"max_hp_loss":0,"event_name":"Nest","floor":25,"gold_loss":0},{"damage_healed":0,"gold_gain":0,"cards_transformed":["Strike_B","Defend_B"],"player_choice":"Became Test Subject","damage_taken":0,"max_hp_gain":0,"max_hp_loss":0,"event_name":"Drug Dealer","floor":29,"gold_loss":0,"cards_obtained":["Hologram","Chaos"]}],"is_beta":false,"boss_relics":[{"not_picked":["ReplayTheSpireMod:DimensionalGlitch","Runic Pyramid"],"picked":"Replay:Bronze Core"}],"items_purged_floors":[21,27],"is_endless":false,"potions_floor_spawned":[7,10,12,13,16,18,22,24],"killed_by":"Automaton","ascension_level":5}