{"gold_per_floor":[117,129,129,47,58,85,85,102,102,102,119,119,152,152,152,256,256,275,287,287,386,301,301,335,335],"floor_reached":25,"playtime":1320,"items_purged":[],"score":272,"play_id":"427461a0-41da-40b6-a6b6-69b2f0be59fc","local_time":"20190828155500","is_ascension_mode":true,"campfire_choices":[{"data":"Zap","floor":7,"key":"SMITH"},{"floor":10,"key":"REST"},{"data":"Loop","floor":12,"key":"SMITH"},{"floor":15,"key":"REST"},{"data":"Biased Cognition","floor":23,"key":"SMITH"}],"neow_cost":"NONE","seed_source_timestamp":6468892834559906,"circlet_count":0,"master_deck":["Strike_B","Strike_B","Strike_B","Defend_B","Defend_B","Defend_B","Defend_B+1","Zap+1","Dualcast","Auto Shields","Glacier","Loop+1","Gash","Glacier+1","Sunder","Go for the Eyes","Core Surge","Biased Cognition+1","FTL+1","Genetic Algorithm+1"],"relics":["Cracked Core","Anchor","Kunai","Matryoshka","StoneCalendar","Busted Crown","War Paint","Red Mask"],"potions_floor_usage":[6,13,25],"damage_taken":[{"damage":0,"enemies":"2 Louse","floor":1,"turns":1},{"damage":3,"enemies":"Jaw Worm","floor":2,"turns":5},{"damage":7,"enemies":"Small Slimes","floor":5,"turns":4},{"damage":29,"enemies":"Gremlin Nob","floor":6,"turns":5},{"damage":3,"enemies":"2 Fungi Beasts","floor":8,"turns":3},{"damage":2,"enemies":"3 Louse","floor":11,"turns":3},{"damage":6,"enemies":"3 Sentries","floor":13,"turns":6},{"damage":16,"enemies":"Slime Boss","floor":16,"turns":7},{"damage":10,"enemies":"2 Thieves","floor":18,"turns":4},{"damage":8,"enemies":"Spheric Guardian","floor":19,"turns":4},{"damage":12,"enemies":"Masked Bandits","floor":24,"turns":6},{"damage":22,"enemies":"Slavers","floor":25,"turns":6}],"seed_played":"-3450805242137799039","potions_obtained":[{"floor":1,"key":"EssenceOfSteel"},{"floor":6,"key":"Explosive Potion"},{"floor":11,"key":"SpeedPotion"},{"floor":13,"key":"SteroidPotion"},{"floor":19,"key":"Block Potion"}],"is_trial":false,"path_per_floor":["M","M","?","$","M","E","R","M","T","R","M","R","E","?","R","B",null,"M","M","?","?","?","R","?","E"],"character_chosen":"DEFECT","items_purchased":["Loop"],"campfire_rested":2,"item_purchase_floors":[4],"current_hp_per_floor":[68,65,53,53,46,17,17,14,14,36,34,34,28,28,50,34,65,55,47,33,33,33,33,21,0],"gold":335,"neow_bonus":"THREE_CARDS","is_prod":false,"is_daily":false,"chose_seed":false,"campfire_upgraded":3,"win_rate":0,"timestamp":1567022100,"path_taken":["M","M","?","$","M","E","R","M","T","R","M","R","E","?","R","BOSS","M","M","?","?","?","R","?","E"],"build_version":"2019-07-17","purchased_purges":0,"victory":false,"max_hp_per_floor":[75,75,75,75,75,75,75,75,75,75,75,75,75,75,75,75,75,75,75,80,80,80,80,80,80],"card_choices":[{"not_picked":["Streamline","Turbo"],"picked":"Auto Shields","floor":0},{"not_picked":["Capacitor","Force Field"],"picked":"Glacier","floor":1},{"not_picked":["Hello World","Lockon","Blizzard"],"picked":"SKIP","floor":2},{"not_picked":["Hologram","Rebound"],"picked":"Gash","floor":5},{"not_picked":["Redo","BootSequence"],"picked":"Glacier","floor":6},{"not_picked":["Stack","Chaos"],"picked":"Sunder","floor":8},{"not_picked":["Turbo","Lockon"],"picked":"Go for the Eyes","floor":11},{"not_picked":["Hyperbeam","Gash"],"picked":"Core Surge","floor":13},{"not_picked":["Seek","Hyperbeam"],"picked":"Biased Cognition","floor":16},{"not_picked":[],"picked":"FTL+1","floor":18},{"not_picked":[],"picked":"Genetic Algorithm+1","floor":19}],"player_experience":377722,"relics_obtained":[{"floor":6,"key":"Kunai"},{"floor":9,"key":"Matryoshka"},{"floor":13,"key":"StoneCalendar"},{"floor":24,"key":"Red Mask"}],"event_choices":[{"damage_healed":0,"gold_gain":0,"player_choice":"Success","damage_taken":12,"relics_obtained":["Anchor"],"max_hp_gain":0,"max_hp_loss":0,"event_name":"Scrap Ooze","floor":3,"gold_loss":0},{"cards_removed":["Strike_B"],"damage_healed":0,"gold_gain":0,"player_choice":"Forget","damage_taken":0,"max_hp_gain":0,"max_hp_loss":0,"event_name":"Living Wall","floor":14,"gold_loss":0},{"damage_healed":0,"gold_gain":0,"player_choice":"Shed Blood","damage_taken":19,"max_hp_gain":5,"max_hp_loss":0,"event_name":"Forgotten Altar","floor":20,"gold_loss":0},{"damage_healed":0,"gold_gain":99,"player_choice":"Stole From Cult","damage_taken":0,"max_hp_gain":0,"max_hp_loss":0,"event_name":"Nest","floor":21,"gold_loss":0},{"damage_healed":0,"gold_gain":0,"player_choice":"Obtained Relic","damage_taken":0,"relics_obtained":["War Paint"],"max_hp_gain":0,"max_hp_loss":0,"event_name":"Addict","floor":22,"gold_loss":85},{"damage_healed":0,"gold_gain":0,"player_choice":"Fought Bandits","damage_taken":0,"max_hp_gain":0,"max_hp_loss":0,"event_name":"Masked Bandits","floor":24,"gold_loss":0}],"is_beta":false,"boss_relics":[{"not_picked":["Tiny House","Empty Cage"],"picked":"Busted Crown"}],"items_purged_floors":[],"is_endless":false,"potions_floor_spawned":[1,6,11,13,19,24],"killed_by":"Slavers","ascension_level":6}