{"gold_per_floor":[110,12,12,24,24,24,43,43,43,68,81,106,106,106,106,205,205,218,232,251,251],"floor_reached":21,"playtime":1153,"items_purged":["Regret"],"score":271,"play_id":"07b75539-d05b-41a3-be4f-a666308ee052","local_time":"20190529015813","is_ascension_mode":true,"campfire_choices":[{"data":"Zap","floor":6,"key":"SMITH"},{"data":"Defragment","floor":8,"key":"SMITH"},{"data":"Hologram","floor":13,"key":"SMITH"},{"floor":15,"key":"REST"}],"neow_cost":"CURSE","seed_source_timestamp":3556301772788250,"circlet_count":0,"master_deck":["Strike_B","Strike_B","Strike_B","Defend_B","Defend_B","Defend_B","Defend_B","Zap+1","Dualcast","Hologram+1","Sweeping Beam","Conserve Battery","Defragment+1","Go for the Eyes","Compile Driver","Undo","Ball Lightning","Creative AI","Regret","Regret","Clumsy","Melter","Recycle","Glacier"],"relics":["Cracked Core","FossilizedHelix","Bag of Preparation","Darkstone Periapt","Orichalcum","Calling Bell","PreservedInsect","Mummified Hand","StoneCalendar"],"potions_floor_usage":[10,16,18,20,20,20,20,21],"damage_taken":[{"damage":1,"enemies":"Cultist","floor":1,"turns":3},{"damage":0,"enemies":"2 Louse","floor":4,"turns":2},{"damage":0,"enemies":"Jaw Worm","floor":7,"turns":3},{"damage":3,"enemies":"Lagavulin","floor":10,"turns":6},{"damage":13,"enemies":"Gremlin Gang","floor":11,"turns":3},{"damage":15,"enemies":"3 Sentries","floor":12,"turns":6},{"damage":9,"enemies":"The Guardian","floor":16,"turns":10},{"damage":32,"enemies":"2 Thieves","floor":18,"turns":4},{"damage":15,"enemies":"Shell Parasite","floor":19,"turns":5},{"damage":42,"enemies":"Cultist and Chosen","floor":20,"turns":6},{"damage":16,"enemies":"Colosseum Slavers","floor":21,"turns":1}],"seed_played":"-8684492089259688837","potions_obtained":[{"floor":1,"key":"FearPotion"},{"floor":5,"key":"Energy Potion"},{"floor":5,"key":"Block Potion"},{"floor":5,"key":"EntropicBrew"},{"floor":11,"key":"Swift Potion"},{"floor":16,"key":"Regen Potion"},{"floor":18,"key":"SkillPotion"}],"is_trial":false,"path_per_floor":["M","$","?","M","?","R","M","R","T","E","M","E","R","?","R","B",null,"M","M","M","?"],"character_chosen":"DEFECT","items_purchased":["Sweeping Beam"],"campfire_rested":1,"item_purchase_floors":[2],"current_hp_per_floor":[67,67,60,60,60,60,60,60,60,57,44,29,29,29,51,42,85,53,38,8,0],"gold":251,"neow_bonus":"ONE_RARE_RELIC","is_prod":false,"is_daily":false,"chose_seed":false,"campfire_upgraded":3,"win_rate":0,"timestamp":1559109493,"path_taken":["M","$","?","M","?","R","?","R","T","E","M","E","R","?","R","BOSS","M","?","M","?"],"build_version":"2019-01-23","purchased_purges":1,"victory":false,"max_hp_per_floor":[75,75,75,75,75,75,75,75,75,75,75,75,75,75,75,75,93,93,93,93,93],"card_choices":[{"not_picked":["Recycle","Reprogram"],"picked":"Hologram","floor":1},{"not_picked":["Turbo","Sweeping Beam"],"picked":"Conserve Battery","floor":4},{"not_picked":["Ball Lightning","Leap"],"picked":"Defragment","floor":7},{"not_picked":["Redo","Leap"],"picked":"Go for the Eyes","floor":10},{"not_picked":["Leap","Go for the Eyes"],"picked":"Compile Driver","floor":11},{"not_picked":["Go for the Eyes","Sweeping Beam"],"picked":"Undo","floor":12},{"not_picked":["Machine Learning","Seek"],"picked":"Creative AI","floor":16},{"not_picked":["Turbo","Stack"],"picked":"Melter","floor":18},{"not_picked":["Rebound","Stack"],"picked":"Recycle","floor":19},{"not_picked":["Hologram","Conserve Battery+1"],"picked":"Glacier","floor":20}],"player_experience":307120,"relics_obtained":[{"floor":9,"key":"Bag of Preparation"},{"floor":10,"key":"Darkstone Periapt"},{"floor":12,"key":"Orichalcum"},{"floor":17,"key":"PreservedInsect"},{"floor":17,"key":"Mummified Hand"},{"floor":17,"key":"StoneCalendar"}],"event_choices":[{"cards_removed":["Strike_B"],"damage_healed":0,"gold_gain":0,"player_choice":"Card Removal","damage_taken":7,"max_hp_gain":0,"max_hp_loss":0,"event_name":"Golden Wing","floor":3,"gold_loss":0},{"damage_healed":0,"gold_gain":0,"player_choice":"Got Potions","damage_taken":0,"max_hp_gain":0,"max_hp_loss":0,"event_name":"Lab","floor":5,"gold_loss":0},{"damage_healed":0,"gold_gain":0,"player_choice":"1 cards matched","damage_taken":0,"max_hp_gain":0,"max_hp_loss":0,"event_name":"Match and Keep!","floor":14,"gold_loss":0,"cards_obtained":["Ball Lightning"]},{"damage_healed":0,"gold_gain":0,"player_choice":"Fight","damage_taken":0,"max_hp_gain":0,"max_hp_loss":0,"event_name":"Colosseum","floor":21,"gold_loss":0}],"is_beta":false,"boss_relics":[{"not_picked":["Orrery","Empty Cage"],"picked":"Calling Bell"}],"items_purged_floors":[2],"is_endless":false,"potions_floor_spawned":[1,11,16,18],"killed_by":"Colosseum Slavers","ascension_level":6}