{"gold_per_floor":[119,134,148,161,181,181,208,208,208,208,218,247,257,38,38,138,138,157,256,256,276,290,290,305,305,305,318,318,318],"floor_reached":29,"playtime":2498,"items_purged":[],"score":239,"play_id":"1f36a8fe-4fff-48d2-937a-4e19cfd17f90","local_time":"20180626232539","is_ascension_mode":false,"campfire_choices":[{"floor":6,"key":"REST"},{"floor":8,"key":"REST"},{"floor":10,"key":"REST"},{"floor":15,"key":"REST"},{"floor":23,"key":"REST"},{"floor":25,"key":"REST"}],"neow_cost":"NONE","seed_source_timestamp":1110482259161199,"circlet_count":0,"master_deck":["Strike_R","Strike_R","Strike_R","Strike_R","Defend_R","Defend_R+1","Defend_R+1","Bash","Perfected Strike","Cleave","Dual Wield","Anger","Pommel Strike","Whirlwind","Rage","Flame Barrier","Uppercut","Searing Blow","Apotheosis","Double Tap","Clash","Dual Wield","Battle Trance+1","Infernal Blade","Rage"],"relics":["Burning Blood","War Paint","Darkstone Periapt","Juzu Bracelet","Empty Cage","Paper Frog"],"potions_floor_usage":[7,13,16,16,16,27,29],"damage_taken":[{"damage":7,"enemies":"Cultist","floor":1,"turns":5},{"damage":4,"enemies":"Jaw Worm","floor":2,"turns":5},{"damage":0,"enemies":"Small Slimes","floor":3,"turns":2},{"damage":14,"enemies":"Blue Slaver","floor":4,"turns":5},{"damage":36,"enemies":"Exordium Thugs","floor":5,"turns":7},{"damage":25,"enemies":"3 Sentries","floor":7,"turns":7},{"damage":0,"enemies":"Large Slime","floor":11,"turns":6},{"damage":52,"enemies":"Lagavulin","floor":12,"turns":7},{"damage":4,"enemies":"Red Slaver","floor":13,"turns":5},{"damage":62,"enemies":"Hexaghost","floor":16,"turns":11},{"damage":23,"enemies":"Chosen","floor":18,"turns":7},{"damage":6,"enemies":"3 Byrds","floor":21,"turns":4},{"damage":24,"enemies":"Snecko","floor":22,"turns":5},{"damage":39,"enemies":"Centurion and Healer","floor":24,"turns":8},{"damage":34,"enemies":"Sentry and Sphere","floor":27,"turns":9},{"damage":35,"enemies":"Slaver and Parasite","floor":29,"turns":3}],"seed_played":"-2708912120494447439","potions_obtained":[{"floor":1,"key":"Ancient Potion"},{"floor":3,"key":"Swift Potion"},{"floor":11,"key":"SpeedPotion"},{"floor":12,"key":"Poison Potion"},{"floor":13,"key":"AttackPotion"},{"floor":18,"key":"Regen Potion"},{"floor":24,"key":"Block Potion"},{"floor":27,"key":"Block Potion"}],"is_trial":false,"path_per_floor":["M","M","M","M","M","R","E","R","T","R","M","E","M","$","R","B",null,"M","?","?","M","M","R","M","R","T","M","?"],"character_chosen":"IRONCLAD","items_purchased":["Searing Blow","Apotheosis"],"campfire_rested":6,"item_purchase_floors":[14,14],"current_hp_per_floor":[87,88,88,80,50,76,57,83,83,88,88,42,44,44,70,14,88,71,71,71,71,53,79,46,72,72,44,35,0],"gold":318,"neow_bonus":"TEN_PERCENT_HP_BONUS","is_prod":false,"is_daily":false,"chose_seed":false,"campfire_upgraded":0,"win_rate":0.0,"timestamp":1530069939,"path_taken":["M","?","M","M","M","R","E","R","T","R","M","E","M","?","R","BOSS","M","?","?","M","M","R","M","R","T","M","?","M"],"build_version":"2018-06-21v2","purchased_purges":0,"victory":false,"max_hp_per_floor":[88,88,88,88,88,88,88,88,88,88,88,88,88,88,88,88,88,88,88,88,88,88,88,88,88,88,88,88,88],"card_choices":[{"not_picked":["Hemokinesis","Cleave"],"picked":"Perfected Strike","floor":1},{"not_picked":["Clothesline","Burning Pact"],"picked":"Cleave","floor":2},{"not_picked":["Battle Trance","Disarm"],"picked":"Dual Wield","floor":3},{"not_picked":["Cleave","Uppercut"],"picked":"Anger","floor":4},{"not_picked":["Armaments","Iron Wave"],"picked":"Pommel Strike","floor":5},{"not_picked":["Battle Trance","Hemokinesis"],"picked":"Whirlwind","floor":7},{"not_picked":["Hemokinesis","Thunderclap"],"picked":"Rage","floor":11},{"not_picked":["Combust","Whirlwind"],"picked":"Flame Barrier","floor":12},{"not_picked":["Pummel","True Grit"],"picked":"Uppercut","floor":13},{"not_picked":["Fiend Fire","Offering"],"picked":"Double Tap","floor":16},{"not_picked":["Feel No Pain","Pummel+1"],"picked":"Clash","floor":18},{"not_picked":["Pommel Strike+1","Entrench"],"picked":"Dual Wield","floor":21},{"not_picked":["Thunderclap","Warcry"],"picked":"Battle Trance+1","floor":22},{"not_picked":["True Grit+1","Body Slam"],"picked":"Infernal Blade","floor":24},{"not_picked":["Second Wind+1","Intimidate"],"picked":"Rage","floor":27}],"player_experience":3850,"relics_obtained":[{"floor":7,"key":"War Paint"},{"floor":9,"key":"Darkstone Periapt"},{"floor":12,"key":"Juzu Bracelet"},{"floor":26,"key":"Paper Frog"}],"event_choices":[{"event_name":"Nest","player_choice":"Stole From Cult","floor":19,"damage_taken":0},{"event_name":"Drug Dealer","player_choice":"Ignored","floor":20,"damage_taken":0},{"event_name":"Cursed Tome","player_choice":"Stopped","floor":28,"damage_taken":0}],"boss_relics":[{"not_picked":["Snecko Eye","Coffee Dripper"],"picked":"Empty Cage"}],"items_purged_floors":[],"is_endless":false,"potions_floor_spawned":[1,3,11,12,13,18,24,27],"killed_by":"Slaver and Parasite","ascension_level":0}