{"gold_per_floor":[224,242,3,19,117,238,238,228,228,238,238,257,257],"floor_reached":13,"playtime":800,"items_purged":[],"score":113,"play_id":"7e545a12-83aa-4f33-9ef3-6a6221b5cf14","local_time":"20190501185646","is_ascension_mode":true,"campfire_choices":[{"floor":7,"key":"REST"},{"data":"Mind Blast","floor":11,"key":"SMITH"}],"neow_cost":"NONE","seed_source_timestamp":1198591749838892,"circlet_count":0,"master_deck":["Defend_G","Defend_G","Defend_G","Defend_G","Defend_G","Strike_G","Strike_G","Strike_G","Strike_G","Strike_G","Survivor","Neutralize","Mind Blast+1","Dodge and Roll","PiercingWail","Cloak And Dagger","Noxious Fumes","PiercingWail","Finisher","Poisoned Stab","Leg Sweep","Backflip","Accuracy"],"relics":["Ring of the Snake","Ornamental Fan","Art of War","infinitespire:Broken Mirror"],"potions_floor_usage":[13],"damage_taken":[{"damage":12,"enemies":"Jaw Worm","floor":1,"turns":3},{"damage":10,"enemies":"Cultist","floor":2,"turns":5},{"damage":2,"enemies":"Small Slimes","floor":4,"turns":4},{"damage":16,"enemies":"3 Sentries","floor":6,"turns":10},{"damage":11,"enemies":"Exordium Thugs","floor":8,"turns":6},{"damage":0,"enemies":"Looter","floor":10,"turns":3},{"damage":0,"enemies":"2 Fungi Beasts","floor":12,"turns":2},{"damage":20,"enemies":"Lagavulin","floor":13,"turns":8}],"seed_played":"8345040535026669125","potions_obtained":[{"floor":2,"key":"Ancient Potion"},{"floor":8,"key":"Toxic Potion"}],"is_trial":false,"path_per_floor":["M","M","$","M","?","E","R","M","T","M","R","M","E"],"character_chosen":"THE_SILENT","items_purchased":["Ornamental Fan"],"campfire_rested":1,"item_purchase_floors":[3],"current_hp_per_floor":[51,41,41,39,22,6,27,16,16,16,16,16,0],"gold":257,"neow_bonus":"RANDOM_COLORLESS","is_prod":false,"is_daily":false,"chose_seed":false,"campfire_upgraded":1,"win_rate":0,"timestamp":1556751406,"path_taken":["M","M","$","M","?","E","R","M","T","M","R","M","E"],"build_version":"2019-01-23","purchased_purges":0,"victory":false,"max_hp_per_floor":[70,70,70,70,70,70,70,70,70,70,70,70,70],"card_choices":[{"not_picked":["Distraction","Finisher"],"picked":"Dodge and Roll","floor":1},{"not_picked":["Underhanded Strike","Hidden Blade"],"picked":"PiercingWail","floor":2},{"not_picked":["ReplayTheSpireMod:Shiv Toss","Concentrate"],"picked":"Cloak And Dagger","floor":4},{"not_picked":["ReplayTheSpireMod:Scrap Shanks","Fluid Movement"],"picked":"Noxious Fumes","floor":5},{"not_picked":["Riddle With Holes","Outmaneuver"],"picked":"PiercingWail","floor":5},{"not_picked":["Poisoned Stab","Choke"],"picked":"Finisher","floor":5},{"not_picked":["Tools of the Trade","Blade Dance"],"picked":"Poisoned Stab","floor":6},{"not_picked":["Dagger Spray","Cloak And Dagger"],"picked":"Leg Sweep","floor":8},{"not_picked":["Riddle With Holes","Cloak And Dagger"],"picked":"Backflip","floor":10},{"not_picked":["Poisoned Stab","Atom Bomb"],"picked":"Accuracy","floor":12}],"player_experience":263022,"relics_obtained":[{"floor":6,"key":"Art of War"},{"floor":9,"key":"infinitespire:Broken Mirror"}],"event_choices":[],"is_beta":false,"boss_relics":[],"items_purged_floors":[],"is_endless":false,"potions_floor_spawned":[2,8],"killed_by":"Lagavulin","ascension_level":6}