{"gold_per_floor":[114,114,114,114,114,114,157,182,209,222,222,241,241,266,266,390,390,414,414,414,414,435,435,131,131,181,181,220,319,362,381,381,505,505,528,160,160,176,176,191,207,207,207,207,207,223,223,263,263,263],"floor_reached":51,"playtime":2025,"items_purged":[],"score":1070,"play_id":"e4293c15-f3bc-4b87-9f7d-328990333216","local_time":"20190525161032","is_ascension_mode":true,"campfire_choices":[{"floor":6.0,"key":"REST"},{"data":"Shockwave","floor":11.0,"key":"SMITH"},{"data":"Demon Form","floor":13.0,"key":"SMITH"},{"floor":15.0,"key":"REST"},{"data":"Flame Barrier","floor":23.0,"key":"SMITH"},{"data":"Flame Barrier","floor":25.0,"key":"SMITH"},{"data":"Metallicize","floor":27.0,"key":"SMITH"},{"data":"Heavy Blade","floor":32.0,"key":"SMITH"},{"data":"Flame Barrier","floor":42.0,"key":"SMITH"},{"data":"Double Tap","floor":44.0,"key":"SMITH"},{"data":"Metallicize","floor":47.0,"key":"SMITH"},{"data":"Inflame","floor":49.0,"key":"SMITH"}],"neow_cost":"NONE","seed_source_timestamp":0,"circlet_count":0,"master_deck":["Defend_R","Defend_R","Defend_R","Pummel+1","Pommel Strike","Shockwave+1","Demon Form+1","Inflame+1","Heavy Blade+1","Impervious+1","Ghostly Armor","Bite","Bite","Bite","Bite","Bite","Flame Barrier+1","Flame Barrier+1","Metallicize+1","Battle Trance+1","Double Tap+1","Metallicize+1","Madness","Madness+1","Flame Barrier+1","Pummel"],"special_seed":0,"relics":["Burning Blood","Golden Idol","Prayer Wheel","Centennial Puzzle","Busted Crown","Anchor","Regal Pillow","Orichalcum","Potion Belt","Coffee Dripper","Mango","Dodecahedron","Meat on the Bone","Dream Catcher","War Paint"],"potions_floor_usage":[50,50],"damage_taken":[{"damage":2.0,"enemies":"2 Louse","floor":1.0,"turns":4.0},{"damage":39.0,"enemies":"Gremlin Nob","floor":7.0,"turns":5.0},{"damage":0.0,"enemies":"Jaw Worm","floor":8.0,"turns":3.0},{"damage":0.0,"enemies":"Small Slimes","floor":10.0,"turns":3.0},{"damage":11.0,"enemies":"3 Louse","floor":12.0,"turns":5.0},{"damage":16.0,"enemies":"Large Slime","floor":14.0,"turns":7.0},{"damage":28.0,"enemies":"The Guardian","floor":16.0,"turns":7.0},{"damage":2.0,"enemies":"Chosen","floor":18.0,"turns":4.0},{"damage":13.0,"enemies":"Shell Parasite","floor":22.0,"turns":4.0},{"damage":14.0,"enemies":"Slavers","floor":28.0,"turns":5.0},{"damage":18.0,"enemies":"Book of Stabbing","floor":30.0,"turns":6.0},{"damage":0.0,"enemies":"Shelled Parasite and Fungi","floor":31.0,"turns":7.0},{"damage":45.0,"enemies":"Automaton","floor":33.0,"turns":10.0},{"damage":11.0,"enemies":"3 Darklings","floor":35.0,"turns":8.0},{"damage":12.0,"enemies":"3 Shapes","floor":38.0,"turns":4.0},{"damage":28.0,"enemies":"Sphere and 2 Shapes","floor":40.0,"turns":7.0},{"damage":15.0,"enemies":"Maw","floor":41.0,"turns":5.0},{"damage":7.0,"enemies":"Transient","floor":46.0,"turns":5.0},{"damage":0.0,"enemies":"Giant Head","floor":48.0,"turns":8.0},{"damage":34,"enemies":"Donu and Deca","floor":50,"turns":10}],"seed_played":"3146218865384788328","potions_obtained":[{"floor":7.0,"key":"Block Potion"},{"floor":12.0,"key":"Explosive Potion"},{"floor":16.0,"key":"FearPotion"},{"floor":22.0,"key":"Ancient Potion"},{"floor":30.0,"key":"SpeedPotion"},{"floor":31.0,"key":"EssenceOfSteel"},{"floor":41.0,"key":"Block Potion"},{"floor":48.0,"key":"Energy Potion"}],"is_trial":false,"path_per_floor":["M","?","?","$","?","R","E","M","T","M","R","M","R","M","R","B",null,"M","?","?","?","M","R","$","R","T","R","E","?","E","M","R","B",null,"M","$","?","M","T","M","M","R","T","R","T","M","R","E","R","B",null],"character_chosen":"IRONCLAD","items_purchased":["Anchor","Flame Barrier","Metallicize","Metallicize","Mango"],"campfire_rested":2,"item_purchase_floors":[24,24,24,36,36],"current_hp_per_floor":[76,76,56,56,49,73,40,46,46,52,52,47,47,37,61,39,70,74,74,74,56,49,49,49,49,49,49,47,47,45,56,56,27,49,56,70,61,59,59,53,60,60,60,60,60,70,70,70,70,62],"gold":263,"neow_bonus":"REMOVE_CARD","is_prod":false,"is_daily":false,"chose_seed":false,"campfire_upgraded":10,"win_rate":0,"timestamp":1558815032,"path_taken":["M","?","?","?","?","R","E","M","T","M","R","M","R","M","R","BOSS","M","?","?","?","M","R","$","R","T","R","E","?","E","M","R","BOSS","M","$","?","M","?","M","M","R","T","R","?","M","R","E","R","BOSS"],"build_version":"2019-01-23","purchased_purges":0,"victory":true,"max_hp_per_floor":[80,80,80,80,80,80,80,80,80,80,80,80,80,80,80,80,80,80,80,80,56,56,56,56,56,56,56,56,56,56,56,56,56,56,56,70,70,70,70,70,70,70,70,70,70,70,70,70,70,70],"card_choices":[{"not_picked":["Headbutt","Hemokinesis"],"picked":"Pummel","floor":1.0},{"not_picked":["Evolve","Power Through","Juggernaut"],"picked":"SKIP","floor":7.0},{"not_picked":["True Grit","Warcry"],"picked":"Pommel Strike","floor":8.0},{"not_picked":["Second Wind","Pommel Strike","Iron Wave"],"picked":"SKIP","floor":8.0},{"not_picked":["Armaments","Second Wind"],"picked":"Shockwave","floor":10.0},{"not_picked":["Perfected Strike","Anger","Iron Wave"],"picked":"SKIP","floor":10.0},{"not_picked":["Battle Trance","Sword Boomerang"],"picked":"Demon Form","floor":12.0},{"not_picked":["Perfected Strike","Warcry","Iron Wave"],"picked":"SKIP","floor":12.0},{"not_picked":["True Grit","Headbutt"],"picked":"Inflame","floor":14.0},{"not_picked":["Sword Boomerang","Anger"],"picked":"Heavy Blade","floor":14.0},{"not_picked":["Offering","Juggernaut"],"picked":"Impervious","floor":16.0},{"not_picked":[],"picked":"Ghostly Armor","floor":18.0},{"not_picked":["Flex"],"picked":"SKIP","floor":18.0},{"not_picked":[],"picked":"Flame Barrier","floor":22.0},{"not_picked":["Shockwave"],"picked":"SKIP","floor":22.0},{"not_picked":["Berserk"],"picked":"SKIP","floor":28.0},{"not_picked":["Infernal Blade"],"picked":"SKIP","floor":30.0},{"not_picked":[],"picked":"Battle Trance+1","floor":31.0},{"not_picked":["Heavy Blade"],"picked":"SKIP","floor":31.0},{"not_picked":[],"picked":"Double Tap","floor":33.0},{"not_picked":["Flex+1"],"picked":"SKIP","floor":35.0},{"not_picked":["Anger"],"picked":"SKIP","floor":35.0},{"not_picked":[],"picked":"Flame Barrier","floor":38.0},{"not_picked":["Combust"],"picked":"SKIP","floor":38.0},{"not_picked":["Flex"],"picked":"SKIP","floor":40.0},{"not_picked":["Body Slam"],"picked":"SKIP","floor":40.0},{"not_picked":["Clash"],"picked":"SKIP","floor":41.0},{"not_picked":["Entrench+1"],"picked":"SKIP","floor":41.0},{"not_picked":["Anger+1"],"picked":"SKIP","floor":46.0},{"not_picked":["True Grit"],"picked":"SKIP","floor":46.0},{"not_picked":[],"picked":"Pummel","floor":48.0}],"player_experience":233823,"relics_obtained":[{"floor":7.0,"key":"Prayer Wheel"},{"floor":9.0,"key":"Centennial Puzzle"},{"floor":26.0,"key":"Regal Pillow"},{"floor":28.0,"key":"Orichalcum"},{"floor":30.0,"key":"Potion Belt"},{"floor":39.0,"key":"Dodecahedron"},{"floor":43.0,"key":"Meat on the Bone"},{"floor":45.0,"key":"Dream Catcher"},{"floor":48.0,"key":"War Paint"}],"event_choices":[{"damage_healed":0.0,"max_hp_gain":0.0,"max_hp_loss":0.0,"gold_gain":0.0,"event_name":"Living Wall","player_choice":"Grow","floor":2.0,"gold_loss":0.0,"damage_taken":0.0,"cards_upgraded":["Pummel"]},{"damage_healed":0.0,"max_hp_gain":0.0,"max_hp_loss":0.0,"gold_gain":0.0,"event_name":"Golden Idol","player_choice":"Take Damage","floor":3.0,"gold_loss":0.0,"damage_taken":20.0,"relics_obtained":["Golden Idol"]},{"cards_removed":["Defend_R"],"damage_healed":0.0,"max_hp_gain":0.0,"max_hp_loss":0.0,"gold_gain":0.0,"event_name":"Golden Wing","player_choice":"Card Removal","floor":5.0,"gold_loss":0.0,"damage_taken":7.0},{"damage_healed":0.0,"max_hp_gain":0.0,"max_hp_loss":0.0,"gold_gain":0.0,"event_name":"Cursed Tome","player_choice":"Ignored","floor":19.0,"gold_loss":0.0,"damage_taken":0.0},{"damage_healed":0.0,"max_hp_gain":0.0,"max_hp_loss":0.0,"gold_gain":0.0,"event_name":"Ghosts","player_choice":"Ignored","floor":20.0,"gold_loss":0.0,"damage_taken":0.0},{"damage_healed":0.0,"max_hp_gain":0.0,"max_hp_loss":24.0,"gold_gain":0.0,"event_name":"Vampires","player_choice":"Became a vampire","floor":21.0,"gold_loss":0.0,"damage_taken":0.0,"cards_obtained":["Bite","Bite","Bite","Bite","Bite"]},{"damage_healed":0.0,"max_hp_gain":0.0,"max_hp_loss":0.0,"gold_gain":99.0,"event_name":"Nest","player_choice":"Stole From Cult","floor":29.0,"gold_loss":0.0,"damage_taken":0.0},{"damage_healed":0.0,"max_hp_gain":0.0,"max_hp_loss":0.0,"gold_gain":0.0,"event_name":"Winding Halls","player_choice":"Embrace Madness","floor":37.0,"gold_loss":0.0,"damage_taken":9.0,"cards_obtained":["Madness","Madness"]}],"is_beta":false,"boss_relics":[{"not_picked":["Ectoplasm","Orrery"],"picked":"Busted Crown"},{"not_picked":["Runic Pyramid","Philosopher\u0027s Stone"],"picked":"Coffee Dripper"}],"items_purged_floors":[],"is_endless":false,"potions_floor_spawned":[7,12,16,22,30,31,41,48],"ascension_level":8}