{"path_per_floor":["M","M","M","M","M","E","M","R","T","M","M","M","$","?","R","B",null,"M","M","?","?","?","R"],"character_chosen":"IRONCLAD","items_purchased":["Feel No Pain","Bag of Preparation"],"gold_per_floor":[11,31,46,64,83,113,127,127,181,194,208,224,5,5,5,105,105,124,141,141,141,141,141],"floor_reached":24,"campfire_rested":3,"playtime":1846,"current_hp_per_floor":[80,75,76,63,48,41,39,63,63,46,44,38,38,38,62,40,80,71,52,28,28,28,52],"items_purged":[],"gold":141,"play_id":"71509831-8b3b-496e-9be5-cf4a2fd12b33","is_prod":false,"is_daily":false,"campfire_rituals":0,"campfire_upgraded":0,"is_hardmode":false,"path_taken":["M","M","M","M","M","E","M","R","T","M","M","M","$","?","R","BOSS","M","M","?","?","?","R","E"],"build_version":"2018-01-11-PROD2","purchased_purges":0,"victory":false,"master_deck":["Strike_R","Strike_R","Strike_R","Strike_R","Defend_R","Defend_R","Defend_R","Bash","Dropkick","Combust","Reckless Charge","Demon Form","Seeing Red","Fire Breathing","Blood for Blood","Offering","Feel No Pain","Juggernaut","Burning Pact","Trip"],"max_hp_per_floor":[80,80,80,80,80,80,80,80,80,80,80,80,80,80,80,80,80,80,80,80,80,80,80],"relics":["Burning Blood","Bottled Lightning","Pen Nib","Bag of Preparation","White Beast Statue"],"campfire_meditates":0,"card_choices":[{"not_picked":["Sword Boomerang","Clothesline"],"picked":"Reckless Charge"},{"not_picked":["Feel No Pain","Havoc"],"picked":"Demon Form"},{"not_picked":["Burning Pact","Perfected Strike"],"picked":"Seeing Red"},{"not_picked":["Feel No Pain","Wild Strike"],"picked":"Fire Breathing"},{"not_picked":["Hemokinesis","Sentinel"],"picked":"Blood for Blood"},{"not_picked":["Clash","Perfected Strike"],"picked":"Offering"},{"not_picked":["Immolate","Fiend Fire"],"picked":"Juggernaut"},{"not_picked":["Armaments","Body Slam"],"picked":"Burning Pact"}],"player_experience":134631,"potions_floor_usage":[6,16,18,18,19,24],"damage_taken":[{"damage":3,"enemies":"Jaw Worm","floor":1,"turns":3},{"damage":11,"enemies":"Blue Slaver","floor":2,"turns":3},{"damage":5,"enemies":"Small Slimes","floor":3,"turns":3},{"damage":19,"enemies":"Red Slaver","floor":4,"turns":2},{"damage":21,"enemies":"Gremlin Gang","floor":5,"turns":4},{"damage":13,"enemies":"3 Sentries","floor":6,"turns":6},{"damage":8,"enemies":"Large Slime","floor":7,"turns":4},{"damage":23,"enemies":"3 Louse","floor":10,"turns":4},{"damage":8,"enemies":"2 Fungi Beasts","floor":11,"turns":3},{"damage":12,"enemies":"Looter","floor":12,"turns":3},{"damage":28,"enemies":"Hexaghost","floor":16,"turns":6},{"damage":15,"enemies":"3 Byrds","floor":18,"turns":5},{"damage":34,"enemies":"Shell Parasite","floor":19,"turns":5},{"damage":55,"enemies":"Book of Stabbing","floor":24,"turns":5}],"event_choices":[{"event_name":"The Lab","player_choice":"Got Potions","floor":14,"damage_taken":0},{"event_name":"Knowing Skull","player_choice":"CARD POTION ","floor":20,"damage_taken":0},{"event_name":"Drug Dealer","player_choice":"Ignored","floor":21,"damage_taken":0},{"event_name":"The Mausoleum","player_choice":"No","floor":22,"damage_taken":0}],"boss_relics":[{"not_picked":["Lizard Tail","Philosopher\u0027s Stone"],"picked":"White Beast Statue"}],"potions_floor_spawned":[2,3,10,11,16,18,19],"seed_played":"-5078296532369966375","killed_by":"Book of Stabbing","is_trial":false}