{"gold_per_floor":[111,127,138,213,163,194,194,194,194,228,238,238,266,278,278,374,424,442,65,12,24,24,24,41,41,87,121,121,121],"floor_reached":29,"playtime":3466,"items_purged":["Strike_G"],"score":261,"play_id":"adb5d682-62e7-4ab5-abf7-1331c8e117be","local_time":"20190305023823","is_ascension_mode":false,"campfire_choices":[{"floor":7,"key":"REST"},{"floor":15,"key":"REST"},{"data":"Tactician","floor":23,"key":"SMITH"},{"floor":28,"key":"REST"}],"neow_cost":"NONE","seed_source_timestamp":595352175977248,"circlet_count":0,"master_deck":["Defend_G","Defend_G","Defend_G+1","Defend_G","Strike_G","Strike_G","Strike_G","Survivor","Neutralize+1","Deflect","Deadly Poison","Backstab","Infinite Blades","Skewer","Flechettes","Well Laid Plans","Quick Slash","Tactician+1","Envenom","Backflip","Dagger Throw","Panache","Dodge and Roll","Escape Plan","Backflip","Catalyst+1","Writhe","PiercingWail","Decay","Cloak And Dagger"],"relics":["Ring of the Snake","Blood Vial","Matryoshka","Ice Cream","Anchor","Tiny House","Oddly Smooth Stone","Gremlin Horn","Boot","Nunchaku"],"potions_floor_usage":[14,16,16,17,27,29],"damage_taken":[{"damage":0,"enemies":"2 Louse","floor":1,"turns":4},{"damage":0,"enemies":"Small Slimes","floor":2,"turns":3},{"damage":0,"enemies":"Cultist","floor":3,"turns":3},{"damage":18,"enemies":"3 Sentries","floor":6,"turns":10},{"damage":9,"enemies":"Gremlin Nob","floor":10,"turns":4},{"damage":0,"enemies":"2 Fungi Beasts","floor":11,"turns":3},{"damage":20,"enemies":"3 Sentries","floor":13,"turns":7},{"damage":5,"enemies":"Exordium Wildlife","floor":14,"turns":6},{"damage":27,"enemies":"Hexaghost","floor":16,"turns":11},{"damage":19,"enemies":"Shell Parasite","floor":18,"turns":8},{"damage":15,"enemies":"Chosen","floor":21,"turns":5},{"damage":38,"enemies":"Sentry and Sphere","floor":24,"turns":9},{"damage":2,"enemies":"Gremlin Leader","floor":27,"turns":6},{"damage":44,"enemies":"Cultist and Chosen","floor":29,"turns":6}],"seed_played":"-8199950778187456882","potions_obtained":[{"floor":2,"key":"EssenceOfSteel"},{"floor":6,"key":"Dexterity Potion"},{"floor":10,"key":"Regen Potion"},{"floor":17,"key":"Fruit Juice"},{"floor":18,"key":"GhostInAJar"},{"floor":27,"key":"Fire Potion"}],"is_trial":false,"path_per_floor":["M","M","M","?","?","E","R","?","T","E","M","?","E","M","R","B",null,"M","$","$","M","?","R","M","?","T","E","R","M"],"character_chosen":"THE_SILENT","items_purchased":["Panache","Dodge and Roll","Escape Plan","Backflip"],"campfire_rested":3,"item_purchase_floors":[19,19,19,20],"current_hp_per_floor":[70,70,70,59,59,41,62,55,55,48,50,50,32,44,65,40,80,61,61,61,48,48,48,12,12,12,12,36,0],"gold":121,"neow_bonus":"THREE_CARDS","is_prod":false,"is_daily":false,"chose_seed":false,"campfire_upgraded":1,"win_rate":0.0,"timestamp":1551771503,"path_taken":["M","M","M","?","?","E","R","?","T","E","M","?","E","M","R","BOSS","M","?","$","M","?","R","M","?","T","E","R","?"],"build_version":"2019-01-23","purchased_purges":1,"victory":false,"max_hp_per_floor":[70,70,70,70,70,70,70,70,70,70,70,70,70,70,70,70,80,80,80,80,80,80,80,80,80,80,80,80,80],"card_choices":[{"not_picked":["Poisoned Stab","Deadly Poison"],"picked":"Deflect","floor":0},{"not_picked":["Blade Dance","Underhanded Strike"],"picked":"Deadly Poison","floor":1},{"not_picked":["Deflect","Dagger Throw"],"picked":"Backstab","floor":2},{"not_picked":["Masterful Stab","Quick Slash"],"picked":"Infinite Blades","floor":3},{"not_picked":["Bullet Time","Choke"],"picked":"Skewer","floor":6},{"not_picked":["Blade Dance","Slice"],"picked":"Flechettes","floor":10},{"not_picked":["PiercingWail","Predator"],"picked":"Well Laid Plans","floor":11},{"not_picked":["Blade Dance","Bane"],"picked":"Quick Slash","floor":13},{"not_picked":["Reflex","Blade Dance"],"picked":"Tactician","floor":14},{"not_picked":["Bullet Time","Unload"],"picked":"Envenom","floor":16},{"not_picked":["Choke","Caltrops"],"picked":"Backflip","floor":17},{"not_picked":["Prepared","Slice"],"picked":"Dagger Throw","floor":18},{"not_picked":["Choke","Tactician+1"],"picked":"Catalyst+1","floor":21},{"not_picked":["All Out Attack","Bane+1"],"picked":"PiercingWail","floor":24},{"not_picked":["Expertise","All Out Attack+1"],"picked":"Cloak And Dagger","floor":27}],"player_experience":42399,"relics_obtained":[{"floor":6,"key":"Blood Vial"},{"floor":9,"key":"Matryoshka"},{"floor":10,"key":"Ice Cream"},{"floor":13,"key":"Anchor"},{"floor":26,"key":"Gremlin Horn"},{"floor":26,"key":"Boot"},{"floor":27,"key":"Nunchaku"}],"event_choices":[{"damage_healed":0,"gold_gain":75,"player_choice":"Gather Gold","damage_taken":11,"max_hp_gain":0,"max_hp_loss":0,"event_name":"World of Goop","floor":4,"gold_loss":0},{"cards_removed":["Strike_G"],"damage_healed":0,"gold_gain":0,"player_choice":"Card Removal","damage_taken":0,"max_hp_gain":0,"max_hp_loss":0,"event_name":"The Cleric","floor":5,"gold_loss":50},{"cards_removed":["Defend_G"],"damage_healed":0,"gold_gain":0,"player_choice":"Card Removal","damage_taken":7,"max_hp_gain":0,"max_hp_loss":0,"event_name":"Golden Wing","floor":8,"gold_loss":0},{"damage_healed":0,"gold_gain":0,"player_choice":"Upgraded","damage_taken":0,"max_hp_gain":0,"max_hp_loss":0,"event_name":"Upgrade Shrine","floor":12,"gold_loss":0,"cards_upgraded":["Neutralize"]},{"damage_healed":0,"gold_gain":0,"player_choice":"Opened","damage_taken":0,"relics_obtained":["Oddly Smooth Stone"],"max_hp_gain":0,"max_hp_loss":0,"event_name":"The Mausoleum","floor":22,"gold_loss":0,"cards_obtained":["Writhe"]},{"damage_healed":0,"gold_gain":0,"player_choice":"Smashed Altar","damage_taken":0,"max_hp_gain":0,"max_hp_loss":0,"event_name":"Forgotten Altar","floor":25,"gold_loss":0,"cards_obtained":["Decay"]}],"is_beta":false,"boss_relics":[{"not_picked":["Runic Dome","Empty Cage"],"picked":"Tiny House"}],"items_purged_floors":[19],"is_endless":false,"potions_floor_spawned":[2,6,10,11,13,18,27],"killed_by":"Cultist and Chosen","ascension_level":0}