{"gold_per_floor":[114,114,129,204,204,233,245,273,273,40,40],"floor_reached":11,"playtime":956,"items_purged":[],"score":81,"play_id":"6796b1ce-f819-4313-8891-3b82606c364d","local_time":"20190306025122","is_ascension_mode":false,"campfire_choices":[],"neow_cost":"NONE","seed_source_timestamp":685060243405081,"circlet_count":0,"master_deck":["Strike_B","Strike_B+1","Strike_B","Defend_B","Defend_B","Defend_B+1","Defend_B","Zap","Dualcast","Impatience","Conserve Battery","FTL","Ball Lightning","Cold Snap","Leap","Loop"],"relics":["Cracked Core","Calipers","Bottled Lightning","Nunchaku","Anchor"],"potions_floor_usage":[8],"damage_taken":[{"damage":7,"enemies":"Small Slimes","floor":1,"turns":3},{"damage":0,"enemies":"2 Louse","floor":3,"turns":3},{"damage":6,"enemies":"Gremlin Nob","floor":6,"turns":4},{"damage":6,"enemies":"Jaw Worm","floor":7,"turns":2},{"damage":17,"enemies":"Lagavulin","floor":8,"turns":5},{"damage":9,"enemies":"Gremlin Nob","floor":11,"turns":3}],"seed_played":"5183470937049479575","potions_obtained":[{"floor":6,"key":"FearPotion"}],"is_trial":false,"path_per_floor":["M","?","M","?","?","E","M","E","T","$","E"],"character_chosen":"DEFECT","items_purchased":["Loop","Anchor"],"campfire_rested":0,"item_purchase_floors":[10,10],"current_hp_per_floor":[68,61,61,50,35,29,23,6,6,6,0],"gold":40,"neow_bonus":"RANDOM_COLORLESS","is_prod":false,"is_daily":false,"chose_seed":false,"campfire_upgraded":0,"win_rate":0.0,"timestamp":1551858682,"path_taken":["M","?","M","?","?","E","M","E","T","$","E"],"build_version":"2019-01-23","purchased_purges":0,"victory":false,"max_hp_per_floor":[75,75,75,75,75,75,75,75,75,75,75],"card_choices":[{"not_picked":["Consume","Rebound"],"picked":"Conserve Battery","floor":1},{"not_picked":["Barrage","Double Energy"],"picked":"FTL","floor":3},{"not_picked":["Rip and Tear","Static Discharge"],"picked":"Ball Lightning","floor":6},{"not_picked":["Conserve Battery","Thunder Strike"],"picked":"Cold Snap","floor":7},{"not_picked":["Rebound","Redo"],"picked":"Leap","floor":8}],"player_experience":68660,"relics_obtained":[{"floor":6,"key":"Calipers"},{"floor":8,"key":"Bottled Lightning"},{"floor":9,"key":"Nunchaku"}],"event_choices":[{"cards_removed":["Strike_B"],"damage_healed":0,"gold_gain":0,"player_choice":"Card Removal","damage_taken":7,"max_hp_gain":0,"max_hp_loss":0,"event_name":"Golden Wing","floor":2,"gold_loss":0},{"damage_healed":0,"gold_gain":75,"player_choice":"Gather Gold","damage_taken":11,"max_hp_gain":0,"max_hp_loss":0,"event_name":"World of Goop","floor":4,"gold_loss":0},{"damage_healed":0,"gold_gain":0,"player_choice":"Entered Light","damage_taken":15,"max_hp_gain":0,"max_hp_loss":0,"event_name":"Shining Light","floor":5,"gold_loss":0,"cards_upgraded":["Defend_B","Strike_B"]}],"is_beta":false,"boss_relics":[],"items_purged_floors":[],"is_endless":false,"potions_floor_spawned":[6],"killed_by":"Gremlin Nob","ascension_level":0}