{"gold_per_floor":[38,38,55,69,79,79,114,149,149,149,177,177,7,62,62,136,136,151,151,163,163,4,4,55,55,55,84,84,84,103,118,118,189,189,209,209,219,41,80,80,80],"floor_reached":41,"playtime":2221,"items_purged":["Havoc","Decay"],"score":932,"play_id":"cf16ebd1-1972-41ba-90c9-aba2dacd578d","local_time":"20191004143706","is_ascension_mode":true,"campfire_choices":[{"data":"Magnetism","floor":6.0,"key":"SMITH"},{"floor":10.0,"key":"REST"},{"floor":12.0,"key":"REST"},{"data":"Rampage","floor":15.0,"key":"SMITH"},{"data":"True Grit","floor":23.0,"key":"SMITH"},{"data":"Armaments","floor":25.0,"key":"SMITH"},{"data":"Offering","floor":28.0,"key":"SMITH"},{"floor":32.0,"key":"REST"},{"floor":40.0,"key":"REST"}],"neow_cost":"NO_GOLD","seed_source_timestamp":259193032973600,"circlet_count":0,"master_deck":["AscendersBane","Bash","Magnetism+1","Battle Trance","Headbutt","Anger","Metallicize","Battle Trance","Rampage+1","Offering+1","Inflame","Power Through","Second Wind","Offering","Cleave","Impervious","Iron Wave","Exhume","Warcry","Feel No Pain","Armaments+1","Hemokinesis","Shrug It Off","Shrug It Off+1","Body Slam","True Grit+1","Warcry+1","J.A.X.","Immolate","Dual Wield","Dark Embrace","Dual Wield","Feel No Pain"],"special_seed":0,"relics":["Burning Blood","Ancient Tea Set","Bag of Marbles","Centennial Puzzle","Pandora\u0027s Box","Ice Cream","Torii","Sundial","Mark of Pain"],"potions_floor_usage":[],"damage_taken":[{"damage":9.0,"enemies":"Jaw Worm","floor":1.0,"turns":5.0},{"damage":19.0,"enemies":"Small Slimes","floor":3.0,"turns":7.0},{"damage":11.0,"enemies":"2 Louse","floor":4.0,"turns":4.0},{"damage":7.0,"enemies":"Looter","floor":5.0,"turns":4.0},{"damage":26.0,"enemies":"Gremlin Nob","floor":7.0,"turns":4.0},{"damage":22.0,"enemies":"Lots of Slimes","floor":8.0,"turns":24.0},{"damage":34.0,"enemies":"3 Sentries","floor":11.0,"turns":12.0},{"damage":0.0,"enemies":"2 Fungi Beasts","floor":14.0,"turns":3.0},{"damage":15.0,"enemies":"Hexaghost","floor":16.0,"turns":7.0},{"damage":15.0,"enemies":"2 Thieves","floor":18.0,"turns":4.0},{"damage":15.0,"enemies":"3 Byrds","floor":20.0,"turns":5.0},{"damage":18.0,"enemies":"Gremlin Leader","floor":24.0,"turns":9.0},{"damage":12.0,"enemies":"Book of Stabbing","floor":27.0,"turns":3.0},{"damage":6.0,"enemies":"3 Cultists","floor":30.0,"turns":6.0},{"damage":6.0,"enemies":"Centurion and Healer","floor":31.0,"turns":4.0},{"damage":28.0,"enemies":"Champ","floor":33.0,"turns":9.0},{"damage":28.0,"enemies":"3 Darklings","floor":35.0,"turns":5.0},{"damage":6.0,"enemies":"Orb Walker","floor":37.0,"turns":2.0},{"damage":45.0,"enemies":"Maw","floor":39.0,"turns":7.0},{"damage":51,"enemies":"Nemesis","floor":41,"turns":6}],"seed_played":"-1675336656209002162","potions_obtained":[{"floor":5.0,"key":"Strength Potion"},{"floor":7.0,"key":"ElixirPotion"},{"floor":14.0,"key":"SkillPotion"},{"floor":16.0,"key":"BloodPotion"},{"floor":27.0,"key":"Swift Potion"},{"floor":35.0,"key":"SteroidPotion"}],"is_trial":false,"path_per_floor":["M","?","M","M","M","R","E","M","T","R","E","R","$","M","R","B",null,"M","?","M","?","$","R","E","R","T","E","R","?","M","M","R","B",null,"M","?","M","$","M","R","E"],"character_chosen":"IRONCLAD","items_purchased":["Inflame","Power Through","Body Slam","True Grit","Feel No Pain"],"campfire_rested":4,"item_purchase_floors":[13,13,22,22,38],"current_hp_per_floor":[65,70,57,52,51,51,31,15,15,39,11,35,35,41,41,32,68,59,59,66,66,66,66,54,54,54,48,48,48,48,48,72,50,73,51,51,51,51,12,36,0],"gold":80,"neow_bonus":"RANDOM_COLORLESS_2","is_prod":false,"is_daily":false,"chose_seed":false,"campfire_upgraded":5,"win_rate":0,"timestamp":1570225026,"path_taken":["M","?","M","M","M","R","E","M","T","R","E","R","$","M","R","BOSS","M","?","M","?","$","R","E","R","T","E","R","?","M","M","R","BOSS","M","?","?","$","M","R","E"],"build_version":"2019-10-03","purchased_purges":2,"victory":false,"max_hp_per_floor":[75,80,80,80,80,80,80,80,80,80,80,80,80,80,80,80,80,80,80,80,80,80,80,80,80,80,80,80,80,80,80,80,80,80,80,80,80,80,80,80,80],"card_choices":[{"not_picked":["The Bomb","Thinking Ahead"],"picked":"Magnetism","floor":0.0},{"not_picked":["Shrug It Off","Cleave"],"picked":"Battle Trance","floor":1.0},{"not_picked":["Thunderclap","Sentinel"],"picked":"Headbutt","floor":3.0},{"not_picked":["Wild Strike","Armaments"],"picked":"Anger","floor":4.0},{"not_picked":["Body Slam","Havoc"],"picked":"Metallicize","floor":5.0},{"not_picked":["Cleave","Headbutt"],"picked":"Battle Trance","floor":7.0},{"not_picked":["True Grit","Whirlwind"],"picked":"Rampage","floor":8.0},{"not_picked":["Second Wind","Iron Wave"],"picked":"Offering","floor":11.0},{"not_picked":["Hemokinesis","Twin Strike"],"picked":"Second Wind","floor":14.0},{"not_picked":["Reaper","Berserk"],"picked":"Offering","floor":16.0},{"not_picked":["Pommel Strike","Twin Strike"],"picked":"Shrug It Off","floor":18.0},{"not_picked":["Perfected Strike+1","Sever Soul+1"],"picked":"Shrug It Off+1","floor":20.0},{"not_picked":["Bludgeon","Body Slam","Pommel Strike"],"picked":"SKIP","floor":24.0},{"not_picked":["Clash","Rampage"],"picked":"Warcry+1","floor":27.0},{"not_picked":["Pummel","Carnage"],"picked":"Immolate","floor":30.0},{"not_picked":["Entrench","Evolve"],"picked":"Dual Wield","floor":31.0},{"not_picked":["Impervious","Fiend Fire"],"picked":"Dark Embrace","floor":33.0},{"not_picked":["Iron Wave+1","Wild Strike"],"picked":"Dual Wield","floor":35.0},{"not_picked":["Clash","Blood for Blood","Flex+1"],"picked":"SKIP","floor":37.0},{"not_picked":["Twin Strike","Armaments","Headbutt"],"picked":"SKIP","floor":39.0}],"player_experience":1241695,"relics_obtained":[{"floor":7.0,"key":"Ancient Tea Set"},{"floor":9.0,"key":"Bag of Marbles"},{"floor":11.0,"key":"Centennial Puzzle"},{"floor":24.0,"key":"Ice Cream"},{"floor":26.0,"key":"Torii"},{"floor":27.0,"key":"Sundial"}],"event_choices":[{"damage_healed":0.0,"max_hp_gain":5.0,"max_hp_loss":0.0,"gold_gain":0.0,"event_name":"Big Fish","player_choice":"Donut","floor":2.0,"gold_loss":0.0,"damage_taken":0.0},{"damage_healed":0.0,"max_hp_gain":0.0,"max_hp_loss":0.0,"gold_gain":0.0,"event_name":"Ghosts","player_choice":"Ignored","floor":19.0,"gold_loss":0.0,"damage_taken":0.0},{"damage_healed":0.0,"max_hp_gain":0.0,"max_hp_loss":0.0,"gold_gain":0.0,"event_name":"Vampires","player_choice":"Ignored","floor":21.0,"gold_loss":0.0,"damage_taken":0.0},{"damage_healed":0.0,"max_hp_gain":0.0,"max_hp_loss":0.0,"gold_gain":0.0,"event_name":"Drug Dealer","player_choice":"Obtain J.A.X.","floor":29.0,"gold_loss":0.0,"damage_taken":0.0,"cards_obtained":["J.A.X."]},{"damage_healed":0.0,"max_hp_gain":0.0,"max_hp_loss":0.0,"gold_gain":0.0,"event_name":"Wheel of Change","player_choice":"Cursed","floor":36.0,"gold_loss":0.0,"damage_taken":0.0,"cards_obtained":["Decay"]}],"is_beta":true,"boss_relics":[{"not_picked":["Empty Cage","Velvet Choker"],"picked":"Pandora\u0027s Box"},{"not_picked":["Cursed Key","SacredBark"],"picked":"Mark of Pain"}],"items_purged_floors":[22,38],"is_endless":false,"potions_floor_spawned":[5,7,14,16,18,27,30,31,35],"killed_by":"Nemesis","ascension_level":20}