{"gold_per_floor":[118,131,142,161,179,179,206,206,259,224,257,257,330,343,343,417,417,437,437,18,38,38,95,110,110,110,128,228,228,259,271,283,295],"floor_reached":33,"playtime":4016,"items_purged":["Strike_R"],"score":590,"play_id":"f8d28424-536b-47fa-9dab-2abc302df53d","local_time":"20191004101035","is_ascension_mode":true,"campfire_choices":[{"data":"Wild Strike","floor":6,"key":"SMITH"},{"data":"Clothesline","floor":8,"key":"SMITH"},{"data":"True Grit","floor":12,"key":"SMITH"},{"data":"Combust","floor":15,"key":"SMITH"},{"data":"Flame Barrier","floor":25,"key":"SMITH"},{"floor":29,"key":"REST"},{"floor":32,"key":"REST"}],"neow_cost":"NONE","seed_source_timestamp":241499841699200,"circlet_count":0,"master_deck":["AscendersBane","Strike_R","Defend_R","Defend_R","Defend_R","Defend_R","Bash","Metallicize","Flame Barrier+1","Feel No Pain","Clothesline+1","Wild Strike+1","True Grit+1","Disarm","Combust+1","Immolate","Seeing Red","Disarm+1","Feed","Shrug It Off+1","Shockwave+1"],"relics":["Burning Blood","CaptainsWheel","Oddly Smooth Stone","PreservedInsect","Kunai","Empty Cage","Toxic Egg 2","MutagenicStrength","Tiny Chest","Champion Belt","Gambling Chip","Blue Candle","MawBank"],"potions_floor_usage":[7,16,21,28,30,33],"damage_taken":[{"damage":0,"enemies":"2 Louse","floor":1,"turns":5},{"damage":0,"enemies":"Jaw Worm","floor":2,"turns":5},{"damage":12,"enemies":"Small Slimes","floor":3,"turns":5},{"damage":0,"enemies":"2 Fungi Beasts","floor":4,"turns":6},{"damage":3,"enemies":"3 Louse","floor":5,"turns":5},{"damage":30,"enemies":"Lagavulin","floor":7,"turns":7},{"damage":17,"enemies":"3 Sentries","floor":11,"turns":19},{"damage":6,"enemies":"Large Slime","floor":14,"turns":7},{"damage":12,"enemies":"Slime Boss","floor":16,"turns":12},{"damage":18,"enemies":"3 Byrds","floor":18,"turns":3},{"damage":15,"enemies":"Shell Parasite","floor":21,"turns":8},{"damage":8,"enemies":"Book of Stabbing","floor":23,"turns":7},{"damage":13,"enemies":"Shelled Parasite and Fungi","floor":24,"turns":12},{"damage":11,"enemies":"Snake Plant","floor":27,"turns":8},{"damage":18,"enemies":"Colosseum Slavers","floor":28,"turns":7},{"damage":28,"enemies":"Colosseum Nobs","floor":28,"turns":5},{"damage":42,"enemies":"Gremlin Leader","floor":30,"turns":6},{"damage":80,"enemies":"Collector","floor":33,"turns":8}],"seed_played":"-804746551303615711","potions_obtained":[{"floor":1,"key":"GamblersBrew"},{"floor":11,"key":"Strength Potion"},{"floor":14,"key":"PowerPotion"},{"floor":16,"key":"Dexterity Potion"},{"floor":24,"key":"ElixirPotion"},{"floor":30,"key":"BloodPotion"}],"is_trial":false,"path_per_floor":["M","M","M","M","M","R","E","R","T","?","E","R","T","M","R","B",null,"M","?","$","M","?","E","M","R","T","M","?","R","E","?","R","B"],"character_chosen":"IRONCLAD","items_purchased":["Toxic Egg 2","BloodPotion"],"campfire_rested":2,"item_purchase_floors":[20,20],"current_hp_per_floor":[74,75,69,75,75,75,51,51,51,69,58,58,58,58,58,52,69,57,57,57,63,63,61,54,54,54,52,24,49,13,13,38,0],"gold":295,"neow_bonus":"TRANSFORM_CARD","is_prod":false,"is_daily":false,"chose_seed":false,"campfire_upgraded":5,"win_rate":0,"timestamp":1570209035,"path_taken":["M","M","M","M","M","R","E","R","T","?","E","R","?","M","R","BOSS","M","?","$","M","?","E","M","R","T","M","?","R","E","?","R","BOSS"],"build_version":"2019-10-03","purchased_purges":1,"victory":false,"max_hp_per_floor":[75,75,75,75,75,75,75,75,75,75,75,75,75,75,75,75,75,75,75,75,75,75,75,75,75,75,78,84,84,84,84,84,84],"card_choices":[{"not_picked":["Body Slam","Flex"],"picked":"Flame Barrier","floor":1},{"not_picked":["Wild Strike","Blood for Blood"],"picked":"Feel No Pain","floor":2},{"not_picked":["Shrug It Off","Bloodletting"],"picked":"Clothesline","floor":3},{"not_picked":["Shockwave","Cleave"],"picked":"Wild Strike","floor":4},{"not_picked":["Rage","Whirlwind"],"picked":"True Grit","floor":5},{"not_picked":["Havoc","Perfected Strike"],"picked":"Disarm","floor":7},{"not_picked":["Sever Soul","Clothesline","Shockwave"],"picked":"SKIP","floor":11},{"not_picked":["Sever Soul","Clothesline","Shockwave"],"picked":"SKIP","floor":11},{"not_picked":["Entrench","Heavy Blade"],"picked":"Combust","floor":14},{"not_picked":["Offering","Double Tap"],"picked":"Immolate","floor":16},{"not_picked":["Bloodletting","Carnage"],"picked":"Seeing Red","floor":18},{"not_picked":["Body Slam","Blood for Blood","Entrench+1"],"picked":"SKIP","floor":21},{"not_picked":["Body Slam","Blood for Blood","Entrench+1"],"picked":"SKIP","floor":21},{"not_picked":["Shrug It Off+1","Wild Strike"],"picked":"Disarm+1","floor":23},{"not_picked":["Warcry+1","Sentinel+1"],"picked":"Feed","floor":24},{"not_picked":["Blood for Blood","Whirlwind"],"picked":"Shrug It Off+1","floor":27},{"not_picked":["Inflame","Armaments+1"],"picked":"Shockwave+1","floor":30}],"player_experience":1225017,"relics_obtained":[{"floor":7,"key":"CaptainsWheel"},{"floor":9,"key":"Oddly Smooth Stone"},{"floor":11,"key":"PreservedInsect"},{"floor":13,"key":"Kunai"},{"floor":23,"key":"Tiny Chest"},{"floor":26,"key":"Champion Belt"},{"floor":28,"key":"Gambling Chip"},{"floor":28,"key":"Blue Candle"},{"floor":30,"key":"MawBank"}],"event_choices":[{"damage_healed":18,"gold_gain":0,"player_choice":"Healed","damage_taken":0,"max_hp_gain":0,"max_hp_loss":0,"event_name":"The Cleric","floor":10,"gold_loss":35},{"damage_healed":0,"gold_gain":0,"player_choice":"Ignored","damage_taken":0,"max_hp_gain":0,"max_hp_loss":0,"event_name":"The Mausoleum","floor":19,"gold_loss":0},{"damage_healed":0,"gold_gain":0,"player_choice":"Inject Mutagens","damage_taken":0,"relics_obtained":["MutagenicStrength"],"max_hp_gain":0,"max_hp_loss":0,"event_name":"Drug Dealer","floor":22,"gold_loss":0},{"damage_healed":0,"gold_gain":0,"player_choice":"Fight","damage_taken":0,"max_hp_gain":0,"max_hp_loss":0,"event_name":"Colosseum","floor":28,"gold_loss":0},{"damage_healed":0,"gold_gain":0,"player_choice":"Fought Nobs","damage_taken":0,"max_hp_gain":0,"max_hp_loss":0,"event_name":"Colosseum","floor":28,"gold_loss":0},{"damage_healed":0,"gold_gain":0,"player_choice":"Ignored","damage_taken":0,"max_hp_gain":0,"max_hp_loss":0,"event_name":"Ghosts","floor":31,"gold_loss":0}],"is_beta":true,"boss_relics":[{"not_picked":["Tiny House","SacredBark"],"picked":"Empty Cage"}],"items_purged_floors":[20],"is_endless":false,"potions_floor_spawned":[1,11,14,16,24,27,30],"killed_by":"Collector","ascension_level":20}