{"gold_per_floor":[116,128,147,147,166,166,196,196,196,196,230,12,35,51,51,150,150,168,123],"floor_reached":19,"playtime":3130,"items_purged":[],"score":179,"play_id":"b0ea99bb-5054-4afb-b4cc-c18f562fe31d","local_time":"20190703221307","is_ascension_mode":false,"campfire_choices":[{"data":"Lockon","floor":6.0,"key":"SMITH"},{"data":"Tempest","floor":8.0,"key":"SMITH"},{"data":"Dualcast","floor":10.0,"key":"SMITH"},{"floor":15.0,"key":"REST"}],"neow_cost":"NONE","seed_source_timestamp":0,"circlet_count":0,"master_deck":["Strike_B","Strike_B","Strike_B","Strike_B","Defend_B","Defend_B","Defend_B","Defend_B","Zap","Dualcast+1","Lockon+1","Conserve Battery","Tempest+1","Chill","Rip and Tear","Rainbow","Capacitor","Ball Lightning","Undo","Buffer","Reinforced Body+1"],"special_seed":0,"relics":["Cracked Core","Oddly Smooth Stone","Anchor","Meat on the Bone","Membership Card","Odd Mushroom","Inserter"],"potions_floor_usage":[],"damage_taken":[{"damage":0.0,"enemies":"Cultist","floor":1.0,"turns":3.0},{"damage":0.0,"enemies":"Small Slimes","floor":2.0,"turns":3.0},{"damage":0.0,"enemies":"2 Louse","floor":3.0,"turns":3.0},{"damage":6.0,"enemies":"Blue Slaver","floor":5.0,"turns":4.0},{"damage":11.0,"enemies":"Lagavulin","floor":7.0,"turns":6.0},{"damage":14.0,"enemies":"Gremlin Nob","floor":11.0,"turns":3.0},{"damage":12.0,"enemies":"The Mushroom Lair","floor":13.0,"turns":4.0},{"damage":3.0,"enemies":"Red Slaver","floor":14.0,"turns":2.0},{"damage":17.0,"enemies":"Slime Boss","floor":16.0,"turns":11.0},{"damage":6.0,"enemies":"Chosen","floor":18.0,"turns":4.0},{"damage":10.0,"enemies":"2 Thieves","floor":19.0,"turns":4.0}],"seed_played":"-2158296297356352353","potions_obtained":[{"floor":3.0,"key":"EssenceOfSteel"},{"floor":13.0,"key":"GamblersBrew"},{"floor":16.0,"key":"Regen Potion"}],"is_trial":false,"path_per_floor":["M","M","M","?","M","R","E","R","T","R","E","$","?","M","R","B",null,"M","M"],"character_chosen":"DEFECT","items_purchased":["Membership Card","Capacitor"],"campfire_rested":1,"item_purchase_floors":[12,12],"current_hp_per_floor":[75,75,75,75,69,69,58,58,58,58,44,44,44,41,63,46,75,69,59],"gold":123,"neow_bonus":"RANDOM_COMMON_RELIC","is_prod":false,"is_daily":false,"chose_seed":false,"campfire_upgraded":3,"win_rate":1,"timestamp":1562184787,"path_taken":["M","M","M","?","M","R","E","R","T","R","E","$","?","M","R","BOSS","BOSS","M","M"],"build_version":"2019-07-01","purchased_purges":0,"victory":false,"max_hp_per_floor":[75,75,75,75,75,75,75,75,75,75,75,75,75,75,75,75,75,75,75],"card_choices":[{"not_picked":["Ball Lightning","Self Repair"],"picked":"Lockon","floor":1.0},{"not_picked":["Barrage","Streamline"],"picked":"Conserve Battery","floor":2.0},{"not_picked":["Undo","Cold Snap"],"picked":"Tempest","floor":3.0},{"not_picked":["Stack","Steam"],"picked":"Chill","floor":5.0},{"not_picked":["Cold Snap","Auto Shields"],"picked":"Rip and Tear","floor":7.0},{"not_picked":["Tempest","Conserve Battery"],"picked":"Rainbow","floor":11.0},{"not_picked":["Barrage","Gash"],"picked":"Ball Lightning","floor":13.0},{"not_picked":["Rebound","Leap"],"picked":"Undo","floor":14.0},{"not_picked":["Meteor Strike","Biased Cognition"],"picked":"Buffer","floor":16.0},{"not_picked":["Hologram+1","Steam+1"],"picked":"Reinforced Body+1","floor":18.0}],"player_experience":144444,"relics_obtained":[{"floor":7.0,"key":"Anchor"},{"floor":11.0,"key":"Meat on the Bone"},{"floor":13.0,"key":"Odd Mushroom"}],"event_choices":[{"damage_healed":0.0,"max_hp_gain":0.0,"max_hp_loss":0.0,"gold_gain":0.0,"event_name":"Liars Game","player_choice":"Ignored","floor":4.0,"gold_loss":0.0,"damage_taken":0.0},{"damage_healed":0.0,"max_hp_gain":0.0,"max_hp_loss":0.0,"gold_gain":0.0,"event_name":"Mushrooms","player_choice":"Fought Mushrooms","floor":13.0,"gold_loss":0.0,"damage_taken":0.0}],"is_beta":false,"boss_relics":[{"not_picked":["Calling Bell","White Beast Statue"],"picked":"Inserter"}],"items_purged_floors":[],"is_endless":false,"potions_floor_spawned":[3,13,16,19],"killed_by":"2 Thieves","ascension_level":0}