{"gold_per_floor":[116,130,205,223,242,275,275,275,275,305,305,325,345,2,2,107,107,107,107,107,107,107,107,107,107,107,107,107,107,107,32,32,32,32,32,32,32,0,0,0,0,0,0,0,0,0,0,0,0,0,0,0,0,0,0],"floor_reached":55,"playtime":10833,"items_purged":["Strike_R"],"score":702,"play_id":"701666b1-a896-4686-b6d1-a614547d0a97","local_time":"20190827211537","is_ascension_mode":false,"campfire_choices":[{"data":"Regret","floor":8.0,"key":"PURGE"},{"floor":11.0,"key":"REST"},{"floor":15.0,"key":"DIG"},{"floor":23.0,"key":"DIG"},{"floor":25.0,"key":"DIG"},{"data":"Strike_R","floor":29.0,"key":"PURGE"},{"floor":32.0,"key":"REST"},{"floor":40.0,"key":"RECALL"},{"data":"Inflame","floor":45.0,"key":"PURGE"},{"data":"True Grit","floor":46.0,"key":"SMITH"},{"data":"Defend_R","floor":49.0,"key":"PURGE"},{"data":"Defend_R","floor":52.0,"key":"PURGE"}],"neow_cost":"NONE","seed_source_timestamp":0,"circlet_count":0,"master_deck":["Strike_R","Strike_R+1","Defend_R","Defend_R","Bash+1","Anger","True Grit+1","Anger","Flame Barrier","Intimidate","Disarm","Metallicize","Impervious","RitualDagger","Necronomicurse","Entrench+1","Cleave","Limit Break","Heavy Blade+1","Demon Form","Anger+1","Shrug It Off+1","Flame Barrier+1","Ghostly Armor+1"],"special_seed":0,"relics":["Burning Blood","Peace Pipe","Magic Flower","Anchor","Shovel","Whetstone","Ectoplasm","Necronomicon","Omamori","Gambling Chip","Shuriken","Lantern","WingedGreaves","Dodecahedron","Runic Pyramid","Red Mask","Incense Burner","Letter Opener","Red Skull","Vajra"],"potions_floor_usage":[55],"damage_taken":[{"damage":2.0,"enemies":"2 Louse","floor":1.0,"turns":3.0},{"damage":2.0,"enemies":"Small Slimes","floor":2.0,"turns":4.0},{"damage":0.0,"enemies":"Jaw Worm","floor":4.0,"turns":3.0},{"damage":16.0,"enemies":"3 Louse","floor":5.0,"turns":4.0},{"damage":14.0,"enemies":"3 Sentries","floor":6.0,"turns":10.0},{"damage":53.0,"enemies":"Gremlin Nob","floor":10.0,"turns":6.0},{"damage":2.0,"enemies":"Blue Slaver","floor":12.0,"turns":4.0},{"damage":3.0,"enemies":"Looter","floor":13.0,"turns":3.0},{"damage":16.0,"enemies":"The Guardian","floor":16.0,"turns":10.0},{"damage":2.0,"enemies":"3 Byrds","floor":18.0,"turns":6.0},{"damage":3.0,"enemies":"Shell Parasite","floor":21.0,"turns":5.0},{"damage":2.0,"enemies":"Chosen and Byrds","floor":22.0,"turns":6.0},{"damage":22.0,"enemies":"Slavers","floor":24.0,"turns":6.0},{"damage":7.0,"enemies":"3 Cultists","floor":27.0,"turns":6.0},{"damage":9.0,"enemies":"Colosseum Slavers","floor":28.0,"turns":4.0},{"damage":14.0,"enemies":"Colosseum Nobs","floor":28.0,"turns":7.0},{"damage":6.0,"enemies":"Centurion and Healer","floor":30.0,"turns":5.0},{"damage":52.0,"enemies":"Automaton","floor":33.0,"turns":8.0},{"damage":0.0,"enemies":"Orb Walker","floor":35.0,"turns":3.0},{"damage":2.0,"enemies":"2 Orb Walkers","floor":39.0,"turns":3.0},{"damage":17.0,"enemies":"3 Darklings","floor":41.0,"turns":6.0},{"damage":5.0,"enemies":"Giant Head","floor":42.0,"turns":5.0},{"damage":0.0,"enemies":"4 Shapes","floor":44.0,"turns":6.0},{"damage":0.0,"enemies":"Jaw Worm Horde","floor":47.0,"turns":5.0},{"damage":2.0,"enemies":"Writhing Mass","floor":48.0,"turns":5.0},{"damage":20.0,"enemies":"Awakened One","floor":50.0,"turns":10.0},{"damage":38.0,"enemies":"Shield and Spear","floor":54.0,"turns":7.0},{"damage":51,"enemies":"The Heart","floor":55,"turns":5}],"seed_played":"-1665517760343666006","potions_obtained":[{"floor":2.0,"key":"Poison Potion"},{"floor":10.0,"key":"Strength Potion"},{"floor":13.0,"key":"Poison Potion"},{"floor":16.0,"key":"Swift Potion"},{"floor":21.0,"key":"Swift Potion"},{"floor":24.0,"key":"FearPotion"},{"floor":28.0,"key":"Fire Potion"},{"floor":30.0,"key":"FearPotion"},{"floor":35.0,"key":"Weak Potion"},{"floor":39.0,"key":"Fire Potion"},{"floor":41.0,"key":"Fire Potion"}],"is_trial":false,"path_per_floor":["M","M","?","M","M","E","?","R","T","E","R","M","M","$","R","B",null,"M","?","?","M","M","R","E","R","T","M","?","R","M","$","R","B",null,"M","$","?","?","?","R","M","E","T","M","R","R","M","M","R","B",null,"R","$","E","B"],"character_chosen":"IRONCLAD","items_purchased":["Shovel","Metallicize"],"campfire_rested":2,"item_purchase_floors":[14,14],"current_hp_per_floor":[80,80,69,75,65,57,57,57,57,13,37,44,50,50,50,43,80,80,74,58,64,71,71,58,58,58,60,55,55,58,58,80,37,80,80,80,80,80,80,80,72,76,76,80,80,80,80,80,80,69,80,80,80,51,0],"gold":0,"neow_bonus":"UPGRADE_CARD","is_prod":false,"is_daily":false,"chose_seed":false,"campfire_upgraded":1,"win_rate":0,"timestamp":1566933337,"path_taken":["M","M","?","M","M","E","?","R","T","E","R","M","M","$","R","BOSS","M","?","?","M","M","R","E","R","T","M","?","R","?","$","R","BOSS","M","$","?","?","?","R","M","E","T","M","R","R","M","?","R","BOSS","R","$","E","BOSS"],"build_version":"2019-07-17","purchased_purges":1,"victory":false,"max_hp_per_floor":[80,80,80,80,80,80,80,80,80,80,80,80,80,80,80,80,80,80,80,80,80,80,80,80,80,80,80,80,80,80,80,80,80,80,80,80,80,80,80,80,80,80,80,80,80,80,80,80,80,80,80,80,80,80,80],"card_choices":[{"not_picked":["Headbutt","Twin Strike"],"picked":"Anger","floor":1.0},{"not_picked":["Body Slam","Pommel Strike"],"picked":"True Grit","floor":2.0},{"not_picked":["Sentinel","Wild Strike"],"picked":"Anger","floor":4.0},{"not_picked":["Sword Boomerang","Havoc"],"picked":"Flame Barrier","floor":5.0},{"not_picked":["Headbutt","Juggernaut"],"picked":"Intimidate","floor":6.0},{"not_picked":["Rupture","Hemokinesis","Body Slam"],"picked":"SKIP","floor":10.0},{"not_picked":["Reckless Charge","Clash"],"picked":"Disarm","floor":12.0},{"not_picked":["Hemokinesis","Sentinel"],"picked":"Inflame","floor":13.0},{"not_picked":["Berserk","Fiend Fire"],"picked":"Impervious","floor":16.0},{"not_picked":["Body Slam","Twin Strike+1"],"picked":"Entrench+1","floor":21.0},{"not_picked":["Thunderclap","Immolate"],"picked":"Cleave","floor":22.0},{"not_picked":["Burning Pact","Wild Strike"],"picked":"Limit Break","floor":24.0},{"not_picked":["Perfected Strike","Clash+1","Sentinel"],"picked":"SKIP","floor":27.0},{"not_picked":["Shrug It Off","Entrench+1"],"picked":"Heavy Blade+1","floor":30.0},{"not_picked":["Feed","Double Tap"],"picked":"Demon Form","floor":33.0},{"not_picked":["Cleave+1","Heavy Blade"],"picked":"Anger+1","floor":35.0},{"not_picked":["Corruption","Warcry","Shockwave"],"picked":"SKIP","floor":41.0},{"not_picked":["True Grit","Twin Strike+1","Juggernaut"],"picked":"SKIP","floor":42.0},{"not_picked":["Perfected Strike+1","Carnage"],"picked":"Shrug It Off+1","floor":44.0},{"not_picked":["Shrug It Off","Sword Boomerang","Sentinel"],"picked":"SKIP","floor":47.0},{"not_picked":["Dropkick+1","Anger+1"],"picked":"Flame Barrier+1","floor":48.0},{"not_picked":["Pommel Strike+1","Searing Blow+1"],"picked":"Ghostly Armor+1","floor":54.0}],"player_experience":231826,"relics_obtained":[{"floor":6.0,"key":"Peace Pipe"},{"floor":10.0,"key":"Anchor"},{"floor":15.0,"key":"Whetstone"},{"floor":20.0,"key":"Necronomicon"},{"floor":23.0,"key":"Omamori"},{"floor":24.0,"key":"Gambling Chip"},{"floor":25.0,"key":"Shuriken"},{"floor":26.0,"key":"Lantern"},{"floor":28.0,"key":"WingedGreaves"},{"floor":28.0,"key":"Dodecahedron"},{"floor":39.0,"key":"Incense Burner"},{"floor":42.0,"key":"Letter Opener"},{"floor":43.0,"key":"Red Skull"},{"floor":54.0,"key":"Vajra"}],"event_choices":[{"damage_healed":0.0,"max_hp_gain":0.0,"max_hp_loss":0.0,"gold_gain":75.0,"event_name":"World of Goop","player_choice":"Gather Gold","floor":3.0,"gold_loss":0.0,"damage_taken":11.0},{"damage_healed":0.0,"max_hp_gain":0.0,"max_hp_loss":0.0,"gold_gain":0.0,"event_name":"Big Fish","player_choice":"Box","floor":7.0,"gold_loss":0.0,"damage_taken":0.0,"relics_obtained":["Magic Flower"],"cards_obtained":["Regret"]},{"damage_healed":0.0,"max_hp_gain":0.0,"max_hp_loss":0.0,"gold_gain":0.0,"event_name":"Nest","player_choice":"Joined the Cult","floor":19.0,"gold_loss":0.0,"damage_taken":6.0,"cards_obtained":["RitualDagger"]},{"damage_healed":0.0,"max_hp_gain":0.0,"max_hp_loss":0.0,"gold_gain":0.0,"event_name":"Cursed Tome","player_choice":"Obtained Book","floor":20.0,"gold_loss":0.0,"damage_taken":16.0},{"damage_healed":0.0,"max_hp_gain":0.0,"max_hp_loss":0.0,"gold_gain":0.0,"event_name":"Colosseum","player_choice":"Fight","floor":28.0,"gold_loss":0.0,"damage_taken":0.0},{"damage_healed":0.0,"max_hp_gain":0.0,"max_hp_loss":0.0,"gold_gain":0.0,"event_name":"Colosseum","player_choice":"Fought Nobs","floor":28.0,"gold_loss":0.0,"damage_taken":0.0},{"cards_removed":["Strike_R"],"damage_healed":0.0,"max_hp_gain":0.0,"max_hp_loss":0.0,"gold_gain":0.0,"event_name":"Falling","player_choice":"Removed Attack","floor":37.0,"gold_loss":0.0,"damage_taken":0.0},{"damage_healed":0.0,"max_hp_gain":0.0,"max_hp_loss":0.0,"gold_gain":0.0,"event_name":"Tomb of Lord Red Mask","player_choice":"Paid","floor":38.0,"gold_loss":32.0,"damage_taken":0.0,"relics_obtained":["Red Mask"]},{"damage_healed":0.0,"max_hp_gain":0.0,"max_hp_loss":0.0,"gold_gain":0.0,"event_name":"Mysterious Sphere","player_choice":"Fight","floor":39.0,"gold_loss":0.0,"damage_taken":0.0}],"is_beta":false,"boss_relics":[{"not_picked":["Mark of Pain","Runic Cube"],"picked":"Ectoplasm"},{"not_picked":["Busted Crown","Astrolabe"],"picked":"Runic Pyramid"}],"items_purged_floors":[31],"is_endless":false,"potions_floor_spawned":[2,10,13,16,21,24,28,30,35,39,41],"killed_by":"The Heart","ascension_level":0}