{"gold_per_floor":[109,120,132,132,149,149,169,169,169,169,201,201,215,241,241,317,317,328,339,339,357,357,357,372,389,440,468,468,498,498,513,513,591,591,603,1003,1003,430,444,444,474,144,199,199,0,0,0,13,13,13],"floor_reached":51,"playtime":7055,"items_purged":["Strike_G","Strike_G"],"score":1330,"play_id":"7fcacc19-353d-49a8-96ef-b8df725d2081","local_time":"20191004172642","is_ascension_mode":true,"campfire_choices":[{"data":"Cloak And Dagger","floor":6.0,"key":"SMITH"},{"data":"Neutralize","floor":8.0,"key":"SMITH"},{"data":"Quick Slash","floor":10.0,"key":"SMITH"},{"data":"Skewer","floor":12.0,"key":"SMITH"},{"data":"Well Laid Plans","floor":15.0,"key":"SMITH"},{"data":"Night Terror","floor":23.0,"key":"SMITH"},{"floor":28.0,"key":"REST"},{"floor":32.0,"key":"REST"},{"data":"Blur","floor":40.0,"key":"SMITH"},{"data":"Backflip","floor":44.0,"key":"SMITH"},{"data":"Malaise","floor":46.0,"key":"SMITH"},{"floor":49.0,"key":"REST"}],"neow_cost":"NONE","seed_source_timestamp":2223021916005882,"circlet_count":0,"master_deck":["AscendersBane","Defend_G","Defend_G","Defend_G","Defend_G","Defend_G","Survivor","Neutralize+1","Cloak And Dagger+1","Die Die Die+1","Quick Slash+1","Skewer+1","Slice","Backflip+1","Well Laid Plans+1","Night Terror+1","Dash+1","Dodge and Roll+1","Dagger Spray+1","Poisoned Stab+1","Blur+1","RitualDagger","Dagger Spray+1","Malaise+1","Dodge and Roll+1","Dagger Throw+1","RitualDagger","Backstab+1","Night Terror+1"],"special_seed":0,"relics":["Ring of the Snake","Ornamental Fan","Strawberry","Incense Burner","Astrolabe","Matryoshka","Lantern","Orichalcum","Torii","Sundial","Bottled Tornado","Mercury Hourglass","Runic Dome","Old Coin","Paper Crane","Regal Pillow","Meat on the Bone","DollysMirror","Juzu Bracelet","Red Mask"],"potions_floor_usage":[50,50],"damage_taken":[{"damage":0.0,"enemies":"Cultist","floor":1.0,"turns":4.0},{"damage":3.0,"enemies":"2 Louse","floor":2.0,"turns":3.0},{"damage":2.0,"enemies":"Jaw Worm","floor":3.0,"turns":5.0},{"damage":1.0,"enemies":"Blue Slaver","floor":5.0,"turns":4.0},{"damage":0.0,"enemies":"Exordium Wildlife","floor":7.0,"turns":2.0},{"damage":11.0,"enemies":"3 Sentries","floor":11.0,"turns":4.0},{"damage":0.0,"enemies":"Lots of Slimes","floor":13.0,"turns":1.0},{"damage":11.0,"enemies":"Lagavulin","floor":14.0,"turns":7.0},{"damage":7.0,"enemies":"Hexaghost","floor":16.0,"turns":10.0},{"damage":5.0,"enemies":"Shell Parasite","floor":18.0,"turns":8.0},{"damage":11.0,"enemies":"Chosen","floor":19.0,"turns":5.0},{"damage":0.0,"enemies":"Centurion and Healer","floor":21.0,"turns":8.0},{"damage":0.0,"enemies":"Snecko","floor":24.0,"turns":4.0},{"damage":4.0,"enemies":"Snake Plant","floor":25.0,"turns":7.0},{"damage":19.0,"enemies":"Slavers","floor":27.0,"turns":2.0},{"damage":0.0,"enemies":"Gremlin Leader","floor":29.0,"turns":5.0},{"damage":3.0,"enemies":"Centurion and Healer","floor":31.0,"turns":6.0},{"damage":32.0,"enemies":"Collector","floor":33.0,"turns":11.0},{"damage":0.0,"enemies":"Orb Walker","floor":35.0,"turns":2.0},{"damage":1.0,"enemies":"Mind Bloom Boss Battle","floor":36.0,"turns":12.0},{"damage":1.0,"enemies":"3 Darklings","floor":39.0,"turns":3.0},{"damage":0.0,"enemies":"Nemesis","floor":41.0,"turns":11.0},{"damage":0.0,"enemies":"4 Shapes","floor":48.0,"turns":3.0},{"damage":9,"enemies":"Awakened One","floor":50,"turns":80}],"seed_played":"1436402902035646986","potions_obtained":[{"floor":2.0,"key":"SteroidPotion"},{"floor":5.0,"key":"LiquidBronze"},{"floor":19.0,"key":"FearPotion"},{"floor":24.0,"key":"SteroidPotion"},{"floor":27.0,"key":"Poison Potion"},{"floor":31.0,"key":"SpeedPotion"},{"floor":35.0,"key":"FearPotion"},{"floor":41.0,"key":"SteroidPotion"}],"is_trial":false,"path_per_floor":["M","M","M","?","M","R","M","R","T","R","E","R","M","E","R","B",null,"M","M","?","M","?","R","M","M","T","E","R","E","T","M","R","B",null,"M","?","?","$","M","R","E","$","T","R","?","R","?","M","R","B",null],"character_chosen":"THE_SILENT","items_purchased":["Paper Crane","Regal Pillow","Block Potion","DollysMirror"],"campfire_rested":3,"item_purchase_floors":[38,38,38,42],"current_hp_per_floor":[65,62,60,60,59,59,59,59,59,59,55,55,55,44,44,37,69,64,53,47,47,47,47,47,43,43,24,47,47,47,44,67,35,68,68,67,67,67,66,66,66,66,66,66,66,66,66,66,79,70],"gold":13,"neow_bonus":"TEN_PERCENT_HP_BONUS","is_prod":false,"is_daily":false,"chose_seed":false,"campfire_upgraded":9,"win_rate":0,"timestamp":1570224402,"path_taken":["M","?","M","?","M","R","M","R","T","R","E","R","M","E","R","BOSS","M","?","?","M","?","R","?","M","T","E","R","E","?","M","R","BOSS","M","?","?","$","?","R","E","?","T","R","?","R","?","M","R","BOSS"],"build_version":"2019-07-17","purchased_purges":2,"victory":true,"max_hp_per_floor":[72,72,72,72,72,72,72,72,72,72,79,79,79,79,79,79,79,79,79,79,79,79,79,79,79,79,79,79,79,79,79,79,79,79,79,79,79,79,79,79,79,79,79,79,79,79,79,79,79,79],"card_choices":[{"not_picked":["Underhanded Strike","Deflect"],"picked":"Cloak And Dagger","floor":1.0},{"not_picked":["Cloak And Dagger","Distraction","Sucker Punch"],"picked":"SKIP","floor":2.0},{"not_picked":["Cloak And Dagger","Deadly Poison"],"picked":"Die Die Die","floor":3.0},{"not_picked":["Dodge and Roll","Deflect"],"picked":"Quick Slash","floor":5.0},{"not_picked":["Dagger Throw","Bane"],"picked":"Skewer","floor":7.0},{"not_picked":["Predator","Poisoned Stab"],"picked":"Slice","floor":11.0},{"not_picked":["Underhanded Strike","Quick Slash"],"picked":"Backflip","floor":13.0},{"not_picked":["Sucker Punch","Deflect"],"picked":"Well Laid Plans","floor":14.0},{"not_picked":["Tools of the Trade","Malaise"],"picked":"Night Terror","floor":16.0},{"not_picked":["Underhanded Strike","Expertise"],"picked":"Poisoned Stab+1","floor":18.0},{"not_picked":["Masterful Stab","Accuracy"],"picked":"Blur","floor":19.0},{"not_picked":["Poisoned Stab","Quick Slash"],"picked":"Dagger Spray+1","floor":21.0},{"not_picked":["Distraction","Bane"],"picked":"Malaise","floor":24.0},{"not_picked":["Skewer","Riddle With Holes","Crippling Poison"],"picked":"SKIP","floor":25.0},{"not_picked":["Poisoned Stab","Phantasmal Killer"],"picked":"Dodge and Roll+1","floor":27.0},{"not_picked":["Heel Hook","Outmaneuver"],"picked":"Dagger Throw+1","floor":29.0},{"not_picked":["Reflex","Flying Knee","Deadly Poison"],"picked":"SKIP","floor":31.0},{"not_picked":["Storm of Steel","Burst"],"picked":"Corpse Explosion","floor":33.0},{"not_picked":["Prepared","Blade Dance","Endless Agony+1"],"picked":"SKIP","floor":35.0},{"not_picked":["Dagger Throw","Backflip","Corpse Explosion"],"picked":"SKIP","floor":39.0},{"not_picked":["Bane","Venomology"],"picked":"Backstab+1","floor":41.0},{"not_picked":["Bouncing Flask","Distraction","Dodge and Roll"],"picked":"SKIP","floor":48.0}],"player_experience":655936,"relics_obtained":[{"floor":9.0,"key":"Ornamental Fan"},{"floor":11.0,"key":"Strawberry"},{"floor":14.0,"key":"Incense Burner"},{"floor":26.0,"key":"Lantern"},{"floor":26.0,"key":"Orichalcum"},{"floor":27.0,"key":"Torii"},{"floor":29.0,"key":"Sundial"},{"floor":30.0,"key":"Bottled Tornado"},{"floor":30.0,"key":"Mercury Hourglass"},{"floor":36.0,"key":"Old Coin"},{"floor":41.0,"key":"Meat on the Bone"},{"floor":43.0,"key":"Juzu Bracelet"}],"event_choices":[{"damage_healed":0.0,"max_hp_gain":0.0,"max_hp_loss":0.0,"gold_gain":0.0,"event_name":"Upgrade Shrine","player_choice":"Upgraded","floor":4.0,"gold_loss":0.0,"damage_taken":0.0,"cards_upgraded":["Die Die Die"]},{"damage_healed":0.0,"max_hp_gain":0.0,"max_hp_loss":0.0,"gold_gain":0.0,"event_name":"Nest","player_choice":"Joined the Cult","floor":20.0,"gold_loss":0.0,"damage_taken":6.0,"cards_obtained":["RitualDagger"]},{"damage_healed":0.0,"max_hp_gain":0.0,"max_hp_loss":0.0,"gold_gain":0.0,"event_name":"WeMeetAgain","player_choice":"Gave Potion","floor":22.0,"gold_loss":0.0,"damage_taken":0.0,"relics_obtained":["Matryoshka"]},{"damage_healed":0.0,"max_hp_gain":0.0,"max_hp_loss":0.0,"gold_gain":0.0,"event_name":"MindBloom","player_choice":"Fight","floor":36.0,"gold_loss":0.0,"damage_taken":0.0},{"damage_healed":0.0,"max_hp_gain":0.0,"max_hp_loss":0.0,"gold_gain":0.0,"event_name":"Duplicator","player_choice":"Copied","floor":37.0,"gold_loss":0.0,"damage_taken":0.0,"cards_obtained":["RitualDagger"]},{"damage_healed":0.0,"max_hp_gain":0.0,"max_hp_loss":0.0,"gold_gain":0.0,"event_name":"Tomb of Lord Red Mask","player_choice":"Paid","floor":45.0,"gold_loss":199.0,"damage_taken":0.0,"relics_obtained":["Red Mask"]},{"cards_removed":["Corpse Explosion"],"damage_healed":0.0,"max_hp_gain":0.0,"max_hp_loss":0.0,"gold_gain":0.0,"event_name":"Falling","player_choice":"Removed Skill","floor":47.0,"gold_loss":0.0,"damage_taken":0.0}],"is_beta":false,"boss_relics":[{"not_picked":["Eternal Feather","Black Star"],"picked":"Astrolabe"},{"not_picked":["Empty Cage","HoveringKite"],"picked":"Runic Dome"}],"items_purged_floors":[38,42],"is_endless":false,"potions_floor_spawned":[2,5,7,19,24,27,31,35,41],"ascension_level":16}