{"gold_per_floor":[114,132,151,165,180,180,194,194,194,194,174,209,225,237,237,312,312,331,348,33,33,33,33,33,50,102,102,102,102,2,21,21,94,94,114,129,129,144,163,163,196,196,223,223,98,108,119,169,169,169],"floor_reached":51,"playtime":5093,"items_purged":["Strike_G","Strike_G","Strike_G"],"score":1279,"play_id":"232bfae6-b3f6-4a98-8d3d-6659e95fb81e","local_time":"20191004003044","is_ascension_mode":true,"campfire_choices":[{"data":"Noxious Fumes","floor":6.0,"key":"SMITH"},{"floor":8.0,"key":"REST"},{"data":"Poisoned Stab","floor":10.0,"key":"SMITH"},{"data":"Catalyst","floor":15.0,"key":"SMITH"},{"floor":23.0,"key":"REST"},{"data":"Burst","floor":29.0,"key":"SMITH"},{"floor":32.0,"key":"REST"},{"data":"Backflip","floor":40.0,"key":"SMITH"},{"data":"Dodge and Roll","floor":42.0,"key":"SMITH"},{"data":"Crippling Poison","floor":44.0,"key":"SMITH"},{"floor":49,"key":"REST"}],"neow_cost":"PERCENT_DAMAGE","seed_source_timestamp":2164015765546895,"circlet_count":0,"master_deck":["AscendersBane","Strike_G","Strike_G","Defend_G","Defend_G","Defend_G","Defend_G","Defend_G","Survivor","Neutralize","Catalyst+1","Poisoned Stab+1","Backflip+1","Dash","Noxious Fumes+1","PiercingWail","Catalyst+1","Crippling Poison+1","Acrobatics","Burst+1","Dodge and Roll+1","Burst+1","Tactician+1","Acrobatics+1","Blur+1","PiercingWail+1","Tactician+1","Backflip+1","Blur+1","Deadly Poison+1","Deadly Poison+1"],"special_seed":0,"relics":["Ring of the Snake","Prayer Wheel","Mercury Hourglass","Pocketwatch","Velvet Choker","Toxic Egg 2","Bag of Marbles","Runic Pyramid","Boot","Ancient Tea Set","Du-Vu Doll"],"potions_floor_usage":[50],"damage_taken":[{"damage":0.0,"enemies":"2 Louse","floor":1.0,"turns":3.0},{"damage":0.0,"enemies":"Cultist","floor":2.0,"turns":4.0},{"damage":3.0,"enemies":"Small Slimes","floor":3.0,"turns":4.0},{"damage":0.0,"enemies":"Exordium Wildlife","floor":4.0,"turns":4.0},{"damage":10.0,"enemies":"Large Slime","floor":5.0,"turns":9.0},{"damage":4.0,"enemies":"3 Louse","floor":7.0,"turns":4.0},{"damage":17.0,"enemies":"Lagavulin","floor":12.0,"turns":7.0},{"damage":0.0,"enemies":"Exordium Thugs","floor":13.0,"turns":4.0},{"damage":6.0,"enemies":"Blue Slaver","floor":14.0,"turns":5.0},{"damage":0.0,"enemies":"Hexaghost","floor":16.0,"turns":7.0},{"damage":0.0,"enemies":"3 Byrds","floor":18.0,"turns":4.0},{"damage":10.0,"enemies":"2 Thieves","floor":19.0,"turns":5.0},{"damage":3.0,"enemies":"Cultist and Chosen","floor":25.0,"turns":5.0},{"damage":0.0,"enemies":"Snake Plant","floor":31.0,"turns":2.0},{"damage":30.0,"enemies":"Automaton","floor":33.0,"turns":6.0},{"damage":0.0,"enemies":"3 Shapes","floor":35.0,"turns":3.0},{"damage":0.0,"enemies":"3 Darklings","floor":36.0,"turns":5.0},{"damage":0.0,"enemies":"Sphere and 2 Shapes","floor":38.0,"turns":7.0},{"damage":2.0,"enemies":"4 Shapes","floor":39.0,"turns":5.0},{"damage":0.0,"enemies":"Reptomancer","floor":41.0,"turns":5.0},{"damage":0.0,"enemies":"Transient","floor":46.0,"turns":5.0},{"damage":4.0,"enemies":"Sphere and 2 Shapes","floor":47.0,"turns":4.0},{"damage":7,"enemies":"2 Orb Walkers","floor":48,"turns":4},{"damage":17,"enemies":"Time Eater","floor":50,"turns":6}],"seed_played":"-3822988825319499089","potions_obtained":[{"floor":1.0,"key":"Energy Potion"},{"floor":5.0,"key":"Regen Potion"},{"floor":7.0,"key":"LiquidBronze"},{"floor":11.0,"key":"Swift Potion"},{"floor":12.0,"key":"Block Potion"},{"floor":13.0,"key":"Block Potion"},{"floor":19.0,"key":"GamblersBrew"},{"floor":33.0,"key":"FairyPotion"},{"floor":35.0,"key":"Poison Potion"},{"floor":36.0,"key":"Block Potion"}],"is_trial":false,"path_per_floor":["M","M","M","M","M","R","M","R","T","R","?","E","M","M","R","B",null,"M","M","$","?","?","R","$","M","T","?","?","R","$","M","R","B",null,"M","M","?","M","M","R","E","R","T","R","$","M","M","?","R","B",null],"character_chosen":"THE_SILENT","items_purchased":["Toxic Egg 2"],"campfire_rested":4,"item_purchase_floors":[20],"current_hp_per_floor":[44,44,41,41,31,31,27,46,46,46,46,29,29,35,35,35,58,58,48,48,30,30,51,51,48,48,48,48,48,48,48,69,39,63,63,63,63,63,61,61,61,61,61,61,61,61,57,50,71,54],"gold":169,"neow_bonus":"ONE_RARE_RELIC","is_prod":false,"is_daily":false,"chose_seed":false,"campfire_upgraded":7,"win_rate":0,"timestamp":1570163444,"path_taken":["M","M","M","M","M","R","M","R","T","R","?","E","M","M","R","BOSS","M","M","$","?","?","R","?","M","T","?","?","R","$","M","R","BOSS","M","M","?","M","M","R","E","R","T","R","$","M","M","?","R","BOSS"],"build_version":"2019-07-17","purchased_purges":3,"victory":true,"max_hp_per_floor":[66,66,66,66,66,66,66,66,66,66,66,66,66,66,66,66,66,66,66,66,71,71,71,71,71,71,71,71,71,71,71,71,71,71,71,71,71,71,71,71,71,71,71,71,71,71,71,71,71,71],"card_choices":[{"not_picked":["Poisoned Stab","Cloak And Dagger"],"picked":"Catalyst","floor":1.0},{"not_picked":["Distraction","Backflip"],"picked":"Poisoned Stab","floor":1.0},{"not_picked":["Prepared","Reflex"],"picked":"Backflip","floor":2.0},{"not_picked":["Dagger Spray","Deflect","Quick Slash"],"picked":"SKIP","floor":2.0},{"not_picked":["Dagger Spray","Deflect","Quick Slash"],"picked":"SKIP","floor":2.0},{"not_picked":["Tactician","Heel Hook"],"picked":"Dash","floor":3.0},{"not_picked":["Backflip","Heel Hook","Envenom"],"picked":"SKIP","floor":3.0},{"not_picked":["Quick Slash","Deflect","Backflip"],"picked":"SKIP","floor":4.0},{"not_picked":["Reflex","Outmaneuver","Dash"],"picked":"SKIP","floor":4.0},{"not_picked":["Masterful Stab","Endless Agony"],"picked":"Noxious Fumes","floor":5.0},{"not_picked":["Heel Hook","Backflip","Quick Slash"],"picked":"SKIP","floor":5.0},{"not_picked":["Predator","Distraction"],"picked":"PiercingWail","floor":7.0},{"not_picked":["Flying Knee","Dagger Spray","Prepared"],"picked":"SKIP","floor":7.0},{"not_picked":["Choke","Glass Knife"],"picked":"Catalyst","floor":12.0},{"not_picked":["Endless Agony","Outmaneuver"],"picked":"Crippling Poison","floor":13.0},{"not_picked":["Backstab","Blade Dance"],"picked":"Acrobatics","floor":13.0},{"not_picked":["Dagger Throw","Blade Dance","Distraction"],"picked":"SKIP","floor":14.0},{"not_picked":["Acrobatics","Terror","Leg Sweep"],"picked":"SKIP","floor":14.0},{"not_picked":["Storm of Steel","Wraith Form v2"],"picked":"Burst","floor":16.0},{"not_picked":["Terror","PiercingWail"],"picked":"Dodge and Roll","floor":18.0},{"not_picked":["Bane","Slice","Eviscerate"],"picked":"SKIP","floor":18.0},{"not_picked":["Sucker Punch","Finisher","All Out Attack"],"picked":"SKIP","floor":19.0},{"not_picked":["Outmaneuver","Acrobatics","PiercingWail"],"picked":"SKIP","floor":19.0},{"not_picked":["Dash","Terror+1"],"picked":"Burst+1","floor":25.0},{"not_picked":["Cloak And Dagger+1","Sucker Punch+1","Accuracy"],"picked":"SKIP","floor":25.0},{"not_picked":["Concentrate+1","Accuracy"],"picked":"Tactician+1","floor":31.0},{"not_picked":["Underhanded Strike","Flying Knee"],"picked":"Acrobatics+1","floor":31.0},{"not_picked":["Quick Slash","Expertise+1","Sucker Punch"],"picked":"SKIP","floor":35.0},{"not_picked":["Infinite Blades","Expertise+1","Dodge and Roll+1"],"picked":"SKIP","floor":35.0},{"not_picked":["Accuracy","Deflect+1"],"picked":"Blur+1","floor":36.0},{"not_picked":["Escape Plan+1","Backstab","Quick Slash+1"],"picked":"SKIP","floor":36.0},{"not_picked":["Backflip+1","Poisoned Stab"],"picked":"PiercingWail+1","floor":38.0},{"not_picked":["Cloak And Dagger+1","Slice","Adrenaline+1"],"picked":"SKIP","floor":38.0},{"not_picked":["Bane","Backflip+1"],"picked":"Tactician+1","floor":39.0},{"not_picked":["Blade Dance+1","Escape Plan+1"],"picked":"Backflip+1","floor":39.0},{"not_picked":["Acrobatics+1","Bane"],"picked":"Blur+1","floor":41.0},{"not_picked":["Slice","Terror+1"],"picked":"Deadly Poison+1","floor":46.0},{"not_picked":["Reflex+1","Caltrops+1","Distraction+1"],"picked":"SKIP","floor":46.0},{"not_picked":["Expertise+1","Terror+1","Dagger Throw"],"picked":"SKIP","floor":47.0},{"not_picked":["Deflect+1","Acrobatics+1","Underhanded Strike+1"],"picked":"SKIP","floor":47.0},{"not_picked":["Backflip+1","Escape Plan+1"],"picked":"Deadly Poison+1","floor":48}],"player_experience":647125,"relics_obtained":[{"floor":9.0,"key":"Mercury Hourglass"},{"floor":12.0,"key":"Pocketwatch"},{"floor":26.0,"key":"Bag of Marbles"},{"floor":41.0,"key":"Boot"},{"floor":43.0,"key":"Ancient Tea Set"},{"floor":48,"key":"Du-Vu Doll"}],"event_choices":[{"damage_healed":0.0,"max_hp_gain":0.0,"max_hp_loss":0.0,"gold_gain":0.0,"event_name":"The Woman in Blue","player_choice":"Bought 1 Potion","floor":11.0,"gold_loss":0.0,"damage_taken":0.0},{"damage_healed":0.0,"max_hp_gain":5.0,"max_hp_loss":0.0,"gold_gain":0.0,"event_name":"Forgotten Altar","player_choice":"Shed Blood","floor":21.0,"gold_loss":0.0,"damage_taken":23.0},{"damage_healed":0.0,"max_hp_gain":0.0,"max_hp_loss":0.0,"gold_gain":0.0,"event_name":"The Mausoleum","player_choice":"Ignored","floor":22.0,"gold_loss":0.0,"damage_taken":0.0},{"damage_healed":0.0,"max_hp_gain":0.0,"max_hp_loss":0.0,"gold_gain":0.0,"event_name":"Ghosts","player_choice":"Ignored","floor":27.0,"gold_loss":0.0,"damage_taken":0.0},{"damage_healed":0.0,"max_hp_gain":0.0,"max_hp_loss":0.0,"gold_gain":0.0,"event_name":"Accursed Blacksmith","player_choice":"Forge","floor":28.0,"gold_loss":0.0,"damage_taken":0.0,"cards_upgraded":["Catalyst"]},{"damage_healed":0.0,"max_hp_gain":0.0,"max_hp_loss":0.0,"gold_gain":0.0,"event_name":"Tomb of Lord Red Mask","player_choice":"Ignored","floor":37.0,"gold_loss":0.0,"damage_taken":0.0},{"damage_healed":0,"gold_gain":0,"player_choice":"Fight","damage_taken":0,"max_hp_gain":0,"max_hp_loss":0,"event_name":"Mysterious Sphere","floor":48,"gold_loss":0}],"is_beta":false,"boss_relics":[{"not_picked":["Pandora\u0027s Box","Tiny House"],"picked":"Velvet Choker"},{"not_picked":["HoveringKite","Fusion Hammer"],"picked":"Runic Pyramid"}],"items_purged_floors":[20,30,45],"is_endless":false,"potions_floor_spawned":[1,5,7,12,13,19,33,35,36,39],"ascension_level":15}