{"gold_per_floor":[13,31,46,64,64,93,103,103,103,123,137,150,115,129,129,233,233,246,259,259,279,38,38,68,29,29,29,40,58,58,75,75,75],"floor_reached":33,"playtime":7437,"items_purged":[],"score":275,"play_id":"cd7dbbde-1721-4e7b-9f64-a872eb4bc62f","local_time":"20190129175212","is_ascension_mode":false,"campfire_choices":[{"floor":8,"key":"REST"},{"floor":15,"key":"REST"},{"floor":23,"key":"REST"},{"floor":27,"key":"REST"},{"floor":32,"key":"REST"}],"neow_cost":"NO_GOLD","seed_source_timestamp":1374538628586222,"circlet_count":0,"master_deck":["Defend_G","Defend_G","Defend_G","Defend_G","Defend_G","Strike_G","Strike_G","Strike_G","Strike_G","Strike_G","Survivor","Neutralize","Deadly Poison","Deadly Poison","Phantasmal Killer","PiercingWail","Poisoned Stab","Prepared","Caltrops","Bullet Time","Predator","Tools of the Trade","All Out Attack","Finisher+1","Footwork","Footwork","Footwork","Leg Sweep","Choke"],"relics":["Ring of the Snake","Ice Cream","Matryoshka","PreservedInsect","Gremlin Horn","Philosopher\u0027s Stone","Mercury Hourglass","Bird Faced Urn","Letter Opener","Ornamental Fan","MutagenicStrength"],"potions_floor_usage":[4,14,16,21,24,33],"damage_taken":[{"damage":0,"enemies":"2 Louse","floor":1,"turns":3},{"damage":0,"enemies":"Jaw Worm","floor":2,"turns":4},{"damage":0,"enemies":"Small Slimes","floor":3,"turns":3},{"damage":7,"enemies":"Gremlin Gang","floor":4,"turns":7},{"damage":37,"enemies":"Lagavulin","floor":6,"turns":8},{"damage":9,"enemies":"2 Fungi Beasts","floor":7,"turns":4},{"damage":7,"enemies":"Blue Slaver","floor":10,"turns":4},{"damage":0,"enemies":"Looter","floor":11,"turns":4},{"damage":4,"enemies":"Large Slime","floor":12,"turns":8},{"damage":6,"enemies":"Lots of Slimes","floor":14,"turns":5},{"damage":55,"enemies":"Slime Boss","floor":16,"turns":15},{"damage":16,"enemies":"3 Byrds","floor":18,"turns":4},{"damage":13,"enemies":"Chosen","floor":19,"turns":5},{"damage":23,"enemies":"Snake Plant","floor":21,"turns":5},{"damage":28,"enemies":"Slavers","floor":24,"turns":4},{"damage":15,"enemies":"Shelled Parasite and Fungi","floor":28,"turns":6},{"damage":18,"enemies":"Centurion and Healer","floor":29,"turns":8},{"damage":3,"enemies":"Snecko","floor":31,"turns":4},{"damage":63,"enemies":"Collector","floor":33,"turns":7}],"seed_played":"-4234565773953653210","potions_obtained":[{"floor":2,"key":"Swift Potion"},{"floor":12,"key":"Regen Potion"},{"floor":14,"key":"Ancient Potion"},{"floor":19,"key":"GhostInAJar"},{"floor":21,"key":"AttackPotion"},{"floor":28,"key":"LiquidBronze"}],"is_trial":false,"path_per_floor":["M","M","M","M","?","E","M","R","T","M","M","M","?","M","R","B",null,"M","M","?","M","$","R","E","$","T","R","M","M","?","M","R","B"],"character_chosen":"THE_SILENT","items_purchased":["Mercury Hourglass","Leg Sweep"],"campfire_rested":5,"item_purchase_floors":[22,25],"current_hp_per_floor":[70,70,70,63,63,26,17,38,38,31,31,27,44,52,70,15,70,54,41,41,18,18,39,11,11,11,32,27,19,19,22,43,0],"gold":75,"neow_bonus":"ONE_RARE_RELIC","is_prod":false,"is_daily":false,"chose_seed":false,"campfire_upgraded":0,"win_rate":0.0,"timestamp":1548780732,"path_taken":["M","M","M","M","?","E","M","R","T","M","M","M","?","M","R","BOSS","M","M","?","M","$","R","E","$","T","R","M","M","?","M","R","BOSS"],"build_version":"2019-01-23","purchased_purges":0,"victory":false,"max_hp_per_floor":[70,70,70,70,70,70,70,70,70,70,70,70,70,70,70,70,70,70,70,70,70,70,70,70,70,70,70,70,70,70,70,70,70],"card_choices":[{"not_picked":["Sucker Punch","Calculated Gamble"],"picked":"Deadly Poison","floor":1},{"not_picked":["Backflip","Dagger Throw"],"picked":"Deadly Poison","floor":2},{"not_picked":["Dodge and Roll","Masterful Stab"],"picked":"Phantasmal Killer","floor":3},{"not_picked":["Dagger Throw","Dodge and Roll"],"picked":"PiercingWail","floor":4},{"not_picked":["Glass Knife","Sucker Punch"],"picked":"Poisoned Stab","floor":6},{"not_picked":["Crippling Poison","Dodge and Roll"],"picked":"Prepared","floor":7},{"not_picked":["PiercingWail","Blade Dance"],"picked":"Caltrops","floor":10},{"not_picked":["Slice","Blur"],"picked":"Bullet Time","floor":11},{"not_picked":["Eviscerate","Flying Knee","Slice"],"picked":"SKIP","floor":12},{"not_picked":["Escape Plan","Prepared"],"picked":"Predator","floor":14},{"not_picked":["Adrenaline","Wraith Form v2"],"picked":"Tools of the Trade","floor":16},{"not_picked":["Masterful Stab","Heel Hook"],"picked":"All Out Attack","floor":18},{"not_picked":["Tactician+1","Dagger Spray+1"],"picked":"Finisher+1","floor":19},{"not_picked":["Acrobatics","Dagger Spray"],"picked":"Footwork","floor":21},{"not_picked":["Masterful Stab","Slice"],"picked":"Footwork","floor":24},{"not_picked":["Quick Slash","Deadly Poison"],"picked":"Choke","floor":28},{"not_picked":["Poisoned Stab","Dagger Throw","Acrobatics"],"picked":"SKIP","floor":29},{"not_picked":["Underhanded Strike","Quick Slash+1","Sucker Punch"],"picked":"SKIP","floor":31}],"player_experience":33376,"relics_obtained":[{"floor":6,"key":"Matryoshka"},{"floor":9,"key":"PreservedInsect"},{"floor":9,"key":"Gremlin Horn"},{"floor":24,"key":"Bird Faced Urn"},{"floor":26,"key":"Letter Opener"},{"floor":26,"key":"Ornamental Fan"}],"event_choices":[{"damage_healed":0,"gold_gain":0,"player_choice":"Ignored","damage_taken":0,"max_hp_gain":0,"max_hp_loss":0,"event_name":"Liars Game","floor":5,"gold_loss":0},{"damage_healed":17,"gold_gain":0,"player_choice":"Healed","damage_taken":0,"max_hp_gain":0,"max_hp_loss":0,"event_name":"The Cleric","floor":13,"gold_loss":35},{"damage_healed":0,"gold_gain":0,"player_choice":"Read","damage_taken":0,"max_hp_gain":0,"max_hp_loss":0,"event_name":"The Library","floor":20,"gold_loss":0,"cards_obtained":["Footwork"]},{"damage_healed":0,"gold_gain":0,"player_choice":"Inject Mutagens","damage_taken":0,"relics_obtained":["MutagenicStrength"],"max_hp_gain":0,"max_hp_loss":0,"event_name":"Drug Dealer","floor":30,"gold_loss":0}],"is_beta":false,"boss_relics":[{"not_picked":["Cursed Key","Runic Pyramid"],"picked":"Philosopher\u0027s Stone"}],"items_purged_floors":[],"is_endless":false,"potions_floor_spawned":[2,12,14,19,21,28],"killed_by":"Collector","ascension_level":0}