{"gold_per_floor":[117,129,141,158,168,198,213,241,241,241,260,290,301,316,316,316],"floor_reached":16,"playtime":571,"items_purged":[],"score":356,"play_id":"cbdb20e8-bfd6-4036-b866-ddc8bc136159","local_time":"20191004135824","is_ascension_mode":true,"campfire_choices":[{"data":"Perfected Strike","floor":10,"key":"SMITH"},{"data":"Perfected Strike","floor":15,"key":"SMITH"}],"neow_cost":"NONE","seed_source_timestamp":258598546796200,"circlet_count":0,"master_deck":["AscendersBane","Strike_R+1","Strike_R","Strike_R","Strike_R","Strike_R","Defend_R","Defend_R","Defend_R","Defend_R","Bash+1","Anger","Perfected Strike+1","Pommel Strike+1","Spot Weakness","Wild Strike","Disarm","Metallicize","Metallicize","Perfected Strike+1","Pommel Strike"],"special_seed":0,"relics":["Burning Blood","Whetstone","Bottled Flame","Matryoshka","Kunai"],"potions_floor_usage":[12,14,16],"damage_taken":[{"damage":6.0,"enemies":"Cultist","floor":1.0,"turns":3.0},{"damage":9.0,"enemies":"Jaw Worm","floor":2.0,"turns":4.0},{"damage":6.0,"enemies":"2 Louse","floor":3.0,"turns":2.0},{"damage":7.0,"enemies":"Looter","floor":4.0,"turns":4.0},{"damage":9.0,"enemies":"Large Slime","floor":5.0,"turns":4.0},{"damage":20.0,"enemies":"3 Sentries","floor":6.0,"turns":8.0},{"damage":0.0,"enemies":"2 Fungi Beasts","floor":7.0,"turns":2.0},{"damage":33.0,"enemies":"Lagavulin","floor":8.0,"turns":5.0},{"damage":0,"enemies":"3 Louse","floor":11,"turns":2},{"damage":20,"enemies":"3 Sentries","floor":12,"turns":6},{"damage":3,"enemies":"Exordium Thugs","floor":13,"turns":5},{"damage":5,"enemies":"Gremlin Gang","floor":14,"turns":4},{"damage":38,"enemies":"Slime Boss","floor":16,"turns":8}],"seed_played":"-3454626312100939284","potions_obtained":[{"floor":2.0,"key":"Regen Potion"},{"floor":4.0,"key":"SkillPotion"},{"floor":6.0,"key":"GamblersBrew"},{"floor":7.0,"key":"GamblersBrew"},{"floor":8,"key":"SteroidPotion"},{"floor":13,"key":"Weak Potion"}],"is_trial":false,"path_per_floor":["M","M","M","M","M","E","M","E","T","R","M","E","M","M","R","B"],"character_chosen":"IRONCLAD","items_purchased":[],"campfire_rested":0,"item_purchase_floors":[],"current_hp_per_floor":[68,65,65,75,72,58,64,37,37,37,43,29,32,33,33,0],"gold":316,"neow_bonus":"UPGRADE_CARD","is_prod":false,"is_daily":false,"chose_seed":false,"campfire_upgraded":2,"win_rate":0,"timestamp":1570222704,"path_taken":["M","M","?","M","M","E","M","E","T","R","?","E","M","M","R","BOSS"],"build_version":"2019-10-03","purchased_purges":0,"victory":false,"max_hp_per_floor":[75,75,75,75,75,75,75,75,75,75,75,75,75,75,75,75],"card_choices":[{"not_picked":["Heavy Blade","Clash"],"picked":"Anger","floor":1.0},{"not_picked":["Iron Wave","Perfected Strike","Pummel"],"picked":"SKIP","floor":2.0},{"not_picked":["Iron Wave","Pummel"],"picked":"Perfected Strike","floor":2.0},{"not_picked":["Sentinel","Burning Pact","Carnage"],"picked":"SKIP","floor":3.0},{"not_picked":["True Grit","Rampage"],"picked":"Pommel Strike","floor":4.0},{"not_picked":["Warcry","Hemokinesis"],"picked":"Spot Weakness","floor":5.0},{"not_picked":["Warcry","Dropkick"],"picked":"Wild Strike","floor":6.0},{"not_picked":["Metallicize","Shrug It Off"],"picked":"Disarm","floor":7.0},{"not_picked":["Inflame","Juggernaut","Havoc"],"picked":"SKIP","floor":8},{"not_picked":["Shockwave","Clothesline"],"picked":"Metallicize","floor":11},{"not_picked":["Warcry","Thunderclap"],"picked":"Metallicize","floor":12},{"not_picked":["Heavy Blade","Metallicize"],"picked":"Perfected Strike","floor":13},{"not_picked":["Body Slam","Corruption"],"picked":"Pommel Strike","floor":14}],"player_experience":1241124,"relics_obtained":[{"floor":6.0,"key":"Whetstone"},{"floor":8,"key":"Bottled Flame"},{"floor":9,"key":"Matryoshka"},{"floor":12,"key":"Kunai"}],"event_choices":[],"is_beta":true,"boss_relics":[],"items_purged_floors":[],"is_endless":false,"potions_floor_spawned":[2,4,6,7,8,13],"killed_by":"Slime Boss","ascension_level":20}