{"gold_per_floor":[116,133,151,151,151,151,178,188,188,188,238,251,251,266,266,342,342,342,355,375,375,375],"floor_reached":22,"playtime":1470,"items_purged":[],"score":329,"play_id":"bd4a2c06-021d-41ce-8f4d-af8d78857a69","local_time":"20191003224042","is_ascension_mode":true,"campfire_choices":[{"data":"Bouncing Flask","floor":6.0,"key":"SMITH"},{"floor":10.0,"key":"REST"},{"data":"Deadly Poison","floor":13.0,"key":"SMITH"},{"data":"Neutralize","floor":15.0,"key":"SMITH"}],"neow_cost":"NONE","seed_source_timestamp":2161916079911904,"circlet_count":0,"master_deck":["AscendersBane","Strike_G","Strike_G","Defend_G","Defend_G","Defend_G","Defend_G","Defend_G","Survivor","Neutralize+1","Bouncing Flask+1","Backflip","Deadly Poison+1","PiercingWail","Tools of the Trade","Tactician","Acrobatics","Grand Finale","Bouncing Flask"],"special_seed":0,"relics":["Ring of the Snake","Ice Cream","Pantograph","Shuriken","Darkstone Periapt","Empty Cage"],"potions_floor_usage":[],"damage_taken":[{"damage":0.0,"enemies":"Small Slimes","floor":1.0,"turns":3.0},{"damage":0.0,"enemies":"Cultist","floor":2.0,"turns":4.0},{"damage":0.0,"enemies":"2 Louse","floor":3.0,"turns":4.0},{"damage":23.0,"enemies":"Gremlin Nob","floor":7.0,"turns":5.0},{"damage":1.0,"enemies":"2 Fungi Beasts","floor":8.0,"turns":4.0},{"damage":12.0,"enemies":"Large Slime","floor":12.0,"turns":4.0},{"damage":2.0,"enemies":"Blue Slaver","floor":14.0,"turns":4.0},{"damage":18.0,"enemies":"Hexaghost","floor":16.0,"turns":8.0},{"damage":0.0,"enemies":"3 Byrds","floor":18.0,"turns":1.0},{"damage":12.0,"enemies":"Chosen","floor":19.0,"turns":5.0},{"damage":13.0,"enemies":"Centurion and Healer","floor":20.0,"turns":9.0},{"damage":28,"enemies":"3 Cultists","floor":22,"turns":4}],"seed_played":"-4644632387514829993","potions_obtained":[{"floor":2.0,"key":"Dexterity Potion"},{"floor":8.0,"key":"AttackPotion"},{"floor":16.0,"key":"SmokeBomb"}],"is_trial":false,"path_per_floor":["M","M","M","?","?","R","E","M","T","R","?","M","R","M","R","B",null,"M","M","M","?","M"],"character_chosen":"THE_SILENT","items_purchased":[],"campfire_rested":1,"item_purchase_floors":[],"current_hp_per_floor":[65,65,65,65,60,60,37,36,36,57,57,45,45,43,43,50,67,67,55,42,42,14],"gold":375,"neow_bonus":"TEN_PERCENT_HP_BONUS","is_prod":false,"is_daily":false,"chose_seed":false,"campfire_upgraded":3,"win_rate":0,"timestamp":1570156842,"path_taken":["M","M","M","?","?","R","E","M","T","R","?","M","R","M","R","BOSS","M","M","?","?","M"],"build_version":"2019-07-17","purchased_purges":0,"victory":false,"max_hp_per_floor":[72,72,72,72,72,72,72,72,72,72,72,72,72,72,72,72,72,72,72,72,72,72],"card_choices":[{"not_picked":["Dagger Throw","Underhanded Strike"],"picked":"Bouncing Flask","floor":1.0},{"not_picked":["Sucker Punch","Dagger Spray","Outmaneuver"],"picked":"SKIP","floor":2.0},{"not_picked":["Bane","Underhanded Strike","Expertise"],"picked":"SKIP","floor":3.0},{"not_picked":["Dagger Throw","Backstab"],"picked":"Backflip","floor":7.0},{"not_picked":["Well Laid Plans","Leg Sweep"],"picked":"Deadly Poison","floor":8.0},{"not_picked":["Slice","Finisher"],"picked":"PiercingWail","floor":12.0},{"not_picked":["Flying Knee","Bane","Heel Hook"],"picked":"SKIP","floor":14.0},{"not_picked":["Adrenaline","Phantasmal Killer"],"picked":"Tools of the Trade","floor":16.0},{"not_picked":["Flying Knee+1","Quick Slash"],"picked":"Tactician","floor":19.0},{"not_picked":["Heel Hook","Dagger Spray"],"picked":"Acrobatics","floor":20.0}],"player_experience":645655,"relics_obtained":[{"floor":7.0,"key":"Shuriken"},{"floor":9.0,"key":"Darkstone Periapt"}],"event_choices":[{"damage_healed":0.0,"max_hp_gain":0.0,"max_hp_loss":0.0,"gold_gain":0.0,"event_name":"Big Fish","player_choice":"Box","floor":4.0,"gold_loss":0.0,"damage_taken":0.0,"relics_obtained":["Ice Cream"],"cards_obtained":["Regret"]},{"damage_healed":0.0,"max_hp_gain":0.0,"max_hp_loss":0.0,"gold_gain":0.0,"event_name":"Scrap Ooze","player_choice":"Success","floor":5.0,"gold_loss":0.0,"damage_taken":5.0,"relics_obtained":["Pantograph"]},{"damage_healed":0.0,"max_hp_gain":0.0,"max_hp_loss":0.0,"gold_gain":50.0,"event_name":"Golden Shrine","player_choice":"Pray","floor":11.0,"gold_loss":0.0,"damage_taken":0.0},{"damage_healed":0.0,"max_hp_gain":0.0,"max_hp_loss":0.0,"gold_gain":0.0,"cards_transformed":["Strike_G","Strike_G"],"event_name":"Drug Dealer","player_choice":"Became Test Subject","floor":21.0,"gold_loss":0.0,"damage_taken":0.0,"cards_obtained":["Grand Finale","Bouncing Flask"]}],"is_beta":false,"boss_relics":[{"not_picked":["Busted Crown","Calling Bell"],"picked":"Empty Cage"}],"items_purged_floors":[],"is_endless":false,"potions_floor_spawned":[2,8,16],"killed_by":"3 Cultists","ascension_level":15}