{"gold_per_floor":[368,16,27,27,46,46,66,66,137,166,166,47,47,72,72,162,162,175,13,13,30,47,47,66,78,78,78,78],"floor_reached":28,"playtime":1575,"items_purged":["Injury"],"score":407,"play_id":"daa02224-bbe3-4a6f-a1bb-9ea354608855","local_time":"20191003004116","is_ascension_mode":true,"campfire_choices":[{"data":"Coolheaded","floor":6.0,"key":"SMITH"},{"data":"Go for the Eyes","floor":8.0,"key":"SMITH"},{"data":"Sunder","floor":13.0,"key":"SMITH"},{"floor":15,"key":"REST"},{"data":"Zap","floor":23,"key":"SMITH"},{"data":"Barrage","floor":27,"key":"SMITH"}],"neow_cost":"TEN_PERCENT_HP_LOSS","seed_source_timestamp":102964324557600,"circlet_count":0,"master_deck":["AscendersBane","Strike_B","Strike_B","Strike_B","Strike_B","Defend_B","Defend_B","Defend_B","Defend_B","Zap+1","Dualcast","Coolheaded+1","Hologram","Go for the Eyes+1","Barrage+1","Conserve Battery","Glacier","Sunder+1","Compile Driver","Creative AI","Ball Lightning","Gash"],"special_seed":0,"relics":["Cracked Core","Vajra","DataDisk","Sundial","Potion Belt","Bloody Idol","Nuclear Battery","Strawberry","Happy Flower"],"potions_floor_usage":[16,25,28],"damage_taken":[{"damage":4.0,"enemies":"Small Slimes","floor":1.0,"turns":3.0},{"damage":0.0,"enemies":"Cultist","floor":3.0,"turns":3.0},{"damage":1.0,"enemies":"2 Louse","floor":5.0,"turns":3.0},{"damage":6.0,"enemies":"Exordium Wildlife","floor":7.0,"turns":3.0},{"damage":20.0,"enemies":"Lagavulin","floor":10.0,"turns":6.0},{"damage":0,"enemies":"2 Fungi Beasts","floor":14,"turns":3},{"damage":19,"enemies":"Hexaghost","floor":16,"turns":10},{"damage":7,"enemies":"Spheric Guardian","floor":18,"turns":8},{"damage":3,"enemies":"Chosen","floor":21,"turns":5},{"damage":2,"enemies":"3 Cultists","floor":22,"turns":6},{"damage":2,"enemies":"Snecko","floor":24,"turns":7},{"damage":4,"enemies":"Centurion and Healer","floor":25,"turns":7},{"damage":65,"enemies":"Gremlin Leader","floor":28,"turns":9}],"seed_played":"-8238804370870521682","potions_obtained":[{"floor":4.0,"key":"Weak Potion"},{"floor":4.0,"key":"Block Potion"},{"floor":10.0,"key":"Block Potion"},{"floor":14,"key":"Strength Potion"},{"floor":16,"key":"FocusPotion"},{"floor":21,"key":"Energy Potion"}],"is_trial":false,"path_per_floor":["M","$","M","?","M","R","M","R","T","E","?","$","R","M","R","B",null,"M","$","?","M","M","R","M","M","T","R","E"],"character_chosen":"DEFECT","items_purchased":["Vajra","DataDisk","Hologram","Sunder","Strawberry"],"campfire_rested":1,"item_purchase_floors":[2,2,2,12,19],"current_hp_per_floor":[60,60,60,60,59,59,53,53,53,33,33,33,33,33,52,33,56,49,56,56,58,61,61,64,65,65,65,0],"gold":78,"neow_bonus":"TWO_FIFTY_GOLD","is_prod":false,"is_daily":false,"chose_seed":false,"campfire_upgraded":5,"win_rate":0,"timestamp":1570088476,"path_taken":["M","$","M","?","?","R","M","R","T","E","?","$","R","M","R","BOSS","M","$","?","M","M","R","M","M","T","R","E"],"build_version":"2019-07-17","purchased_purges":1,"victory":false,"max_hp_per_floor":[64,64,64,64,64,64,64,64,64,64,64,64,64,64,64,64,64,64,71,71,71,71,71,71,71,71,71,71],"card_choices":[{"not_picked":["Turbo","Conserve Battery"],"picked":"Coolheaded","floor":1.0},{"not_picked":["Turbo","Leap"],"picked":"Go for the Eyes","floor":3.0},{"not_picked":["Recycle","Streamline"],"picked":"Barrage","floor":5.0},{"not_picked":["Rip and Tear","Coolheaded"],"picked":"Conserve Battery","floor":7.0},{"not_picked":["Fission","Capacitor"],"picked":"Glacier","floor":10.0},{"not_picked":["Leap","Conserve Battery"],"picked":"Compile Driver","floor":14},{"not_picked":["Thunder Strike","Amplify"],"picked":"Creative AI","floor":16},{"not_picked":["Doom and Gloom","Steam","Conserve Battery"],"picked":"SKIP","floor":18},{"not_picked":["Stack","Glacier","Conserve Battery"],"picked":"SKIP","floor":21},{"not_picked":["Defragment","Rebound+1"],"picked":"Ball Lightning","floor":22},{"not_picked":["Loop","Force Field+1"],"picked":"Gash","floor":24},{"not_picked":["Blizzard","Coolheaded","Fusion"],"picked":"SKIP","floor":25}],"player_experience":666670,"relics_obtained":[{"floor":9.0,"key":"Sundial"},{"floor":10.0,"key":"Potion Belt"},{"floor":26,"key":"Happy Flower"}],"event_choices":[{"damage_healed":0.0,"max_hp_gain":0.0,"max_hp_loss":0.0,"gold_gain":0.0,"event_name":"Lab","player_choice":"Got Potions","floor":4.0,"gold_loss":0.0,"damage_taken":0.0},{"damage_healed":0.0,"max_hp_gain":0.0,"max_hp_loss":0.0,"gold_gain":0.0,"event_name":"Golden Idol","player_choice":"Take Wound","floor":11.0,"gold_loss":0.0,"damage_taken":0.0,"relics_obtained":["Golden Idol"],"cards_obtained":["Injury"]},{"damage_healed":0,"gold_gain":0,"player_choice":"Gave Idol","damage_taken":0,"relics_obtained":["Bloody Idol"],"max_hp_gain":0,"max_hp_loss":0,"event_name":"Forgotten Altar","floor":20,"relics_lost":["Golden Idol"],"gold_loss":0}],"is_beta":false,"boss_relics":[{"not_picked":["Orrery","Calling Bell"],"picked":"Nuclear Battery"}],"items_purged_floors":[12],"is_endless":false,"potions_floor_spawned":[5,10,14,16,21,22,24],"killed_by":"Gremlin Leader","ascension_level":17}