{"gold_per_floor":[113,113,132,150,150,178,190,31,56,86,86,5,5,33,33,110,110,121,133,147,162,162,162,189,22,22,22,52,72,72,105,105,184,184,204,204,129,129,141,170,20,20,20,20,37,65,77,96,96,96,96],"floor_reached":52,"playtime":1909,"items_purged":["Strike_R"],"score":2026,"play_id":"81f257e9-7aa5-4354-b527-187e38d6be18","local_time":"20191004130043","is_ascension_mode":true,"campfire_choices":[{"data":"Feed","floor":11,"key":"SMITH"},{"data":"Inflame","floor":13,"key":"SMITH"},{"data":"Heavy Blade","floor":15,"key":"SMITH"},{"data":"Armaments","floor":23,"key":"SMITH"},{"data":"Berserk","floor":30,"key":"SMITH"},{"floor":32,"key":"REST"},{"data":"Berserk","floor":42,"key":"SMITH"},{"data":"Rage","floor":44,"key":"SMITH"},{"floor":49,"key":"REST"}],"neow_cost":"CURSE","seed_source_timestamp":253807256471000,"circlet_count":0,"master_deck":["AscendersBane","Strike_R","Strike_R","Strike_R","Defend_R","Defend_R","Defend_R","Defend_R","Bash","Writhe","Uppercut","Heavy Blade+1","Feed+1","Pummel","Brutality","Fiend Fire","Inflame+1","Immolate","Immolate","Rage+1","Armaments+1","Warcry+1","Berserk+1","Flex+1","Berserk+1","Heavy Blade","Warcry+1","Enlightenment+1","Armaments+1","Heavy Blade+1","Parasite","Sever Soul","True Grit+1"],"relics":["Burning Blood","Du-Vu Doll","Potion Belt","TungstenRod","Bag of Marbles","Champion Belt","Ice Cream","Runic Pyramid","Toxic Egg 2","Lantern","Self Forming Clay","Pear","Sundial","Velvet Choker","InkBottle","Unceasing Top","Darkstone Periapt"],"potions_floor_usage":[6,20,28,33,40,46,48,50,51],"damage_taken":[{"damage":3,"enemies":"2 Louse","floor":1,"turns":3},{"damage":2,"enemies":"Jaw Worm","floor":3,"turns":3},{"damage":4,"enemies":"Cultist","floor":4,"turns":3},{"damage":15,"enemies":"3 Sentries","floor":6,"turns":6},{"damage":9,"enemies":"Blue Slaver","floor":7,"turns":3},{"damage":5,"enemies":"Gremlin Nob","floor":10,"turns":3},{"damage":9,"enemies":"3 Sentries","floor":14,"turns":4},{"damage":23,"enemies":"The Guardian","floor":16,"turns":10},{"damage":17,"enemies":"Shell Parasite","floor":18,"turns":3},{"damage":0,"enemies":"3 Byrds","floor":19,"turns":2},{"damage":10,"enemies":"Snake Plant","floor":20,"turns":3},{"damage":6,"enemies":"Snecko","floor":21,"turns":3},{"damage":57,"enemies":"Gremlin Leader","floor":24,"turns":6},{"damage":23,"enemies":"Book of Stabbing","floor":28,"turns":4},{"damage":12,"enemies":"Centurion and Healer","floor":29,"turns":5},{"damage":12,"enemies":"Slavers","floor":31,"turns":2},{"damage":72,"enemies":"Collector","floor":33,"turns":8},{"damage":0,"enemies":"Orb Walker","floor":35,"turns":3},{"damage":0,"enemies":"3 Shapes","floor":39,"turns":3},{"damage":66,"enemies":"Reptomancer","floor":40,"turns":5},{"damage":0,"enemies":"Maw","floor":45,"turns":6},{"damage":35,"enemies":"Giant Head","floor":46,"turns":5},{"damage":7,"enemies":"Writhing Mass","floor":47,"turns":5},{"damage":8,"enemies":"Jaw Worm Horde","floor":48,"turns":3},{"damage":93,"enemies":"Awakened One","floor":50,"turns":12},{"damage":67,"enemies":"Time Eater","floor":51,"turns":9}],"seed_played":"-2916097562043150292","potions_obtained":[{"floor":1,"key":"Energy Potion"},{"floor":6,"key":"FairyPotion"},{"floor":14,"key":"SkillPotion"},{"floor":16,"key":"LiquidBronze"},{"floor":18,"key":"FairyPotion"},{"floor":24,"key":"SpeedPotion"},{"floor":28,"key":"Strength Potion"},{"floor":33,"key":"SteroidPotion"},{"floor":35,"key":"Regen Potion"},{"floor":45,"key":"BloodPotion"},{"floor":46,"key":"Swift Potion"},{"floor":48,"key":"Swift Potion"}],"is_trial":false,"path_per_floor":["M","?","M","M","?","E","M","$","T","E","R","$","R","E","R","B",null,"M","M","M","M","?","R","E","$","T","?","E","M","R","E","R","B",null,"M","?","$","?","M","E","$","R","T","R","M","E","M","M","R","B","B",null],"character_chosen":"IRONCLAD","items_purchased":["Brutality","Battle Trance","Inflame","Lantern","Enlightenment+1","Armaments+1"],"campfire_rested":2,"item_purchase_floors":[8,8,12,25,41,41],"current_hp_per_floor":[71,66,70,72,65,56,56,56,56,60,60,60,60,61,61,48,79,68,78,78,82,82,82,35,35,35,35,28,26,26,24,60,42,103,113,113,113,113,119,72,72,72,72,72,82,79,84,86,128,45,27],"gold":96,"neow_bonus":"ONE_RARE_RELIC","is_prod":false,"is_daily":false,"chose_seed":false,"campfire_upgraded":7,"win_rate":0,"timestamp":1570219243,"path_taken":["M","?","M","M","?","E","M","$","T","E","R","?","R","E","R","BOSS","M","M","?","M","?","R","E","$","T","?","E","M","R","E","R","BOSS","M","?","$","?","M","E","?","R","T","R","M","E","?","M","R","BOSS","BOSS"],"build_version":"2019-10-03","purchased_purges":1,"victory":true,"max_hp_per_floor":[75,75,75,75,75,75,78,78,78,81,81,81,81,85,85,89,89,89,93,97,101,101,101,105,105,105,105,115,119,119,123,123,123,123,127,127,127,127,127,127,127,127,127,127,131,131,137,141,141,145,145],"card_choices":[{"not_picked":["Anger","Seeing Red"],"picked":"Uppercut","floor":1},{"not_picked":["Dropkick","Clothesline"],"picked":"Heavy Blade","floor":3},{"not_picked":["Flex","Clash","Perfected Strike"],"picked":"SKIP","floor":4},{"not_picked":["Warcry","Offering"],"picked":"Feed","floor":6},{"not_picked":["Carnage","Reckless Charge"],"picked":"Pummel","floor":7},{"not_picked":["Reckless Charge","Dual Wield"],"picked":"Fiend Fire","floor":10},{"not_picked":["Shrug It Off","Battle Trance"],"picked":"Immolate","floor":14},{"not_picked":["Brutality","Barricade"],"picked":"Immolate","floor":16},{"not_picked":["Headbutt","Clothesline"],"picked":"Rage","floor":18},{"not_picked":["Shrug It Off","Evolve"],"picked":"Armaments","floor":19},{"not_picked":["Cleave","Burning Pact","Havoc"],"picked":"SKIP","floor":20},{"not_picked":["Shrug It Off","Armaments","Hemokinesis"],"picked":"SKIP","floor":21},{"not_picked":["Carnage","Fire Breathing"],"picked":"Warcry+1","floor":24},{"not_picked":["Dropkick","Body Slam","Twin Strike"],"picked":"SKIP","floor":28},{"not_picked":["Headbutt","Anger"],"picked":"Flex+1","floor":29},{"not_picked":["Headbutt","Blood for Blood","Pommel Strike"],"picked":"SKIP","floor":31},{"not_picked":["Exhume+1","Demon Form"],"picked":"Berserk","floor":33},{"not_picked":["Burning Pact+1","Clash+1","Cleave"],"picked":"SKIP","floor":35},{"not_picked":["Wild Strike","Burning Pact+1"],"picked":"Heavy Blade","floor":39},{"not_picked":["Iron Wave","Anger"],"picked":"Warcry+1","floor":40},{"not_picked":["True Grit+1","Havoc+1"],"picked":"Heavy Blade+1","floor":45},{"not_picked":["Sentinel+1","Wild Strike","Barricade"],"picked":"SKIP","floor":46},{"not_picked":["Wild Strike+1","Combust"],"picked":"Sever Soul","floor":47},{"not_picked":["Body Slam","Shrug It Off+1"],"picked":"True Grit+1","floor":48}],"player_experience":1236930,"relics_obtained":[{"floor":6,"key":"TungstenRod"},{"floor":9,"key":"Bag of Marbles"},{"floor":10,"key":"Champion Belt"},{"floor":14,"key":"Ice Cream"},{"floor":24,"key":"Toxic Egg 2"},{"floor":26,"key":"Self Forming Clay"},{"floor":28,"key":"Pear"},{"floor":31,"key":"Sundial"},{"floor":40,"key":"InkBottle"},{"floor":43,"key":"Unceasing Top"},{"floor":46,"key":"Darkstone Periapt"}],"event_choices":[{"damage_healed":0,"gold_gain":0,"player_choice":"Success","damage_taken":5,"relics_obtained":["Potion Belt"],"max_hp_gain":0,"max_hp_loss":0,"event_name":"Scrap Ooze","floor":2,"gold_loss":0},{"cards_removed":["Strike_R"],"damage_healed":0,"gold_gain":0,"player_choice":"Card Removal","damage_taken":7,"max_hp_gain":0,"max_hp_loss":0,"event_name":"Golden Wing","floor":5,"gold_loss":0},{"damage_healed":0,"gold_gain":0,"player_choice":"Ignored","damage_taken":0,"max_hp_gain":0,"max_hp_loss":0,"event_name":"Ghosts","floor":22,"gold_loss":0},{"damage_healed":0,"gold_gain":0,"player_choice":"Read","damage_taken":0,"max_hp_gain":0,"max_hp_loss":0,"event_name":"The Library","floor":27,"gold_loss":0,"cards_obtained":["Berserk"]},{"cards_removed":["Battle Trance"],"damage_healed":0,"gold_gain":0,"player_choice":"Removed Skill","damage_taken":0,"max_hp_gain":0,"max_hp_loss":0,"event_name":"Falling","floor":36,"gold_loss":0},{"damage_healed":0,"gold_gain":0,"player_choice":"Ignored","damage_taken":0,"max_hp_gain":0,"max_hp_loss":0,"event_name":"Tomb of Lord Red Mask","floor":38,"gold_loss":0}],"is_beta":true,"boss_relics":[{"not_picked":["Philosopher\u0027s Stone","Runic Cube"],"picked":"Runic Pyramid"},{"not_picked":["SlaversCollar","Coffee Dripper"],"picked":"Velvet Choker"}],"items_purged_floors":[37],"is_endless":false,"potions_floor_spawned":[1,6,14,16,18,19,24,28,33,35,45,46,48],"ascension_level":20}