{"gold_per_floor":[15,34,44,44,44,75,93,93,117,132,183,183,217,235,235,331,331,351,361,134,134,209,209,235,235,235,267,93,8,21,21,21,125,125,138,153,199,199,211,211,243,91,91,119,19,19,31,42,42,42],"floor_reached":50,"playtime":2975,"items_purged":["Strike_R","Strike_R"],"score":655,"play_id":"b31c3af7-6ec6-47eb-a29c-560473f9f4ea","local_time":"20190912004431","is_ascension_mode":true,"campfire_choices":[{"floor":8,"key":"RECALL"},{"data":"Spot Weakness","floor":15,"key":"SMITH"},{"data":"Armaments","floor":23,"key":"SMITH"},{"floor":25,"key":"REST"},{"data":"Double Tap","floor":32,"key":"SMITH"},{"floor":40,"key":"REST"},{"floor":49,"key":"REST"}],"neow_cost":"NO_GOLD","seed_source_timestamp":691746304269900,"circlet_count":0,"master_deck":["Strike_R","Strike_R","Defend_R","Defend_R","Defend_R","Defend_R","Bash","Flex+1","Heavy Blade","Sword Boomerang","Heavy Blade","Armaments+1","Battle Trance","Heavy Blade","Spot Weakness+1","Cleave","Double Tap+1","Whirlwind","Sword Boomerang+1","Sever Soul","Violence","Feed","Seeing Red","Pommel Strike","Rage","Offering","True Grit+1","Warcry+1"],"relics":["Burning Blood","Nunchaku","Boot","MealTicket","Potion Belt","Mark of Pain","Vajra","Blue Candle","Bronze Scales","Sundial","Bag of Marbles","Shuriken","Cursed Key","Charon\u0027s Ashes","Omamori","ClockworkSouvenir","Ice Cream","Mummified Hand","WarpedTongs"],"potions_floor_usage":[3,13,18,18,19,33,36,41,41,48,50],"damage_taken":[{"damage":1,"enemies":"Cultist","floor":1,"turns":3},{"damage":3,"enemies":"Small Slimes","floor":2,"turns":2},{"damage":0,"enemies":"Jaw Worm","floor":3,"turns":2},{"damage":26,"enemies":"Lagavulin","floor":6,"turns":4},{"damage":3,"enemies":"Blue Slaver","floor":7,"turns":2},{"damage":3,"enemies":"3 Louse","floor":10,"turns":3},{"damage":0,"enemies":"Gremlin Nob","floor":13,"turns":2},{"damage":5,"enemies":"Gremlin Gang","floor":14,"turns":3},{"damage":17,"enemies":"Slime Boss","floor":16,"turns":7},{"damage":23,"enemies":"Shell Parasite","floor":18,"turns":5},{"damage":12,"enemies":"Chosen","floor":19,"turns":4},{"damage":35,"enemies":"Slavers","floor":24,"turns":3},{"damage":29,"enemies":"Book of Stabbing","floor":27,"turns":4},{"damage":19,"enemies":"Snake Plant","floor":30,"turns":2},{"damage":17,"enemies":"Champ","floor":33,"turns":5},{"damage":24,"enemies":"3 Darklings","floor":35,"turns":3},{"damage":0,"enemies":"Orb Walker","floor":36,"turns":1},{"damage":36,"enemies":"2 Orb Walkers","floor":37,"turns":3},{"damage":0,"enemies":"Jaw Worm Horde","floor":39,"turns":2},{"damage":64,"enemies":"Reptomancer","floor":41,"turns":3},{"damage":31,"enemies":"Nemesis","floor":44,"turns":6},{"damage":6,"enemies":"3 Darklings","floor":47,"turns":2},{"damage":11,"enemies":"Maw","floor":48,"turns":4},{"damage":58,"enemies":"Time Eater","floor":50,"turns":6}],"seed_played":"-2482989410516561055","potions_obtained":[{"floor":2,"key":"Block Potion"},{"floor":6,"key":"SpeedPotion"},{"floor":7,"key":"SteroidPotion"},{"floor":10,"key":"Block Potion"},{"floor":16,"key":"Regen Potion"},{"floor":30,"key":"SkillPotion"},{"floor":33,"key":"Poison Potion"},{"floor":35,"key":"Strength Potion"},{"floor":37,"key":"Poison Potion"},{"floor":41,"key":"Energy Potion"},{"floor":47,"key":"Energy Potion"}],"is_trial":false,"path_per_floor":["M","M","M","?","?","E","M","R","T","M","T","?","E","M","R","B",null,"M","M","$","?","T","R","E","R","T","E","$","?","M","$","R","B",null,"M","M","?","?","M","R","E","$","T","E","$","?","M","M","R","B"],"character_chosen":"IRONCLAD","items_purchased":["Vajra","Violence","ClockworkSouvenir"],"campfire_rested":3,"item_purchase_floors":[20,28,42],"current_hp_per_floor":[80,80,80,80,80,60,63,63,63,66,66,66,72,73,73,62,80,63,69,80,65,65,65,36,61,61,38,53,53,40,55,55,44,85,67,73,46,46,55,82,24,39,39,17,32,32,32,27,55,0],"gold":42,"neow_bonus":"ONE_RARE_RELIC","is_prod":false,"is_daily":false,"chose_seed":false,"campfire_upgraded":3,"win_rate":0,"timestamp":1568220271,"path_taken":["M","M","?","?","?","E","M","R","T","M","?","?","E","M","R","BOSS","M","?","$","?","?","R","E","R","T","E","?","?","M","$","R","BOSS","M","M","?","?","M","R","E","$","T","E","?","?","?","M","R","BOSS"],"build_version":"2019-09-10","purchased_purges":2,"victory":false,"max_hp_per_floor":[80,80,80,80,80,80,80,80,80,80,80,80,80,80,80,80,80,80,80,80,85,85,85,85,85,85,85,85,85,85,85,85,85,85,85,85,88,88,91,91,91,91,91,94,94,94,94,94,94,94],"card_choices":[{"not_picked":["Cleave","Disarm"],"picked":"Flex","floor":1},{"not_picked":["Pommel Strike","Clothesline"],"picked":"Heavy Blade","floor":2},{"not_picked":["Warcry","Twin Strike"],"picked":"Sword Boomerang","floor":3},{"not_picked":["Perfected Strike","Feel No Pain"],"picked":"Heavy Blade","floor":6},{"not_picked":["Pommel Strike","Sword Boomerang"],"picked":"Armaments","floor":7},{"not_picked":["Burning Pact","Iron Wave"],"picked":"Battle Trance","floor":10},{"not_picked":["Armaments","Wild Strike"],"picked":"Spot Weakness","floor":13},{"not_picked":["Ghostly Armor","Dual Wield"],"picked":"Cleave","floor":14},{"not_picked":["Berserk","Juggernaut"],"picked":"Double Tap","floor":16},{"not_picked":["Body Slam+1","Inflame"],"picked":"Whirlwind","floor":18},{"not_picked":["Wild Strike","Armaments","Body Slam"],"picked":"SKIP","floor":19},{"not_picked":["Armaments","Entrench"],"picked":"Sword Boomerang+1","floor":24},{"not_picked":["Anger","True Grit"],"picked":"Sever Soul","floor":27},{"not_picked":["Disarm+1","Armaments","True Grit"],"picked":"SKIP","floor":30},{"not_picked":["Juggernaut","Exhume"],"picked":"Feed","floor":33},{"not_picked":["Bloodletting","Thunderclap+1"],"picked":"Seeing Red","floor":35},{"not_picked":["Blood for Blood","Cleave+1","Metallicize"],"picked":"SKIP","floor":36},{"not_picked":["Flex","Intimidate"],"picked":"Pommel Strike","floor":37},{"not_picked":["Armaments","Headbutt"],"picked":"Rage","floor":39},{"not_picked":["Headbutt","Armaments+1"],"picked":"Offering","floor":41},{"not_picked":["Impervious","Wild Strike+1"],"picked":"True Grit+1","floor":44},{"not_picked":["Havoc","Blood for Blood","Hemokinesis+1"],"picked":"SKIP","floor":47},{"not_picked":["Twin Strike+1","Iron Wave"],"picked":"Warcry+1","floor":48}],"player_experience":113594,"relics_obtained":[{"floor":6,"key":"Boot"},{"floor":9,"key":"MealTicket"},{"floor":13,"key":"Potion Belt"},{"floor":22,"key":"Blue Candle"},{"floor":24,"key":"Bronze Scales"},{"floor":26,"key":"Sundial"},{"floor":27,"key":"Bag of Marbles"},{"floor":37,"key":"Charon\u0027s Ashes"},{"floor":41,"key":"Omamori"},{"floor":43,"key":"Ice Cream"},{"floor":44,"key":"Mummified Hand"}],"event_choices":[{"damage_healed":0,"gold_gain":0,"player_choice":"Leave","damage_taken":0,"max_hp_gain":0,"max_hp_loss":0,"event_name":"The Cleric","floor":4,"gold_loss":0},{"damage_healed":0,"gold_gain":0,"player_choice":"Grow","damage_taken":0,"max_hp_gain":0,"max_hp_loss":0,"event_name":"Living Wall","floor":5,"gold_loss":0,"cards_upgraded":["Flex"]},{"damage_healed":0,"gold_gain":0,"cards_transformed":["Strike_R"],"player_choice":"Transformed","damage_taken":0,"max_hp_gain":0,"max_hp_loss":0,"event_name":"Transmorgrifier","floor":12,"gold_loss":0,"cards_obtained":["Heavy Blade"]},{"damage_healed":0,"gold_gain":0,"player_choice":"Shed Blood","damage_taken":20,"max_hp_gain":5,"max_hp_loss":0,"event_name":"Forgotten Altar","floor":21,"gold_loss":0},{"damage_healed":0,"gold_gain":0,"player_choice":"Obtained Relic","damage_taken":0,"relics_obtained":["Shuriken"],"max_hp_gain":0,"max_hp_loss":0,"event_name":"Addict","floor":29,"gold_loss":85},{"damage_healed":0,"gold_gain":0,"player_choice":"Fight","damage_taken":0,"max_hp_gain":0,"max_hp_loss":0,"event_name":"Mysterious Sphere","floor":37,"gold_loss":0},{"damage_healed":0,"gold_gain":0,"player_choice":"Ignored","damage_taken":0,"max_hp_gain":0,"max_hp_loss":0,"event_name":"Tomb of Lord Red Mask","floor":38,"gold_loss":0},{"damage_healed":0,"gold_gain":0,"player_choice":"Rummage","damage_taken":0,"relics_obtained":["WarpedTongs"],"max_hp_gain":0,"max_hp_loss":0,"event_name":"Accursed Blacksmith","floor":46,"gold_loss":0,"cards_obtained":["Pain"]}],"is_beta":true,"boss_relics":[{"not_picked":["Runic Cube","Empty Cage"],"picked":"Mark of Pain"},{"not_picked":["Astrolabe","Velvet Choker"],"picked":"Cursed Key"}],"items_purged_floors":[20,45],"is_endless":false,"potions_floor_spawned":[2,6,7,10,16,30,33,35,37,41,47],"killed_by":"Time Eater","ascension_level":2}