{"gold_per_floor":[14,26,46,64,75,75,101,121,144,158,179,179,210,66,66,161,161,175,265,315,85,101,101,128,228,228,228,261,261,278,278,278,376,376,390,390,401,288,308,308,182,209,209,227,227,227,260,274,274,274],"floor_reached":50,"playtime":4988,"items_purged":["Strike_R"],"score":710,"play_id":"2ab63529-88f8-44d9-81a7-38ebb4cb1c11","local_time":"20180908003623","is_ascension_mode":true,"campfire_choices":[{"data":"Bash","floor":6,"key":"SMITH"},{"data":"Body Slam","floor":12,"key":"SMITH"},{"data":"Clothesline","floor":15,"key":"SMITH"},{"data":"Shockwave","floor":29,"key":"SMITH"},{"floor":32,"key":"REST"},{"floor":40,"key":"REST"},{"floor":46,"key":"REST"},{"floor":49,"key":"REST"}],"neow_cost":"NO_GOLD","seed_source_timestamp":2007449767636358,"circlet_count":0,"master_deck":["Strike_R+1","Strike_R+1","Defend_R+1","Defend_R+1","Defend_R+1","Defend_R+1","Bash+1","Iron Wave","Shrug It Off","Inflame","Feed+1","Rampage","Iron Wave+1","Body Slam+1","Burning Pact","Shrug It Off","Clothesline+1","Immolate","Shockwave+1","True Grit+1","Cleave","Bludgeon","Whirlwind","Warcry+1","Dark Shackles","Shrug It Off","Havoc+1","Sword Boomerang","Rupture","Madness","Madness","Dropkick+1","Brutality"],"relics":["Black Blood","Omamori","Happy Flower","Odd Mushroom","Thread and Needle","Juzu Bracelet","Sozu","Whetstone","Regal Pillow","Matryoshka","Ancient Tea Set","Blood Vial","Orichalcum","Potion Belt","Letter Opener"],"potions_floor_usage":[11,13,16,50],"damage_taken":[{"damage":10,"enemies":"Cultist","floor":1,"turns":5},{"damage":4,"enemies":"Jaw Worm","floor":2,"turns":5},{"damage":0,"enemies":"Small Slimes","floor":3,"turns":5},{"damage":3,"enemies":"Blue Slaver","floor":4,"turns":4},{"damage":5,"enemies":"Large Slime","floor":5,"turns":8},{"damage":19,"enemies":"Gremlin Nob","floor":7,"turns":4},{"damage":17,"enemies":"Red Slaver","floor":8,"turns":5},{"damage":5,"enemies":"2 Fungi Beasts","floor":10,"turns":3},{"damage":11,"enemies":"The Mushroom Lair","floor":11,"turns":4},{"damage":2,"enemies":"3 Sentries","floor":13,"turns":6},{"damage":54,"enemies":"Slime Boss","floor":16,"turns":11},{"damage":0,"enemies":"Chosen","floor":18,"turns":3},{"damage":0,"enemies":"Shell Parasite","floor":22,"turns":6},{"damage":3,"enemies":"Colosseum Slavers","floor":23,"turns":4},{"damage":18,"enemies":"Book of Stabbing","floor":24,"turns":7},{"damage":32,"enemies":"Slavers","floor":28,"turns":6},{"damage":8,"enemies":"Snake Plant","floor":30,"turns":4},{"damage":74,"enemies":"Collector","floor":33,"turns":13},{"damage":14,"enemies":"3 Shapes","floor":35,"turns":4},{"damage":30,"enemies":"3 Darklings","floor":37,"turns":4},{"damage":64,"enemies":"Spire Growth","floor":39,"turns":6},{"damage":40,"enemies":"2 Orb Walkers","floor":42,"turns":6},{"damage":35,"enemies":"Transient","floor":44,"turns":5},{"damage":23,"enemies":"Nemesis","floor":47,"turns":7},{"damage":16,"enemies":"Reptomancer","floor":48,"turns":5},{"damage":136,"enemies":"Awakened One","floor":50,"turns":14}],"seed_played":"3323591236732584938","potions_obtained":[{"floor":2,"key":"SkillPotion"},{"floor":3,"key":"PowerPotion"},{"floor":5,"key":"Fire Potion"},{"floor":11,"key":"Explosive Potion"}],"is_trial":false,"path_per_floor":["M","M","M","M","M","R","E","M","T","M","?","R","E","$","R","B",null,"M","?","?","$","M","?","E","?","T","?","E","R","M","?","R","B",null,"M","?","M","$","M","R","$","E","T","M","?","R","E","M","R"],"character_chosen":"IRONCLAD","items_purchased":["Juzu Bracelet","Whetstone","Dark Shackles","Shrug It Off","Sword Boomerang","Rupture"],"campfire_rested":4,"item_purchase_floors":[14,21,38,38,41,41],"current_hp_per_floor":[76,78,80,80,83,83,73,65,65,69,67,67,74,74,74,29,101,104,84,84,84,94,97,85,85,85,85,63,63,65,65,114,50,120,116,116,96,96,46,98,98,72,72,49,33,86,75,71,124,0],"gold":274,"neow_bonus":"REMOVE_TWO","is_prod":false,"is_daily":false,"chose_seed":false,"campfire_upgraded":4,"win_rate":0,"timestamp":1536392183,"path_taken":["M","?","M","M","M","R","E","M","T","M","?","R","E","$","R","BOSS","M","?","?","$","M","?","E","?","T","?","E","R","M","?","R","BOSS","M","?","M","$","M","R","$","E","T","M","?","R","E","M","R","BOSS"],"build_version":"2018-09-06","purchased_purges":1,"victory":false,"max_hp_per_floor":[80,80,80,80,83,83,86,89,89,92,95,95,98,98,98,101,101,104,104,104,104,108,108,108,108,108,108,112,112,116,116,116,120,120,120,120,120,120,124,124,124,128,128,128,128,128,128,128,128,132],"card_choices":[{"not_picked":["Headbutt","Second Wind"],"picked":"Iron Wave","floor":1},{"not_picked":["Thunderclap","Cleave"],"picked":"Shrug It Off","floor":2},{"not_picked":["Headbutt","Rage"],"picked":"Inflame","floor":3},{"not_picked":["Wild Strike","Clash"],"picked":"Feed","floor":4},{"not_picked":["Corruption","Thunderclap"],"picked":"Rampage","floor":5},{"not_picked":["Armaments","Clothesline"],"picked":"Iron Wave","floor":7},{"not_picked":["Wild Strike","Thunderclap"],"picked":"Body Slam","floor":8},{"not_picked":["Rampage","Fire Breathing"],"picked":"Burning Pact","floor":10},{"not_picked":["Havoc","Blood for Blood"],"picked":"Shrug It Off","floor":11},{"not_picked":["Carnage","Infernal Blade"],"picked":"Clothesline","floor":13},{"not_picked":["Exhume","Offering"],"picked":"Immolate","floor":16},{"not_picked":["Clothesline","Dual Wield","Heavy Blade"],"picked":"SKIP","floor":18},{"not_picked":["Anger","Cleave"],"picked":"Shockwave","floor":22},{"not_picked":["Dark Embrace","Ghostly Armor+1"],"picked":"True Grit+1","floor":24},{"not_picked":["Body Slam","Armaments","Pommel Strike+1"],"picked":"SKIP","floor":28},{"not_picked":["Flex","Flame Barrier"],"picked":"Cleave","floor":30},{"not_picked":["Juggernaut","Dark Embrace"],"picked":"Bludgeon","floor":33},{"not_picked":["Body Slam","Pommel Strike"],"picked":"Whirlwind","floor":35},{"not_picked":["Searing Blow","Burning Pact+1"],"picked":"Warcry+1","floor":37},{"not_picked":["Burning Pact+1","Flex+1"],"picked":"Havoc+1","floor":39},{"not_picked":["Searing Blow+1","Body Slam","Havoc+1"],"picked":"SKIP","floor":42},{"not_picked":["Wild Strike","Perfected Strike","True Grit+1"],"picked":"SKIP","floor":44},{"not_picked":["Twin Strike+1","Second Wind+1"],"picked":"Dropkick+1","floor":47},{"not_picked":["Heavy Blade","Burning Pact+1"],"picked":"Brutality","floor":48}],"player_experience":325263,"relics_obtained":[{"floor":7,"key":"Omamori"},{"floor":9,"key":"Happy Flower"},{"floor":11,"key":"Odd Mushroom"},{"floor":13,"key":"Thread and Needle"},{"floor":24,"key":"Regal Pillow"},{"floor":26,"key":"Matryoshka"},{"floor":28,"key":"Ancient Tea Set"},{"floor":42,"key":"Blood Vial"},{"floor":43,"key":"Orichalcum"},{"floor":43,"key":"Potion Belt"},{"floor":47,"key":"Letter Opener"}],"event_choices":[{"event_name":"Mushrooms","player_choice":"Fought Mushrooms","floor":11,"damage_taken":0},{"event_name":"Knowing Skull","player_choice":"GOLD ","floor":19,"damage_taken":0},{"event_name":"The Joust","player_choice":"Bet on Murderer","floor":20,"damage_taken":0},{"event_name":"Colosseum","player_choice":"Fight","floor":23,"damage_taken":0},{"event_name":"Colosseum","player_choice":"Fled From Nobs","floor":23,"damage_taken":0},{"event_name":"Golden Shrine","player_choice":"Pray","floor":25,"damage_taken":0},{"event_name":"Ghosts","player_choice":"Ignored","floor":27,"damage_taken":0},{"event_name":"Back to Basics","player_choice":"Simplicity","floor":31,"damage_taken":0},{"event_name":"The Lab","player_choice":"Got Potions","floor":36,"damage_taken":0},{"event_name":"Winding Halls","player_choice":"Embrace Madness","floor":45,"damage_taken":0}],"is_beta":false,"boss_relics":[{"not_picked":["Cursed Key","Philosopher\u0027s Stone"],"picked":"Sozu"},{"not_picked":["Calling Bell","Lizard Tail"],"picked":"Black Blood"}],"items_purged_floors":[21],"is_endless":false,"potions_floor_spawned":[2,3,5,8,11,18,23,24,30,33,37,42,47],"killed_by":"Awakened One","ascension_level":4}