{"gold_per_floor":[112,130,150,72,84,84,99,133,160,176,176,27,27,45,45,118,118,136,164,164,104],"floor_reached":21,"playtime":1335,"items_purged":["Strike_G"],"score":342,"play_id":"7a1843e5-b65c-447a-8744-1ceb02bb1506","local_time":"20180721172902","is_ascension_mode":true,"campfire_choices":[{"data":"Caltrops","floor":6.0,"key":"SMITH"},{"data":"Sucker Punch","floor":13.0,"key":"SMITH"},{"floor":15.0,"key":"REST"}],"neow_cost":"NONE","seed_source_timestamp":0,"circlet_count":0,"master_deck":["Defend_G","Defend_G+1","Defend_G","Defend_G","Defend_G","Strike_G","Strike_G","Strike_G","Strike_G","Survivor+1","Neutralize+1","AscendersBane","Expertise","PiercingWail","Caltrops+1","Well Laid Plans","Infinite Blades","Choke","Sucker Punch+1","Accuracy","Noxious Fumes","Acrobatics","Corpse Explosion","Prepared+1","Leg Sweep","Bullet Time","Ghostly","Ghostly","Ghostly","Ghostly","Ghostly"],"special_seed":0,"relics":["Ring of the Snake","Prayer Wheel","Regal Pillow","War Paint","WristBlade","Red Mask"],"potions_floor_usage":[],"damage_taken":[{"damage":1.0,"enemies":"Small Slimes","floor":1.0,"turns":5.0},{"damage":0.0,"enemies":"Cultist","floor":2.0,"turns":5.0},{"damage":3.0,"enemies":"2 Louse","floor":3.0,"turns":4.0},{"damage":0.0,"enemies":"Large Slime","floor":5.0,"turns":10.0},{"damage":3.0,"enemies":"Looter","floor":7.0,"turns":5.0},{"damage":14.0,"enemies":"3 Sentries","floor":8.0,"turns":8.0},{"damage":2.0,"enemies":"2 Fungi Beasts","floor":10.0,"turns":5.0},{"damage":10.0,"enemies":"3 Louse","floor":14.0,"turns":4.0},{"damage":18.0,"enemies":"The Guardian","floor":16.0,"turns":11.0},{"damage":2.0,"enemies":"Shell Parasite","floor":18.0,"turns":7.0},{"damage":56.0,"floor":19.0,"turns":4.0},{"damage":2,"enemies":"2 Thieves","floor":21,"turns":2}],"seed_played":"-6639883375580032771","potions_obtained":[{"floor":1.0,"key":"EssenceOfSteel"},{"floor":3.0,"key":"AttackPotion"},{"floor":7.0,"key":"FearPotion"},{"floor":14.0,"key":"AttackPotion"},{"floor":16.0,"key":"Poison Potion"},{"floor":18.0,"key":"Strength Potion"}],"is_trial":false,"path_per_floor":["M","M","M","$","M","R","M","E","T","M","?","$","R","M","R","B",null,"M","?","?"],"character_chosen":"THE_SILENT","items_purchased":["Well Laid Plans","Accuracy"],"campfire_rested":1,"item_purchase_floors":[4,12],"current_hp_per_floor":[58,58,55,55,55,55,52,38,38,36,36,36,36,26,60,42,60,58,2,2,0],"gold":104,"neow_bonus":"UPGRADE_CARD","is_prod":false,"is_daily":false,"chose_seed":false,"campfire_upgraded":2,"win_rate":0,"timestamp":1532219342,"path_taken":["M","M","M","$","M","R","M","E","T","M","?","$","R","M","R","BOSS","M","?","?","M"],"build_version":"2018-07-19","purchased_purges":1,"victory":false,"max_hp_per_floor":[66,66,66,66,66,66,66,66,66,66,66,66,66,66,66,66,66,66,66,33,33],"card_choices":[{"not_picked":["Setup","Distraction"],"picked":"Expertise","floor":1.0},{"not_picked":["Tactician","Deflect"],"picked":"PiercingWail","floor":2.0},{"not_picked":["Slice","Bane"],"picked":"Caltrops","floor":3.0},{"not_picked":["Acrobatics","Dagger Spray"],"picked":"Infinite Blades","floor":5.0},{"not_picked":["Caltrops","Dagger Throw"],"picked":"Choke","floor":7.0},{"not_picked":["Dodge and Roll","Poisoned Stab"],"picked":"Sucker Punch","floor":8.0},{"not_picked":["Catalyst","Quick Slash"],"picked":"Skewer","floor":10.0},{"not_picked":["Concentrate","Reflex","Expertise"],"picked":"SKIP","floor":10.0},{"not_picked":["Escape Plan","Backflip"],"picked":"Noxious Fumes","floor":14.0},{"not_picked":["Quick Slash","Eviscerate"],"picked":"Acrobatics","floor":14.0},{"not_picked":["Adrenaline","Unload"],"picked":"Corpse Explosion","floor":16.0},{"not_picked":["Outmaneuver","PiercingWail"],"picked":"Prepared+1","floor":18.0},{"not_picked":["Slice","Heel Hook"],"picked":"Leg Sweep","floor":18.0},{"not_picked":["Dagger Throw","Backflip"],"picked":"Bullet Time","floor":19.0}],"player_experience":856915,"relics_obtained":[{"floor":8.0,"key":"Prayer Wheel"},{"floor":9.0,"key":"Regal Pillow"},{"floor":19.0,"key":"Red Mask"}],"event_choices":[{"event_name":"WeMeetAgain","player_choice":"Card","floor":11.0,"damage_taken":0.0},{"event_name":"Masked Bandits","player_choice":"Fought over 136 gold","floor":19.0,"damage_taken":0.0},{"event_name":"Ghosts","player_choice":"Became a Ghost","floor":20.0,"damage_taken":0.0}],"is_beta":true,"boss_relics":[{"not_picked":["Ring of the Serpent","Orrery"],"picked":"WristBlade"}],"items_purged_floors":[12],"is_endless":false,"potions_floor_spawned":[1,3,7,14,16,18],"killed_by":"2 Thieves","ascension_level":15}