{"gold_per_floor":[115,126,146,221,61,61,26,26,26,354,368,368,387,65,65,138,138,150,165,11,11,11,11,39,39,39,39,0,0,0,14,14,91,91,104,104,104,53,65,65,82,82,108,139,139],"floor_reached":45,"playtime":2759,"items_purged":["Normality","Strike_R"],"score":914,"play_id":"1d0d17fa-d3c2-4645-8228-1f6f4e74e0bf","local_time":"20190321143936","is_ascension_mode":true,"campfire_choices":[{"data":"Uppercut","floor":6.0,"key":"SMITH"},{"data":"True Grit","floor":8.0,"key":"SMITH"},{"data":"Havoc","floor":12.0,"key":"SMITH"},{"floor":15.0,"key":"REST"},{"floor":23.0,"key":"REST"},{"data":"Flame Barrier","floor":25,"key":"SMITH"},{"floor":27,"key":"REST"},{"data":"Disarm","floor":30,"key":"SMITH"},{"data":"Shockwave","floor":32,"key":"SMITH"},{"data":"Corruption","floor":40,"key":"SMITH"},{"data":"Offering","floor":42,"key":"SMITH"}],"neow_cost":"CURSE","seed_source_timestamp":0,"circlet_count":0,"master_deck":["AscendersBane","Strike_R","Strike_R","Strike_R","Defend_R","Defend_R","Defend_R","Defend_R","Bash","Demon Form","Sword Boomerang","True Grit+1","Uppercut+1","Anger","Havoc+1","Shockwave+1","Offering+1","Disarm+1","Immolate","Battle Trance","True Grit+1","Reaper","Rupture","Flame Barrier+1","Spot Weakness","Metallicize","Impervious","Spot Weakness","Decay","Shrug It Off","Corruption+1","Heavy Blade"],"special_seed":0,"relics":["Burning Blood","Sundial","Old Coin","Eternal Feather","Meat on the Bone","Oddly Smooth Stone","Velvet Choker","Centennial Puzzle","Regal Pillow"],"potions_floor_usage":[24,31],"damage_taken":[{"damage":9.0,"enemies":"2 Louse","floor":1.0,"turns":3.0},{"damage":18.0,"enemies":"Small Slimes","floor":2.0,"turns":4.0},{"damage":9.0,"enemies":"Jaw Worm","floor":3.0,"turns":6.0},{"damage":23.0,"enemies":"3 Sentries","floor":10.0,"turns":11.0},{"damage":3.0,"enemies":"Exordium Thugs","floor":11.0,"turns":4.0},{"damage":6.0,"enemies":"3 Louse","floor":13.0,"turns":4.0},{"damage":37.0,"enemies":"The Guardian","floor":16.0,"turns":11.0},{"damage":39.0,"enemies":"Spheric Guardian","floor":18.0,"turns":7.0},{"damage":7.0,"enemies":"3 Byrds","floor":19.0,"turns":4.0},{"damage":47,"enemies":"Gremlin Leader","floor":24,"turns":6},{"damage":52,"enemies":"Shelled Parasite and Fungi","floor":31,"turns":8},{"damage":40,"enemies":"Champ","floor":33,"turns":11},{"damage":29,"enemies":"Orb Walker","floor":35,"turns":5},{"damage":30,"enemies":"3 Darklings","floor":39,"turns":6},{"damage":27,"enemies":"Writhing Mass","floor":41,"turns":10},{"damage":69,"enemies":"Nemesis","floor":44,"turns":9},{"damage":31,"enemies":"4 Shapes","floor":45,"turns":6}],"seed_played":"-763186986487644874","potions_obtained":[{"floor":2.0,"key":"EntropicBrew"},{"floor":10.0,"key":"Poison Potion"},{"floor":11.0,"key":"Energy Potion"},{"floor":18.0,"key":"Dexterity Potion"},{"floor":24,"key":"Regen Potion"},{"floor":39,"key":"Strength Potion"}],"is_trial":false,"path_per_floor":["M","M","M","?","$","R","?","R","T","E","M","R","M","$","R","B",null,"M","M","$","?","$","R","E","R","T","R","?","?","R","M","R","B",null,"M","?","?","$","M","R","M","R","T","E","M"],"character_chosen":"IRONCLAD","items_purchased":["SteroidPotion","Anger","Offering","Disarm","Dexterity Potion","Reaper","Shrug It Off"],"campfire_rested":3,"item_purchase_floors":[5,5,14,14,14,20,38],"current_hp_per_floor":[65,53,50,39,39,39,57,57,57,40,43,43,43,43,65,34,65,32,31,31,31,31,65,24,36,36,70,70,70,75,59,74,71,74,51,51,51,51,48,66,55,73,73,30,0],"gold":139,"neow_bonus":"THREE_RARE_CARDS","is_prod":false,"is_daily":false,"chose_seed":false,"campfire_upgraded":8,"win_rate":0,"timestamp":1553175576,"path_taken":["M","M","M","?","$","R","?","R","T","E","M","R","M","$","R","BOSS","M","M","$","?","?","R","E","R","T","R","?","?","R","M","R","BOSS","M","?","?","$","?","R","M","R","T","E","M"],"build_version":"2019-03-15","purchased_purges":2,"victory":false,"max_hp_per_floor":[75,75,75,75,75,75,75,75,75,75,75,75,75,75,75,75,75,75,75,75,75,75,75,75,75,75,75,75,75,75,75,75,75,75,75,75,75,75,75,75,75,75,75,75,75],"card_choices":[{"not_picked":["Exhume","Juggernaut"],"picked":"Demon Form","floor":0.0},{"not_picked":["Rage","Warcry"],"picked":"Sword Boomerang","floor":1.0},{"not_picked":["Flex","Thunderclap"],"picked":"True Grit","floor":2.0},{"not_picked":["Wild Strike","Shrug It Off"],"picked":"Uppercut","floor":3.0},{"not_picked":["Flex","Iron Wave","Pummel"],"picked":"SKIP","floor":10.0},{"not_picked":["Dropkick","Iron Wave"],"picked":"Havoc","floor":11.0},{"not_picked":["Dual Wield","Blood for Blood"],"picked":"Shockwave","floor":13.0},{"not_picked":["Brutality","Limit Break"],"picked":"Immolate","floor":16.0},{"not_picked":["Wild Strike","Armaments"],"picked":"Battle Trance","floor":18.0},{"not_picked":["Flex","Carnage"],"picked":"True Grit+1","floor":19.0},{"not_picked":["Dropkick","Perfected Strike"],"picked":"Flame Barrier","floor":24},{"not_picked":["Cleave","Combust"],"picked":"Metallicize","floor":31},{"not_picked":["Berserk","Reaper"],"picked":"Impervious","floor":33},{"not_picked":["Uppercut","Perfected Strike"],"picked":"Spot Weakness","floor":35},{"not_picked":["Headbutt+1","Warcry"],"picked":"Corruption","floor":39},{"not_picked":["Combust","Flex"],"picked":"Heavy Blade","floor":41},{"not_picked":["Infernal Blade","Heavy Blade","Wild Strike"],"picked":"SKIP","floor":44}],"player_experience":360747,"relics_obtained":[{"floor":9.0,"key":"Sundial"},{"floor":10.0,"key":"Old Coin"},{"floor":24,"key":"Meat on the Bone"},{"floor":26,"key":"Oddly Smooth Stone"},{"floor":43,"key":"Centennial Puzzle"},{"floor":44,"key":"Regal Pillow"}],"event_choices":[{"damage_healed":0.0,"max_hp_gain":0.0,"max_hp_loss":0.0,"gold_gain":75.0,"event_name":"World of Goop","player_choice":"Gather Gold","floor":4.0,"gold_loss":0.0,"damage_taken":11.0},{"damage_healed":18.0,"max_hp_gain":0.0,"max_hp_loss":0.0,"gold_gain":0.0,"event_name":"The Cleric","player_choice":"Healed","floor":7.0,"gold_loss":35.0,"damage_taken":0.0},{"damage_healed":0.0,"max_hp_gain":0.0,"max_hp_loss":0.0,"gold_gain":0.0,"cards_transformed":["Strike_R"],"event_name":"Transmorgrifier","player_choice":"Transformed","floor":21.0,"gold_loss":0.0,"damage_taken":0.0,"cards_obtained":["Rupture"]},{"damage_healed":0,"gold_gain":0,"player_choice":"Paid Fearfully","damage_taken":0,"max_hp_gain":0,"max_hp_loss":0,"event_name":"Masked Bandits","floor":28,"gold_loss":39},{"damage_healed":0,"gold_gain":0,"player_choice":"Read","damage_taken":0,"max_hp_gain":0,"max_hp_loss":0,"event_name":"The Library","floor":29,"gold_loss":0,"cards_obtained":["Spot Weakness"]},{"damage_healed":0,"gold_gain":0,"player_choice":"Ignored","damage_taken":0,"max_hp_gain":0,"max_hp_loss":0,"event_name":"Tomb of Lord Red Mask","floor":36,"gold_loss":0},{"damage_healed":0,"gold_gain":0,"player_choice":"Cursed","damage_taken":0,"max_hp_gain":0,"max_hp_loss":0,"event_name":"Wheel of Change","floor":37,"gold_loss":0,"cards_obtained":["Decay"]}],"is_beta":true,"boss_relics":[{"not_picked":["Empty Cage","Busted Crown"],"picked":"Eternal Feather"},{"not_picked":["Fusion Hammer","Astrolabe"],"picked":"Velvet Choker"}],"items_purged_floors":[5,14],"is_endless":false,"potions_floor_spawned":[2,10,11,18,24,39,41],"killed_by":"4 Shapes","ascension_level":20}