{"gold_per_floor":[114,127,139,153,166,166,200,200,200,214,248,259,285,285,285,387,387,405,405,417,417,3,3,21,34,34,66,86,86,101,101],"floor_reached":31,"playtime":2227,"items_purged":[],"score":348,"play_id":"32f8be93-9859-44d5-a01d-5b0b68c520a3","local_time":"20190813120248","is_ascension_mode":true,"campfire_choices":[{"data":"Fiend Fire","floor":6,"key":"SMITH"},{"floor":8,"key":"RECALL"},{"floor":15,"key":"REST"},{"data":"Trip","floor":23,"key":"SMITH"}],"neow_cost":"CURSE","seed_source_timestamp":344086759034900,"circlet_count":0,"master_deck":["Strike_R","Strike_R","Strike_R","Defend_R","Defend_R","Defend_R","Defend_R","Bash","Clumsy","Brutality","Pommel Strike","Dropkick","Anger","Fiend Fire+1","Pommel Strike","Combust","Rupture","Double Tap","Armaments","Blood for Blood","Limit Break","Shrug It Off","Warcry","Trip+1","Sadistic Nature","Dropkick","Twin Strike","Regret","Warcry","Metallicize+1","Sword Boomerang+1"],"relics":["Burning Blood","Mercury Hourglass","Paper Frog","Centennial Puzzle","Cursed Key","Calipers","Oddly Smooth Stone","Molten Egg 2","Unceasing Top"],"potions_floor_usage":[7,7,12,24,25,27,27,30,31],"damage_taken":[{"damage":2,"enemies":"Cultist","floor":1,"turns":3},{"damage":4,"enemies":"2 Louse","floor":2,"turns":3},{"damage":8,"enemies":"Jaw Worm","floor":3,"turns":4},{"damage":5,"enemies":"Large Slime","floor":4,"turns":5},{"damage":4,"enemies":"3 Louse","floor":5,"turns":4},{"damage":22,"enemies":"Lagavulin","floor":7,"turns":4},{"damage":8,"enemies":"Exordium Thugs","floor":10,"turns":3},{"damage":33,"enemies":"3 Sentries","floor":11,"turns":5},{"damage":0,"enemies":"Exordium Wildlife","floor":12,"turns":1},{"damage":23,"enemies":"Lagavulin","floor":13,"turns":4},{"damage":3,"enemies":"Slime Boss","floor":16,"turns":3},{"damage":27,"enemies":"2 Thieves","floor":18,"turns":3},{"damage":5,"enemies":"Chosen","floor":20,"turns":2},{"damage":17,"enemies":"Centurion and Healer","floor":24,"turns":4},{"damage":30,"enemies":"Sentry and Sphere","floor":25,"turns":6},{"damage":20,"enemies":"Gremlin Leader","floor":27,"turns":3},{"damage":10,"enemies":"Cultist and Chosen","floor":28,"turns":2},{"damage":15,"enemies":"Snecko","floor":30,"turns":5},{"damage":16,"enemies":"Sentry and Sphere","floor":31,"turns":3}],"seed_played":"-5931068126065139740","potions_obtained":[{"floor":1,"key":"SteroidPotion"},{"floor":3,"key":"SteroidPotion"},{"floor":10,"key":"SpeedPotion"},{"floor":11,"key":"Explosive Potion"},{"floor":16,"key":"Regen Potion"},{"floor":20,"key":"SteroidPotion"},{"floor":25,"key":"PowerPotion"},{"floor":27,"key":"SteroidPotion"},{"floor":30,"key":"Energy Potion"}],"is_trial":false,"path_per_floor":["M","M","M","M","M","R","E","R","T","M","E","M","E","?","R","B",null,"M","?","M","?","$","R","M","M","T","E","M","?","M","M"],"character_chosen":"IRONCLAD","items_purchased":["Oddly Smooth Stone","Trip","Sadistic Nature"],"campfire_rested":1,"item_purchase_floors":[22,22,22],"current_hp_per_floor":[80,80,78,79,80,80,64,64,64,62,35,41,24,17,41,44,80,59,59,60,60,60,60,58,34,34,20,16,16,7,0],"gold":101,"neow_bonus":"THREE_RARE_CARDS","is_prod":false,"is_daily":false,"chose_seed":false,"campfire_upgraded":2,"win_rate":1,"timestamp":1565668968,"path_taken":["M","M","?","M","M","R","E","R","T","M","E","M","E","?","R","BOSS","M","?","M","?","$","R","M","M","T","E","M","?","M","M"],"build_version":"2019-07-17","purchased_purges":0,"victory":false,"max_hp_per_floor":[80,80,80,80,80,80,80,80,80,80,80,80,80,80,80,80,80,80,80,80,80,80,80,80,80,80,80,80,80,80,80],"card_choices":[{"not_picked":["Impervious","Berserk"],"picked":"Brutality","floor":0},{"not_picked":["Rampage","Anger"],"picked":"Pommel Strike","floor":1},{"not_picked":["Shockwave","Whirlwind"],"picked":"Dropkick","floor":2},{"not_picked":["Heavy Blade","Clash"],"picked":"Anger","floor":3},{"not_picked":["True Grit","Second Wind"],"picked":"Fiend Fire","floor":4},{"not_picked":["Reckless Charge","Anger"],"picked":"Pommel Strike","floor":5},{"not_picked":["Body Slam","Fire Breathing"],"picked":"Combust","floor":7},{"not_picked":["Armaments","Iron Wave"],"picked":"Rupture","floor":10},{"not_picked":["Perfected Strike","Twin Strike"],"picked":"Double Tap","floor":11},{"not_picked":["Flex","True Grit"],"picked":"Armaments","floor":12},{"not_picked":["Berserk","Searing Blow"],"picked":"Blood for Blood","floor":13},{"not_picked":["Berserk","Double Tap"],"picked":"Limit Break","floor":16},{"not_picked":["Clash+1","Battle Trance"],"picked":"Shrug It Off","floor":18},{"not_picked":["Headbutt","Corruption+1"],"picked":"Warcry","floor":20},{"not_picked":["Anger","Headbutt"],"picked":"Dropkick","floor":24},{"not_picked":["True Grit","Iron Wave"],"picked":"Twin Strike","floor":25},{"not_picked":["Pommel Strike+1","Barricade"],"picked":"Warcry","floor":27},{"not_picked":["Burning Pact","Spot Weakness"],"picked":"Metallicize+1","floor":28},{"not_picked":["Warcry","Cleave+1"],"picked":"Sword Boomerang+1","floor":30}],"player_experience":18617,"relics_obtained":[{"floor":7,"key":"Mercury Hourglass"},{"floor":11,"key":"Paper Frog"},{"floor":13,"key":"Centennial Puzzle"},{"floor":26,"key":"Molten Egg 2"},{"floor":27,"key":"Unceasing Top"}],"event_choices":[{"cards_removed":["Strike_R"],"damage_healed":0,"gold_gain":0,"player_choice":"Card Removal","damage_taken":7,"max_hp_gain":0,"max_hp_loss":0,"event_name":"Golden Wing","floor":14,"gold_loss":0},{"damage_healed":0,"gold_gain":0,"player_choice":"Ignored","damage_taken":0,"max_hp_gain":0,"max_hp_loss":0,"event_name":"Ghosts","floor":19,"gold_loss":0},{"damage_healed":0,"gold_gain":0,"player_choice":"Opened","damage_taken":0,"relics_obtained":["Calipers"],"max_hp_gain":0,"max_hp_loss":0,"event_name":"The Mausoleum","floor":21,"gold_loss":0},{"cards_removed":["Strike_R"],"damage_healed":0,"gold_gain":0,"player_choice":"Purged","damage_taken":0,"max_hp_gain":0,"max_hp_loss":0,"event_name":"Purifier","floor":29,"gold_loss":0}],"is_beta":false,"boss_relics":[{"not_picked":["Sozu","Tiny House"],"picked":"Cursed Key"}],"items_purged_floors":[],"is_endless":false,"potions_floor_spawned":[1,3,10,11,16,20,25,27,30],"killed_by":"Sentry and Sphere","ascension_level":1}