{"gold_per_floor":[118,118,9,29,53,53,88,88,88,106,130,151,151,189,189,279,279,302,302,321,335,347,374,374,393,474,499,43,43,362,393,393,470,470,483,287,287,6,51,84,84,110,110,3,3,16,16,27,27,27,27],"floor_reached":52,"playtime":2720,"items_purged":[],"score":2731,"play_id":"7afc3e08-2646-40f8-9e87-dde9cd9dd4ec","local_time":"20190829125147","daily_mods":["SealedDeck","Vintage","Heirloom","DeadlyEvents"],"is_ascension_mode":true,"campfire_choices":[{"data":"Barrage","floor":6.0,"key":"SMITH"},{"data":"Genetic Algorithm","floor":8.0,"key":"SMITH"},{"data":"Beam Cell","floor":13.0,"key":"SMITH"},{"data":"Beam Cell","floor":15.0,"key":"SMITH"},{"data":"1","floor":24.0,"key":"LIFT"},{"data":"2","floor":29.0,"key":"LIFT"},{"data":"3","floor":32.0,"key":"LIFT"},{"data":"Go for the Eyes","floor":41.0,"key":"SMITH"},{"data":"FTL","floor":45.0,"key":"SMITH"},{"data":"Cold Snap","floor":47.0,"key":"SMITH"},{"data":"Cold Snap","floor":49.0,"key":"SMITH"}],"neow_cost":"","seed_source_timestamp":0,"circlet_count":0,"master_deck":["AscendersBane","Barrage+1","Cold Snap+1","Cold Snap+1","Cold Snap+1","Leap+1","Beam Cell+1","Auto Shields+1","FTL+1","Beam Cell+1","Genetic Algorithm+1","Defragment+1","Machine Learning+1","Seek+1","Capacitor+1","BootSequence+1","Skim+1","Multi-Cast+1","Biased Cognition+1","Go for the Eyes+1","Reinforced Body+1","Cold Snap+1","Coolheaded+1","Dark Shackles+1"],"special_seed":0,"relics":["Cracked Core","FossilizedHelix","Strawberry","Bloody Idol","Sundial","Frozen Egg 2","Omamori","Question Card","Singing Bowl","Toxic Egg 2","Torii","Vajra","Regal Pillow","Cursed Key","PreservedInsect","Girya","Bag of Marbles","Blue Candle","Pen Nib","Cables","Tiny Chest","Centennial Puzzle","Du-Vu Doll","Old Coin","Darkstone Periapt","Black Star","Kunai","Whetstone","Bottled Lightning","Nunchaku","Oddly Smooth Stone","War Paint","Shuriken","Bag of Preparation","Molten Egg 2","Dead Branch","Gremlin Horn"],"potions_floor_usage":[50,51],"damage_taken":[{"damage":0.0,"enemies":"Small Slimes","floor":1.0,"turns":2.0},{"damage":0.0,"enemies":"2 Louse","floor":4.0,"turns":3.0},{"damage":0.0,"enemies":"Gremlin Nob","floor":7.0,"turns":3.0},{"damage":0.0,"enemies":"Cultist","floor":10.0,"turns":2.0},{"damage":0.0,"enemies":"Exordium Wildlife","floor":11.0,"turns":2.0},{"damage":0.0,"enemies":"Exordium Thugs","floor":12.0,"turns":4.0},{"damage":0.0,"enemies":"Lagavulin","floor":14.0,"turns":4.0},{"damage":0.0,"enemies":"Slime Boss","floor":16.0,"turns":8.0},{"damage":0.0,"enemies":"2 Thieves","floor":18.0,"turns":3.0},{"damage":0.0,"enemies":"Spheric Guardian","floor":20.0,"turns":4.0},{"damage":0.0,"enemies":"Snake Plant","floor":21.0,"turns":3.0},{"damage":0.0,"enemies":"Chosen and Byrds","floor":22.0,"turns":4.0},{"damage":0.0,"enemies":"Slavers","floor":23.0,"turns":5.0},{"damage":0.0,"enemies":"Shelled Parasite and Fungi","floor":25.0,"turns":3.0},{"damage":0.0,"enemies":"Book of Stabbing","floor":27.0,"turns":3.0},{"damage":0.0,"enemies":"Snecko","floor":30.0,"turns":3.0},{"damage":0.0,"enemies":"Gremlin Leader","floor":31.0,"turns":3.0},{"damage":0.0,"enemies":"Automaton","floor":33.0,"turns":6.0},{"damage":0.0,"enemies":"3 Shapes","floor":35.0,"turns":5.0},{"damage":0.0,"enemies":"2 Orb Walkers","floor":39.0,"turns":5.0},{"damage":0.0,"enemies":"Reptomancer","floor":40.0,"turns":4.0},{"damage":0.0,"enemies":"Nemesis","floor":42.0,"turns":7.0},{"damage":0.0,"enemies":"3 Darklings","floor":46.0,"turns":3.0},{"damage":0.0,"enemies":"Jaw Worm Horde","floor":48.0,"turns":3.0},{"damage":0,"enemies":"Time Eater","floor":50,"turns":5},{"damage":0,"enemies":"Awakened One","floor":51,"turns":12}],"seed_played":"-5713175226147991116","potions_obtained":[{"floor":7.0,"key":"Fire Potion"},{"floor":10.0,"key":"Block Potion"},{"floor":16.0,"key":"SpeedPotion"},{"floor":18.0,"key":"Swift Potion"},{"floor":21.0,"key":"EssenceOfSteel"},{"floor":31.0,"key":"Ancient Potion"},{"floor":33.0,"key":"SpeedPotion"},{"floor":39.0,"key":"FocusPotion"},{"floor":40.0,"key":"Energy Potion"}],"is_trial":true,"path_per_floor":["M","?","?","M","T","R","E","R","T","M","M","M","R","E","R","B",null,"M","?","M","M","M","E","R","M","T","E","$","R","M","E","R","B",null,"M","$","?","$","?","E","R","E","T","$","R","M","R","M","R","B","B",null],"character_chosen":"DEFECT","items_purchased":["Du-Vu Doll","BootSequence+1","Skim+1","Go for the Eyes","Whetstone","Bottled Lightning","Dark Shackles+1"],"campfire_rested":0,"item_purchase_floors":[28,28,28,36,36,38,44],"current_hp_per_floor":[71,71,71,71,71,71,71,71,71,71,71,71,71,71,71,71,71,71,71,71,71,71,71,71,71,71,71,71,71,71,71,71,71,71,71,71,71,71,71,71,71,71,71,71,71,71,71,71,71,71,71],"gold":27,"neow_bonus":"","is_prod":false,"is_daily":false,"chose_seed":false,"campfire_upgraded":8,"win_rate":0,"timestamp":1567108307,"path_taken":["M","?","?","?","?","R","?","R","T","M","M","M","R","E","R","BOSS","M","?","M","?","M","E","R","?","T","E","$","R","M","E","R","BOSS","M","$","?","$","?","E","R","E","T","?","R","M","R","M","R","BOSS","BOSS"],"build_version":"2019-08-26","purchased_purges":0,"victory":true,"max_hp_per_floor":[78,71,71,71,71,71,71,71,71,71,71,71,71,71,71,71,71,71,71,71,71,71,71,71,71,71,71,71,71,71,71,71,71,71,71,71,71,71,71,71,71,71,71,71,71,71,71,71,71,71,71],"card_choices":[{"not_picked":["Coolheaded","Turbo"],"picked":"Genetic Algorithm","floor":7.0},{"not_picked":["Genetic Algorithm+1","Conserve Battery+1","Force Field+1"],"picked":"Defragment+1","floor":14.0},{"not_picked":["Electrodynamics+1","Multi-Cast+1","All For One"],"picked":"Machine Learning+1","floor":16.0},{"not_picked":["Undo+1","Sweeping Beam+1","Fusion+1"],"picked":"Seek+1","floor":23.0},{"not_picked":["Steam+1","Barrage+1","Ball Lightning+1"],"picked":"Capacitor+1","floor":27.0},{"not_picked":["Hologram+1","Steam+1","Lockon+1"],"picked":"Multi-Cast+1","floor":31.0},{"not_picked":["Machine Learning+1","Core Surge","Multi-Cast+1"],"picked":"Biased Cognition+1","floor":33.0},{"not_picked":["Conserve Battery+1","Cold Snap","Go for the Eyes"],"picked":"Reinforced Body+1","floor":39.0},{"not_picked":["Scrape+1","Static Discharge+1","Double Energy+1"],"picked":"Cold Snap","floor":40.0},{"not_picked":["Leap+1","Sweeping Beam","Rainbow+1"],"picked":"Coolheaded+1","floor":42.0}],"player_experience":3577713,"relics_obtained":[{"floor":1.0,"key":"Strawberry"},{"floor":4.0,"key":"Frozen Egg 2"},{"floor":5.0,"key":"Omamori"},{"floor":7.0,"key":"Question Card"},{"floor":9.0,"key":"Singing Bowl"},{"floor":10.0,"key":"Toxic Egg 2"},{"floor":11.0,"key":"Torii"},{"floor":12.0,"key":"Vajra"},{"floor":14.0,"key":"Regal Pillow"},{"floor":18.0,"key":"PreservedInsect"},{"floor":20.0,"key":"Girya"},{"floor":21.0,"key":"Bag of Marbles"},{"floor":22.0,"key":"Blue Candle"},{"floor":23.0,"key":"Pen Nib"},{"floor":25.0,"key":"Cables"},{"floor":26.0,"key":"Tiny Chest"},{"floor":27.0,"key":"Centennial Puzzle"},{"floor":30.0,"key":"Old Coin"},{"floor":31.0,"key":"Darkstone Periapt"},{"floor":35.0,"key":"Kunai"},{"floor":39.0,"key":"Nunchaku"},{"floor":40.0,"key":"Oddly Smooth Stone"},{"floor":40.0,"key":"War Paint"},{"floor":42.0,"key":"Shuriken"},{"floor":42.0,"key":"Bag of Preparation"},{"floor":43.0,"key":"Molten Egg 2"},{"floor":46.0,"key":"Dead Branch"},{"floor":48.0,"key":"Gremlin Horn"}],"event_choices":[{"damage_healed":0.0,"max_hp_gain":0.0,"max_hp_loss":7.0,"gold_gain":0.0,"event_name":"Golden Idol","player_choice":"Lose Max HP","floor":2.0,"gold_loss":0.0,"damage_taken":0.0,"relics_obtained":["Golden Idol"]},{"damage_healed":0.0,"max_hp_gain":0.0,"max_hp_loss":0.0,"gold_gain":0.0,"event_name":"WeMeetAgain","player_choice":"Paid Gold","floor":3.0,"gold_loss":109.0,"damage_taken":0.0,"relics_obtained":["Sundial"]},{"damage_healed":0.0,"max_hp_gain":0.0,"max_hp_loss":0.0,"gold_gain":0.0,"event_name":"Forgotten Altar","player_choice":"Gave Idol","floor":19.0,"relics_lost":["Golden Idol"],"gold_loss":0.0,"damage_taken":0.0,"relics_obtained":["Bloody Idol"]},{"cards_removed":["Conserve Battery"],"damage_healed":0.0,"max_hp_gain":0.0,"max_hp_loss":0.0,"gold_gain":0.0,"event_name":"Falling","player_choice":"Removed Skill","floor":37.0,"gold_loss":0.0,"damage_taken":0.0},{"damage_healed":0.0,"max_hp_gain":0.0,"max_hp_loss":0.0,"gold_gain":0.0,"event_name":"Mysterious Sphere","player_choice":"Fight","floor":39.0,"gold_loss":0.0,"damage_taken":0.0}],"is_beta":true,"boss_relics":[{"not_picked":["Snecko Eye","Lizard Tail"],"picked":"Cursed Key"},{"not_picked":["Eternal Feather","Empty Cage"],"picked":"Black Star"}],"items_purged_floors":[],"is_endless":false,"potions_floor_spawned":[7,10,16,18,21,31,33,39,40,42,48],"ascension_level":20}