{"gold_per_floor":[112,125,137,137,152,152,196,215,215,235,235,235,189,210,210,300,300,320,339,539,454,454],"floor_reached":22,"playtime":1125,"items_purged":[],"score":348,"play_id":"c1c02051-7554-4e4b-bb32-8e6675912fbd","local_time":"20181025004836","is_ascension_mode":true,"campfire_choices":[{"data":"Neutralize","floor":6.0,"key":"SMITH"},{"data":"Deadly Poison","floor":11.0,"key":"SMITH"},{"floor":15,"key":"REST"}],"neow_cost":"NONE","seed_source_timestamp":0,"circlet_count":0,"master_deck":["Defend_G","Defend_G","Defend_G","Defend_G","Defend_G","Strike_G","Strike_G","Strike_G","Strike_G","Strike_G","Survivor","Neutralize+1","AscendersBane","PiercingWail","Cloak And Dagger","Poisoned Stab","Backstab","Deadly Poison+1","Sucker Punch","Well Laid Plans","Heel Hook","A Thousand Cuts","Heel Hook"],"special_seed":0,"relics":["Ring of the Snake","Golden Idol","Mercury Hourglass","Matryoshka","Busted Crown","PreservedInsect"],"potions_floor_usage":[16],"damage_taken":[{"damage":3.0,"enemies":"2 Louse","floor":1.0,"turns":4.0},{"damage":2.0,"enemies":"Jaw Worm","floor":2.0,"turns":6.0},{"damage":2.0,"enemies":"Cultist","floor":3.0,"turns":5.0},{"damage":5.0,"enemies":"Blue Slaver","floor":5.0,"turns":6.0},{"damage":30.0,"enemies":"Gremlin Nob","floor":7.0,"turns":5.0},{"damage":14.0,"enemies":"Large Slime","floor":8.0,"turns":6.0},{"damage":0.0,"enemies":"Red Slaver","floor":10.0,"turns":3.0},{"damage":0.0,"enemies":"Looter","floor":14.0,"turns":3.0},{"damage":4,"enemies":"The Guardian","floor":16,"turns":11},{"damage":18,"enemies":"Spheric Guardian","floor":18,"turns":6},{"damage":18,"enemies":"Shell Parasite","floor":19,"turns":5},{"damage":23,"enemies":"Cultist and Chosen","floor":22,"turns":5}],"seed_played":"-8592075758875679178","potions_obtained":[{"floor":2.0,"key":"Regen Potion"},{"floor":5.0,"key":"EssenceOfSteel"},{"floor":8.0,"key":"SpeedPotion"},{"floor":16,"key":"SpeedPotion"}],"is_trial":false,"path_per_floor":["M","M","M","?","M","R","E","M","T","M","R","?","?","M","R","B",null,"M","M","?","?"],"character_chosen":"THE_SILENT","items_purchased":[],"campfire_rested":1,"item_purchase_floors":[],"current_hp_per_floor":[62,60,58,58,53,53,23,9,9,18,18,18,18,18,37,33,57,39,21,21,21,0],"gold":454,"neow_bonus":"TEN_PERCENT_HP_BONUS","is_prod":false,"is_daily":false,"chose_seed":false,"campfire_upgraded":2,"win_rate":0,"timestamp":1540453716,"path_taken":["M","M","M","?","M","R","E","M","T","?","R","?","?","M","R","BOSS","M","M","?","?","M"],"build_version":"2018-10-24","purchased_purges":0,"victory":false,"max_hp_per_floor":[72,72,72,65,65,65,65,65,65,65,65,65,65,65,65,65,65,65,65,65,65,65],"card_choices":[{"not_picked":["Deflect","Prepared"],"picked":"PiercingWail","floor":1.0},{"not_picked":["Escape Plan","Deadly Poison"],"picked":"Cloak And Dagger","floor":2.0},{"not_picked":["Accuracy","Choke"],"picked":"Poisoned Stab","floor":3.0},{"not_picked":["Prepared","Finisher"],"picked":"Backstab","floor":5.0},{"not_picked":["Doppelganger","Acrobatics"],"picked":"Deadly Poison","floor":7.0},{"not_picked":["Flying Knee","PiercingWail"],"picked":"Sucker Punch","floor":8.0},{"not_picked":["Expertise","Leg Sweep"],"picked":"Well Laid Plans","floor":10.0},{"not_picked":["Reflex","Sucker Punch"],"picked":"Heel Hook","floor":14},{"not_picked":["Bullet Time","Grand Finale"],"picked":"A Thousand Cuts","floor":16},{"not_picked":["Dodge and Roll"],"picked":"SKIP","floor":18},{"not_picked":[],"picked":"Heel Hook","floor":19}],"player_experience":985502,"relics_obtained":[{"floor":7.0,"key":"Mercury Hourglass"},{"floor":9.0,"key":"Matryoshka"}],"event_choices":[{"damage_healed":0.0,"max_hp_gain":0.0,"max_hp_loss":7.0,"gold_gain":0.0,"event_name":"Golden Idol","player_choice":"Lose Max HP","floor":4.0,"gold_loss":0.0,"damage_taken":0.0,"relics_obtained":["Golden Idol"]},{"damage_healed":0.0,"max_hp_gain":0.0,"max_hp_loss":0.0,"gold_gain":0.0,"event_name":"Shining Light","player_choice":"Ignored","floor":12.0,"gold_loss":0.0,"damage_taken":0.0},{"damage_healed":0.0,"max_hp_gain":0.0,"max_hp_loss":0.0,"gold_gain":0.0,"event_name":"World of Goop","player_choice":"Left Gold","floor":13.0,"gold_loss":46.0,"damage_taken":0.0},{"damage_healed":0,"gold_gain":250,"player_choice":"Bet on Owner","damage_taken":0,"max_hp_gain":0,"max_hp_loss":0,"event_name":"The Joust","floor":20,"gold_loss":50},{"damage_healed":0,"gold_gain":0,"player_choice":"Obtained Relic","damage_taken":0,"relics_obtained":["PreservedInsect"],"max_hp_gain":0,"max_hp_loss":0,"event_name":"Addict","floor":21,"gold_loss":85}],"is_beta":true,"boss_relics":[{"not_picked":["White Beast Statue","Velvet Choker"],"picked":"Busted Crown"}],"items_purged_floors":[],"is_endless":false,"potions_floor_spawned":[2,5,8,16],"killed_by":"Cultist and Chosen","ascension_level":17}