{"gold_per_floor":[115,133,308,383,383,409,421,421,421,433,443,457,473,90,90,90],"floor_reached":16,"playtime":1734,"items_purged":["Strike_R"],"score":104,"play_id":"1ae267f9-d21b-4973-a824-fcef0a0e2312","local_time":"20181024114151","is_ascension_mode":false,"campfire_choices":[{"floor":8.0,"key":"REST"},{"floor":15.0,"key":"REST"}],"neow_cost":"","seed_source_timestamp":0,"circlet_count":0,"master_deck":["Strike_R","Strike_R","Strike_R","Strike_R","Defend_R","Defend_R","Defend_R","Defend_R","Bash","Cleave","Carnage","Doubt","Regret","Thunderclap","Feel No Pain","Corruption","True Grit","Sever Soul","True Grit","Good Instincts","Twin Strike","Panache"],"special_seed":0,"relics":["Burning Blood","Gremlin Horn","Happy Flower","Red Skull"],"potions_floor_usage":[],"damage_taken":[{"damage":12.0,"enemies":"Cultist","floor":1.0,"turns":5.0},{"damage":8.0,"enemies":"2 Louse","floor":2.0,"turns":2.0},{"damage":38.0,"enemies":"3 Sentries","floor":6.0,"turns":9.0},{"damage":14.0,"enemies":"Jaw Worm","floor":7.0,"turns":3.0},{"damage":15.0,"enemies":"Exordium Wildlife","floor":10.0,"turns":3.0},{"damage":12.0,"enemies":"Looter","floor":11.0,"turns":2.0},{"damage":11.0,"enemies":"Large Slime","floor":12.0,"turns":4.0},{"damage":0.0,"enemies":"Exordium Thugs","floor":13.0,"turns":2.0},{"damage":60,"enemies":"The Guardian","floor":16,"turns":5}],"seed_played":"-7373084670115105256","potions_obtained":[{"floor":1.0,"key":"Weak Potion"},{"floor":6.0,"key":"SkillPotion"},{"floor":7.0,"key":"SpeedPotion"}],"is_trial":false,"path_per_floor":["M","M","?","?","?","E","M","R","T","M","M","M","M","$","R"],"character_chosen":"IRONCLAD","items_purchased":["Good Instincts","Twin Strike","Panache"],"campfire_rested":2,"item_purchase_floors":[14,14,14],"current_hp_per_floor":[74,72,72,61,61,29,21,45,45,36,30,25,31,31,55,0],"gold":90,"neow_bonus":"","is_prod":false,"is_daily":false,"chose_seed":false,"campfire_upgraded":0,"win_rate":0.0,"timestamp":1540395711,"path_taken":["M","?","?","?","?","E","M","R","T","?","M","M","M","$","R","BOSS"],"build_version":"2018-10-18","purchased_purges":1,"victory":false,"max_hp_per_floor":[80,80,80,80,80,80,80,80,80,80,80,80,80,80,80,80],"card_choices":[{"not_picked":["Fire Breathing","Pummel"],"picked":"Cleave","floor":1.0},{"not_picked":["Flex","Shrug It Off"],"picked":"Carnage","floor":2.0},{"not_picked":["Bludgeon","Cleave"],"picked":"Thunderclap","floor":6.0},{"not_picked":["Bloodletting","Armaments"],"picked":"Feel No Pain","floor":7.0},{"not_picked":["Rage","Cleave"],"picked":"Corruption","floor":10.0},{"not_picked":["Rupture","Infernal Blade"],"picked":"True Grit","floor":11.0},{"not_picked":["Thunderclap","Clash"],"picked":"Sever Soul","floor":12.0},{"not_picked":["Shrug It Off","Pommel Strike"],"picked":"True Grit","floor":13.0}],"player_experience":0,"relics_obtained":[{"floor":6.0,"key":"Happy Flower"},{"floor":9.0,"key":"Red Skull"}],"event_choices":[{"damage_healed":0.0,"max_hp_gain":0.0,"max_hp_loss":0.0,"gold_gain":175.0,"event_name":"Liars Game","player_choice":"AGREE","floor":3.0,"gold_loss":0.0,"damage_taken":0.0,"cards_obtained":["Doubt"]},{"damage_healed":0.0,"max_hp_gain":0.0,"max_hp_loss":0.0,"gold_gain":75.0,"event_name":"World of Goop","player_choice":"Gather Gold","floor":4.0,"gold_loss":0.0,"damage_taken":11.0},{"damage_healed":0.0,"max_hp_gain":0.0,"max_hp_loss":0.0,"gold_gain":0.0,"event_name":"Big Fish","player_choice":"Box","floor":5.0,"gold_loss":0.0,"damage_taken":0.0,"relics_obtained":["Gremlin Horn"],"cards_obtained":["Regret"]}],"is_beta":false,"boss_relics":[],"items_purged_floors":[14],"is_endless":false,"potions_floor_spawned":[1,6,7],"killed_by":"The Guardian","ascension_level":0}