{"gold_per_floor":[219,219,70,85,97,97,129,141,167,199,199],"floor_reached":11,"playtime":525,"items_purged":[],"score":166,"play_id":"e111fe88-a417-4262-b0ef-6bb736de5838","local_time":"20190524235713","is_ascension_mode":true,"campfire_choices":[{"data":"Bash","floor":6,"key":"SMITH"}],"neow_cost":"NONE","seed_source_timestamp":2508258332646607,"circlet_count":0,"master_deck":["AscendersBane","Strike_R","Strike_R","Strike_R","Strike_R","Strike_R","Defend_R","Defend_R","Defend_R+1","Defend_R","Bash+1","Anger","Limit Break","Intimidate+1","Rampage","Armaments","Iron Wave"],"relics":["Burning Blood","War Paint","Smiling Mask","Potion Belt"],"potions_floor_usage":[10,10,11],"damage_taken":[{"damage":0,"enemies":"2 Louse","floor":1,"turns":3},{"damage":4,"enemies":"Jaw Worm","floor":4,"turns":4},{"damage":7,"enemies":"Cultist","floor":5,"turns":4},{"damage":40,"enemies":"Lagavulin","floor":7,"turns":6},{"damage":15,"enemies":"Exordium Thugs","floor":8,"turns":6},{"damage":17,"enemies":"3 Sentries","floor":10,"turns":5},{"damage":20,"enemies":"Gremlin Gang","floor":11,"turns":3}],"seed_played":"6968120642908027071","potions_obtained":[{"floor":7,"key":"AttackPotion"},{"floor":8,"key":"AttackPotion"},{"floor":10,"key":"PowerPotion"}],"is_trial":false,"path_per_floor":["M","?","$","M","M","R","E","M","T","E","M"],"character_chosen":"IRONCLAD","items_purchased":["Limit Break"],"campfire_rested":0,"item_purchase_floors":[3],"current_hp_per_floor":[74,74,74,75,74,74,40,31,31,20,0],"gold":199,"neow_bonus":"HUNDRED_GOLD","is_prod":false,"is_daily":false,"chose_seed":false,"campfire_upgraded":1,"win_rate":0,"timestamp":1558767433,"path_taken":["M","?","$","M","M","R","E","M","T","E","M"],"build_version":"2019-05-24v2","purchased_purges":0,"victory":false,"max_hp_per_floor":[75,75,75,75,75,75,75,75,75,75,75],"card_choices":[{"not_picked":["Sword Boomerang","Pommel Strike"],"picked":"Anger","floor":1},{"not_picked":["Havoc","Blood for Blood"],"picked":"Intimidate","floor":4},{"not_picked":["Heavy Blade","Pommel Strike"],"picked":"Rampage","floor":5},{"not_picked":["Entrench","Body Slam"],"picked":"Armaments","floor":7},{"not_picked":["Bloodletting","Cleave","Intimidate"],"picked":"SKIP","floor":8},{"not_picked":["Fire Breathing","Intimidate"],"picked":"Iron Wave","floor":10}],"player_experience":1269081,"relics_obtained":[{"floor":7,"key":"War Paint"},{"floor":9,"key":"Smiling Mask"},{"floor":10,"key":"Potion Belt"}],"event_choices":[{"damage_healed":0,"gold_gain":0,"player_choice":"Leave","damage_taken":0,"max_hp_gain":0,"max_hp_loss":0,"event_name":"The Cleric","floor":2,"gold_loss":0}],"is_beta":true,"boss_relics":[],"items_purged_floors":[],"is_endless":false,"potions_floor_spawned":[7,8,10],"killed_by":"Gremlin Gang","ascension_level":20}