{"path_per_floor":["M","M","?","$","M","R","?","M","T","M","R","E","$","E","R","B",null,"M","?","$","M","M","R","E","R","T","?","M"],"character_chosen":"DEFECT","items_purchased":["Self Repair","Letter Opener","Leap","BootSequence"],"gold_per_floor":[365,375,375,0,18,18,18,36,117,131,131,164,41,70,70,142,142,162,162,1,14,30,30,55,55,55,55,73,73],"floor_reached":29,"campfire_rested":0,"playtime":1504,"item_purchase_floors":[],"current_hp_per_floor":[60,54,47,47,53,53,53,50,50,64,64,63,63,47,47,32,61,52,52,52,48,51,51,24,24,24,24,56,0],"items_purged":["Strike_B","Strike_B","Strike_B"],"gold":73,"score":443,"play_id":"c8798993-094d-4672-99cf-94614037dc59","local_time":"20180622023430","is_prod":false,"is_daily":false,"chose_seed":false,"is_ascension_mode":true,"campfire_upgraded":5,"win_rate":0,"timestamp":1529660070,"campfire_choices":[{"data":"Zap","floor":6.0,"key":"SMITH"},{"data":"Creative AI","floor":11.0,"key":"SMITH"},{"data":"Heatsinks","floor":15.0,"key":"SMITH"},{"data":"Self Repair","floor":23.0,"key":"SMITH"},{"data":"Hologram","floor":25,"key":"SMITH"}],"path_taken":["M","M","?","$","M","R","?","M","T","M","R","E","?","E","R","BOSS","M","?","$","M","M","R","E","R","T","?","M","M"],"build_version":"2018-06-21","seed_source_timestamp":0,"purchased_purges":3,"circlet_count":0,"victory":false,"master_deck":["Strike_B","Defend_B","Defend_B","Defend_B","Defend_B","Zap+1","Dualcast","AscendersBane","Gash","Cold Snap","Self Repair+1","FTL","Creative AI+1","Leap","Cold Snap","Leap","Heatsinks+1","Amplify","Hologram+1","Force Field","BootSequence","Amplify","Leap+1","Coolheaded+1"],"max_hp_per_floor":[71,71,71,71,71,71,71,71,71,71,71,71,71,71,71,71,71,71,71,71,71,71,71,71,71,71,71,71,71],"special_seed":0,"relics":["Cracked Core","Letter Opener","Meat on the Bone","Bronze Scales","Ice Cream","Runic Dome","Potion Belt","Centennial Puzzle"],"card_choices":[{"not_picked":["Barrage","Beam Cell"],"picked":"Gash","floor":1.0},{"not_picked":["Aggregate","Redo"],"picked":"Cold Snap","floor":2.0},{"not_picked":["Barrage","Compile Driver"],"picked":"FTL","floor":5.0},{"not_picked":["Turbo","Stack"],"picked":"Creative AI","floor":8.0},{"not_picked":["Hello World","Beam Cell"],"picked":"Leap","floor":10.0},{"not_picked":["Redo","Ball Lightning"],"picked":"Cold Snap","floor":12.0},{"not_picked":["Turbo","Cold Snap"],"picked":"Heatsinks","floor":14.0},{"not_picked":["Rainbow","All For One"],"picked":"Amplify","floor":16.0},{"not_picked":["Compile Driver","Steam"],"picked":"Hologram","floor":18.0},{"not_picked":["Barrage","Beam Cell"],"picked":"Amplify","floor":21.0},{"not_picked":["Compile Driver","Sweeping Beam","Hologram"],"picked":"SKIP","floor":22.0},{"not_picked":["Cold Snap","Thunder Strike"],"picked":"Leap+1","floor":24},{"not_picked":["Beam Cell","Cold Snap"],"picked":"Coolheaded+1","floor":28}],"player_experience":716066,"potions_floor_usage":[],"damage_taken":[{"damage":4.0,"enemies":"Jaw Worm","floor":1.0,"turns":4.0},{"damage":6.0,"enemies":"2 Louse","floor":2.0,"turns":3.0},{"damage":1.0,"enemies":"Small Slimes","floor":5.0,"turns":3.0},{"damage":3.0,"enemies":"3 Louse","floor":8.0,"turns":2.0},{"damage":0.0,"enemies":"Large Slime","floor":10.0,"turns":5.0},{"damage":8.0,"enemies":"Lagavulin","floor":12.0,"turns":7.0},{"damage":23.0,"enemies":"Gremlin Nob","floor":14.0,"turns":4.0},{"damage":34.0,"enemies":"The Guardian","floor":16.0,"turns":9.0},{"damage":9.0,"enemies":"Spheric Guardian","floor":18.0,"turns":3.0},{"damage":11.0,"enemies":"2 Thieves","floor":21.0,"turns":4.0},{"damage":16.0,"enemies":"Snake Plant","floor":22.0,"turns":4.0},{"damage":49,"enemies":"Slavers","floor":24,"turns":6},{"damage":0,"enemies":"3 Cultists","floor":28,"turns":5},{"damage":62,"enemies":"Cultist and Chosen","floor":29,"turns":9}],"relics_obtained":[{"floor":9.0,"key":"Meat on the Bone"},{"floor":12.0,"key":"Bronze Scales"},{"floor":14.0,"key":"Ice Cream"},{"floor":24,"key":"Potion Belt"},{"floor":26,"key":"Centennial Puzzle"}],"event_choices":[{"event_name":"Golden Wing","player_choice":"Card Removal","floor":3.0,"damage_taken":0.0},{"event_name":"The Cleric","player_choice":"Leave","floor":7.0,"damage_taken":0.0},{"event_name":"The Library","player_choice":"Read","floor":19.0,"damage_taken":0.0},{"event_name":"Addict","player_choice":"Ignored","floor":27,"damage_taken":0}],"boss_relics":[{"not_picked":["Black Star","Coffee Dripper"],"picked":"Runic Dome"}],"items_purged_floors":[],"is_endless":false,"potions_floor_spawned":[1,5,10,12,24],"seed_played":"-1057335364379929687","killed_by":"Cultist and Chosen","ascension_level":15,"potions_obtained":[{"floor":1.0,"key":"Poison Potion"},{"floor":5.0,"key":"Strength Potion"},{"floor":12.0,"key":"LiquidBronze"},{"floor":24,"key":"SkillPotion"}],"is_trial":false}