{"gold_per_floor":[110,30,44,60,74,74,74,86,112,112,112,146,146,160,160,231,231,245,263,313,313,313],"floor_reached":22,"playtime":809,"items_purged":[],"score":326,"play_id":"2991896e-32d6-4422-9a8b-15712435226f","local_time":"20180731192901","is_ascension_mode":true,"campfire_choices":[{"data":"Zap","floor":6,"key":"SMITH"},{"data":"Streamline","floor":11,"key":"SMITH"},{"data":"Defragment","floor":13,"key":"SMITH"},{"floor":15,"key":"REST"}],"neow_cost":"","seed_source_timestamp":1980151237696897,"circlet_count":0,"master_deck":["Strike_B","Strike_B+1","Strike_B","Strike_B","Defend_B","Defend_B","Defend_B","Defend_B","Zap+1","Dualcast","AscendersBane","Cold Snap","Defragment+1","Streamline+1","Self Repair","Capacitor","Echo Form+1","Hologram","Go for the Eyes","Biased Cognition","Conserve Battery","Leap"],"relics":["Cracked Core","Boot","Ancient Tea Set","Busted Crown"],"potions_floor_usage":[5,14],"damage_taken":[{"damage":7,"enemies":"Jaw Worm","floor":1,"turns":3},{"damage":6,"enemies":"Cultist","floor":3,"turns":4},{"damage":0,"enemies":"2 Louse","floor":4,"turns":2},{"damage":0,"enemies":"Exordium Thugs","floor":5,"turns":4},{"damage":9,"enemies":"Looter","floor":8,"turns":3},{"damage":9,"enemies":"Lagavulin","floor":12,"turns":7},{"damage":15,"enemies":"Gremlin Gang","floor":14,"turns":5},{"damage":13,"enemies":"Slime Boss","floor":16,"turns":8},{"damage":22,"enemies":"Shell Parasite","floor":18,"turns":6},{"damage":22,"enemies":"Spheric Guardian","floor":19,"turns":4},{"damage":44,"enemies":"3 Cultists","floor":22,"turns":5}],"seed_played":"-4823197472078155107","potions_obtained":[{"floor":4,"key":"Explosive Potion"},{"floor":8,"key":"PowerPotion"},{"floor":16,"key":"Energy Potion"}],"is_trial":false,"path_per_floor":["M","$","M","M","M","R","?","M","T","?","R","E","R","M","R","B",null,"M","M","?","?"],"character_chosen":"DEFECT","items_purchased":["Defragment"],"campfire_rested":1,"item_purchase_floors":[2],"current_hp_per_floor":[57,57,51,51,58,58,58,56,56,35,35,40,40,32,53,54,67,52,30,30,44,0],"gold":313,"neow_bonus":"","is_prod":false,"is_daily":false,"chose_seed":false,"campfire_upgraded":3,"win_rate":0,"timestamp":1533090541,"path_taken":["M","$","M","M","M","R","?","M","T","?","R","E","R","M","R","BOSS","M","M","?","?","M"],"build_version":"2018-07-30","purchased_purges":0,"victory":false,"max_hp_per_floor":[71,71,71,71,71,71,71,71,71,71,71,71,71,71,71,71,71,71,71,71,71,71],"card_choices":[{"not_picked":["Leap","Sweeping Beam"],"picked":"Cold Snap","floor":1},{"not_picked":["Fusion","Cold Snap"],"picked":"Streamline","floor":3},{"not_picked":["Redo","Skim"],"picked":"Self Repair","floor":4},{"not_picked":["Beam Cell","Leap"],"picked":"Capacitor","floor":5},{"not_picked":["Genetic Algorithm","Leap"],"picked":"Echo Form","floor":8},{"not_picked":["Ball Lightning","Hyperbeam"],"picked":"Hologram","floor":12},{"not_picked":["Steam","Beam Cell"],"picked":"Go for the Eyes","floor":14},{"not_picked":["Core Surge","Reboot"],"picked":"Biased Cognition","floor":16},{"not_picked":[],"picked":"Conserve Battery","floor":18},{"not_picked":[],"picked":"Leap","floor":19}],"player_experience":889989,"relics_obtained":[{"floor":9,"key":"Boot"},{"floor":12,"key":"Ancient Tea Set"}],"event_choices":[{"event_name":"Liars Game","player_choice":"disagreed","floor":7,"damage_taken":0},{"event_name":"Shining Light","player_choice":"Entered Light","floor":10,"damage_taken":0},{"event_name":"Nest","player_choice":"Stole From Cult","floor":20,"damage_taken":0},{"event_name":"The Library","player_choice":"Heal","floor":21,"damage_taken":0}],"is_beta":true,"boss_relics":[{"not_picked":["Empty Cage","Orrery"],"picked":"Busted Crown"}],"items_purged_floors":[],"is_endless":false,"potions_floor_spawned":[4,8,16],"killed_by":"3 Cultists","ascension_level":15}