{"gold_per_floor":[363,14,14,0,0,29,29,62,62,62,75,95,130,149,149,252,252,270,286,110,110,110,110,435,447,447,11,11,76,76,94,94,190,190,207,220,220,20,31,60,60,70,70,70,19,29,59,75,75,75],"floor_reached":51,"playtime":4098,"items_purged":["Strike_B","Strike_B","Strike_B","Strike_B"],"score":1049,"play_id":"bb77436f-9f13-4cb8-82a7-d816e93fe081","local_time":"20190430012811","is_ascension_mode":true,"campfire_choices":[{"floor":7.0,"key":"REST"},{"data":"Buffer","floor":15.0,"key":"SMITH"},{"data":"Biased Cognition","floor":23.0,"key":"SMITH"},{"data":"Apotheosis","floor":30.0,"key":"SMITH"},{"floor":32.0,"key":"REST"},{"floor":44,"key":"REST"},{"floor":49,"key":"REST"}],"neow_cost":"PERCENT_DAMAGE","seed_source_timestamp":130318811293323,"circlet_count":0,"master_deck":["Defend_B","Defend_B","Defend_B","Defend_B","Zap","Dualcast","Ball Lightning","Ball Lightning","Static Discharge","Chill","Buffer+1","Steam Power","White Noise","Biased Cognition+1","Chill","Coolheaded","Sweeping Beam","Conserve Battery","Barrage+1","Apotheosis+1","Hologram","Consume","Thunder Strike","Aggregate","Cold Snap+1","Hologram","Undo","Turbo","Doom and Gloom","Stack"],"special_seed":0,"relics":["Cracked Core","Orichalcum","Ornamental Fan","Omamori","Gremlin Horn","Darkstone Periapt","Cursed Key","Old Coin","Matryoshka","Membership Card","Bronze Scales","Tiny Chest","Black Star","ClockworkSouvenir","Regal Pillow","Boot","Blood Vial","Bottled Flame"],"potions_floor_usage":[47,48,50,50],"damage_taken":[{"damage":0.0,"enemies":"Cultist","floor":1.0,"turns":4.0},{"damage":29.0,"enemies":"Gremlin Nob","floor":6.0,"turns":4.0},{"damage":19.0,"enemies":"3 Sentries","floor":8.0,"turns":5.0},{"damage":0.0,"enemies":"Small Slimes","floor":11.0,"turns":3.0},{"damage":5.0,"enemies":"Jaw Worm","floor":12.0,"turns":2.0},{"damage":15.0,"enemies":"Lagavulin","floor":13.0,"turns":5.0},{"damage":2.0,"enemies":"2 Fungi Beasts","floor":14.0,"turns":2.0},{"damage":24.0,"enemies":"Hexaghost","floor":16.0,"turns":9.0},{"damage":4.0,"enemies":"Shell Parasite","floor":18.0,"turns":4.0},{"damage":2.0,"enemies":"Chosen","floor":19.0,"turns":5.0},{"damage":0.0,"enemies":"Slavers","floor":24.0,"turns":5.0},{"damage":0.0,"enemies":"Snecko","floor":25.0,"turns":5.0},{"damage":13.0,"enemies":"Book of Stabbing","floor":29.0,"turns":5.0},{"damage":0.0,"enemies":"Centurion and Healer","floor":31.0,"turns":3.0},{"damage":0.0,"enemies":"Collector","floor":33.0,"turns":8.0},{"damage":0.0,"enemies":"3 Shapes","floor":35.0,"turns":3.0},{"damage":0.0,"enemies":"3 Darklings","floor":36.0,"turns":4.0},{"damage":0.0,"enemies":"Transient","floor":39.0,"turns":5.0},{"damage":70.0,"enemies":"Giant Head","floor":40.0,"turns":8.0},{"damage":0.0,"enemies":"Maw","floor":42.0,"turns":7.0},{"damage":0,"enemies":"Spire Growth","floor":46,"turns":5},{"damage":8,"enemies":"Nemesis","floor":47,"turns":6},{"damage":1,"enemies":"Transient","floor":48,"turns":5},{"damage":52,"enemies":"Awakened One","floor":50,"turns":14}],"seed_played":"1267644299902173845","potions_obtained":[{"floor":6.0,"key":"Energy Potion"},{"floor":8.0,"key":"PowerPotion"},{"floor":19.0,"key":"Weak Potion"},{"floor":21.0,"key":"Ancient Potion"},{"floor":25.0,"key":"SkillPotion"},{"floor":31.0,"key":"EssenceOfSteel"},{"floor":40.0,"key":"Regen Potion"},{"floor":42.0,"key":"Poison Potion"},{"floor":46,"key":"Fire Potion"},{"floor":47,"key":"PowerPotion"}],"is_trial":false,"path_per_floor":["M","$","?","?","?","E","R","E","T","?","M","M","E","M","R","B",null,"M","M","$","?","$","R","E","M","T","$","T","E","R","M","R","B",null,"M","M","?","$","M","E","?","M","T","R","$","M","E","M","R","B",null],"character_chosen":"DEFECT","items_purchased":["LiquidBronze","Orichalcum","Swift Potion","Dexterity Potion","Sweeping Beam","Membership Card","Apotheosis","Bronze Scales","ClockworkSouvenir","Hologram","Swift Potion","SteroidPotion"],"campfire_rested":4,"item_purchase_floors":[2,2,2,20,20,27,27,27,38,38,45,45],"current_hp_per_floor":[50,50,55,55,55,26,50,31,31,51,51,46,31,29,29,5,61,57,55,55,55,55,55,55,55,55,55,55,42,42,42,66,66,77,77,77,77,77,77,7,7,22,22,61,61,61,53,54,80,28],"gold":75,"neow_bonus":"TWO_FIFTY_GOLD","is_prod":false,"is_daily":false,"chose_seed":false,"campfire_upgraded":3,"win_rate":0,"timestamp":1556580491,"path_taken":["M","$","?","?","?","E","R","E","T","?","M","?","E","M","R","BOSS","M","M","$","?","?","R","E","?","T","$","?","E","R","M","R","BOSS","M","?","?","$","M","E","?","M","T","R","?","M","E","M","R","BOSS"],"build_version":"2019-04-23","purchased_purges":4,"victory":true,"max_hp_per_floor":[75,75,80,80,80,80,80,80,80,80,80,80,80,80,80,80,80,80,80,80,80,80,80,80,80,80,80,80,80,80,80,80,80,80,80,80,80,80,80,80,80,80,80,80,80,80,80,80,80,80],"card_choices":[{"not_picked":["Cold Snap","Rebound"],"picked":"Ball Lightning","floor":1.0},{"not_picked":["Tempest","Scrape"],"picked":"Ball Lightning","floor":6.0},{"not_picked":["Storm","Skim"],"picked":"Static Discharge","floor":8.0},{"not_picked":["Rebound","Beam Cell"],"picked":"Chill","floor":11.0},{"not_picked":["Rebound","Sweeping Beam"],"picked":"Buffer","floor":12.0},{"not_picked":["Hologram","Redo"],"picked":"Steam Power","floor":13.0},{"not_picked":["Stack","Compile Driver"],"picked":"White Noise","floor":14.0},{"not_picked":["Core Surge","Hyperbeam"],"picked":"Biased Cognition","floor":16.0},{"not_picked":["Leap","Aggregate"],"picked":"Chill","floor":18.0},{"not_picked":["Skim","Chill"],"picked":"Coolheaded","floor":19.0},{"not_picked":["Consume","Barrage+1"],"picked":"Conserve Battery","floor":24.0},{"not_picked":["Tempest","White Noise"],"picked":"Barrage+1","floor":25.0},{"not_picked":["Hyperbeam","Streamline"],"picked":"Hologram","floor":29.0},{"not_picked":["Reprogram","Heatsinks"],"picked":"Consume","floor":31.0},{"not_picked":["Rainbow","Fission"],"picked":"Thunder Strike","floor":33.0},{"not_picked":["Chaos+1","Double Energy"],"picked":"Aggregate","floor":35.0},{"not_picked":["Compile Driver","Blizzard"],"picked":"Cold Snap+1","floor":36.0},{"not_picked":["Scrape","Streamline","Hologram"],"picked":"SKIP","floor":39.0},{"not_picked":["Cold Snap","Melter","All For One"],"picked":"SKIP","floor":40.0},{"not_picked":["Stack","Double Energy"],"picked":"Undo","floor":42.0},{"not_picked":["Sweeping Beam","Ball Lightning"],"picked":"Turbo","floor":46},{"not_picked":["Barrage","Redo"],"picked":"Doom and Gloom","floor":47},{"not_picked":["Sweeping Beam","Static Discharge+1"],"picked":"Stack","floor":48}],"player_experience":518227,"relics_obtained":[{"floor":6.0,"key":"Ornamental Fan"},{"floor":8.0,"key":"Omamori"},{"floor":9.0,"key":"Gremlin Horn"},{"floor":13.0,"key":"Darkstone Periapt"},{"floor":24.0,"key":"Old Coin"},{"floor":26.0,"key":"Matryoshka"},{"floor":29.0,"key":"Tiny Chest"},{"floor":40.0,"key":"Regal Pillow"},{"floor":40.0,"key":"Boot"},{"floor":47,"key":"Blood Vial"},{"floor":47,"key":"Bottled Flame"}],"event_choices":[{"damage_healed":0.0,"max_hp_gain":5.0,"max_hp_loss":0.0,"gold_gain":0.0,"event_name":"Big Fish","player_choice":"Donut","floor":3.0,"gold_loss":0.0,"damage_taken":0.0},{"damage_healed":0.0,"max_hp_gain":0.0,"max_hp_loss":0.0,"gold_gain":0.0,"event_name":"World of Goop","player_choice":"Left Gold","floor":4.0,"gold_loss":14.0,"damage_taken":0.0},{"damage_healed":0.0,"max_hp_gain":0.0,"max_hp_loss":0.0,"gold_gain":0.0,"event_name":"The Cleric","player_choice":"Leave","floor":5.0,"gold_loss":0.0,"damage_taken":0.0},{"damage_healed":20.0,"max_hp_gain":0.0,"max_hp_loss":0.0,"gold_gain":0.0,"event_name":"Mushrooms","player_choice":"Healed and dodged fight","floor":10.0,"gold_loss":0.0,"damage_taken":0.0,"cards_obtained":["Parasite"]},{"damage_healed":0.0,"max_hp_gain":0.0,"max_hp_loss":0.0,"gold_gain":0.0,"event_name":"Lab","player_choice":"Got Potions","floor":21.0,"gold_loss":0.0,"damage_taken":0.0},{"damage_healed":0.0,"max_hp_gain":0.0,"max_hp_loss":0.0,"gold_gain":0.0,"event_name":"Tomb of Lord Red Mask","player_choice":"Ignored","floor":37.0,"gold_loss":0.0,"damage_taken":0.0},{"damage_healed":0.0,"max_hp_gain":0.0,"max_hp_loss":0.0,"gold_gain":0.0,"event_name":"Mysterious Sphere","player_choice":"Ignored","floor":41.0,"gold_loss":0.0,"damage_taken":0.0}],"is_beta":true,"boss_relics":[{"not_picked":["Calling Bell","Sozu"],"picked":"Cursed Key"},{"not_picked":["Snecko Eye","Velvet Choker"],"picked":"Black Star"}],"items_purged_floors":[2,20,27,38],"is_endless":false,"potions_floor_spawned":[6,8,14,19,25,31,40,42,46,47],"ascension_level":6}