{"gold_per_floor":[114,129,141,141,66,66,92,103,103,103,114,114,139,139,139,139],"floor_reached":16,"playtime":591,"items_purged":["Strike_R"],"score":270,"play_id":"29f34b27-0eb5-4f2a-9aac-8e3f253f84ca","local_time":"20181101012943","is_ascension_mode":true,"campfire_choices":[{"data":"Bash","floor":6,"key":"SMITH"},{"floor":10,"key":"REST"},{"data":"Demon Form","floor":15,"key":"SMITH"}],"neow_cost":"NONE","seed_source_timestamp":3536577773161058,"circlet_count":0,"master_deck":["AscendersBane","Strike_R","Strike_R","Strike_R+1","Strike_R+1","Defend_R","Defend_R","Defend_R","Defend_R","Bash+1","Offering","Shrug It Off","Cleave","Iron Wave","Headbutt","Barricade+1","Inflame","Regret","Demon Form+1"],"relics":["Burning Blood","PreservedInsect","Bag of Preparation","Mummified Hand"],"potions_floor_usage":[8,13],"damage_taken":[{"damage":12,"enemies":"Small Slimes","floor":1,"turns":5},{"damage":11,"enemies":"Cultist","floor":2,"turns":4},{"damage":8,"enemies":"Jaw Worm","floor":3,"turns":3},{"damage":21,"enemies":"3 Sentries","floor":7,"turns":7},{"damage":13,"enemies":"Gremlin Gang","floor":8,"turns":3},{"damage":6,"enemies":"Blue Slaver","floor":11,"turns":3},{"damage":6,"enemies":"Gremlin Nob","floor":13,"turns":2},{"damage":33,"enemies":"Slime Boss","floor":16,"turns":7}],"seed_played":"-4860654438475006161","potions_obtained":[{"floor":3,"key":"Poison Potion"},{"floor":11,"key":"AttackPotion"}],"is_trial":false,"path_per_floor":["M","M","M","?","$","R","E","M","T","R","M","?","E","?","R","B"],"character_chosen":"IRONCLAD","items_purchased":[],"campfire_rested":1,"item_purchase_floors":[],"current_hp_per_floor":[62,57,55,32,32,32,17,10,10,32,32,32,32,32,32,0],"gold":139,"neow_bonus":"ONE_RANDOM_RARE_CARD","is_prod":false,"is_daily":false,"chose_seed":false,"campfire_upgraded":2,"win_rate":0,"timestamp":1541060983,"path_taken":["M","M","M","?","$","R","E","M","T","R","M","?","E","?","R","BOSS"],"build_version":"2018-10-31v2","purchased_purges":1,"victory":false,"max_hp_per_floor":[75,75,75,75,75,75,75,75,75,75,75,75,75,75,75,75],"card_choices":[{"not_picked":["Perfected Strike","Heavy Blade"],"picked":"Shrug It Off","floor":1},{"not_picked":["Blood for Blood","Power Through"],"picked":"Cleave","floor":2},{"not_picked":["Wild Strike","Heavy Blade"],"picked":"Iron Wave","floor":3},{"not_picked":["Clash","Pummel"],"picked":"Headbutt","floor":7},{"not_picked":["Power Through","Entrench"],"picked":"Barricade","floor":8},{"not_picked":["Thunderclap","Cleave","Iron Wave"],"picked":"SKIP","floor":11},{"not_picked":["Sever Soul","Warcry"],"picked":"Inflame","floor":13}],"player_experience":1020684,"relics_obtained":[{"floor":7,"key":"PreservedInsect"},{"floor":9,"key":"Bag of Preparation"},{"floor":13,"key":"Mummified Hand"}],"event_choices":[{"damage_healed":0,"gold_gain":0,"player_choice":"Entered Light","damage_taken":23,"max_hp_gain":0,"max_hp_loss":0,"event_name":"Shining Light","floor":4,"gold_loss":0,"cards_upgraded":["Strike_R","Strike_R"]},{"damage_healed":0,"gold_gain":0,"player_choice":"Grow","damage_taken":0,"max_hp_gain":0,"max_hp_loss":0,"event_name":"Living Wall","floor":12,"gold_loss":0,"cards_upgraded":["Barricade"]},{"damage_healed":0,"gold_gain":0,"player_choice":"2 cards matched","damage_taken":0,"max_hp_gain":0,"max_hp_loss":0,"event_name":"Match and Keep!","floor":14,"gold_loss":0,"cards_obtained":["Regret","Demon Form"]}],"is_beta":true,"boss_relics":[],"items_purged_floors":[5],"is_endless":false,"potions_floor_spawned":[3,11],"killed_by":"Slime Boss","ascension_level":20}