{"gold_per_floor":[116,1,19,32,32,32,61,61,61,89,89,124,124,138,138,217,217,230,155,175,175,193,193,203,235,288,306,20,51,84,102,102,176,176,187,206,21,35,35,35,63,78,128,128,128,154,154,170,170,170,170,170,170,115,144,144],"floor_reached":57,"playtime":4747,"items_purged":["Strike_G","Strike_G"],"score":2815,"play_id":"5a220ed1-3bc0-4e09-b095-867d75054cc4","local_time":"20190125010141","is_ascension_mode":true,"campfire_choices":[{"data":"Footwork","floor":6,"key":"SMITH"},{"data":"Dash","floor":8,"key":"SMITH"},{"data":"Well Laid Plans","floor":13,"key":"SMITH"},{"data":"Catalyst","floor":15,"key":"SMITH"},{"data":"Deadly Poison","floor":23,"key":"SMITH"},{"data":"Catalyst","floor":32,"key":"SMITH"},{"data":"Caltrops","floor":40,"key":"SMITH"},{"floor":44,"key":"RECALL"},{"data":"Dash","floor":47,"key":"SMITH"},{"data":"Survivor","floor":49,"key":"SMITH"},{"data":"Defend_G","floor":53,"key":"SMITH"}],"neow_cost":"NONE","seed_source_timestamp":1560822688549839,"circlet_count":0,"master_deck":["AscendersBane","Defend_G+1","Defend_G+1","Defend_G","Defend_G+1","Defend_G","Strike_G","Strike_G","Strike_G","Survivor+1","Neutralize+1","Dagger Spray","Footwork+1","Dash+1","Well Laid Plans+1","Quick Slash","Catalyst+1","Deadly Poison+1","Catalyst+1","Venomology","Catalyst+1","Caltrops+1","Acrobatics+1","Bullet Time","Footwork+1","Dash+1","Bouncing Flask+1","PiercingWail"],"relics":["Ring of the Serpent","Gambling Chip","Singing Bowl","Mummified Hand","Torii","Snecko Eye","Lantern","War Paint","Pantograph","Red Mask","Regal Pillow","Bottled Lightning","Art of War","Mercury Hourglass"],"potions_floor_usage":[7,12,22,24,29,31,36,56,56,56],"damage_taken":[{"damage":2,"enemies":"Jaw Worm","floor":1,"turns":5},{"damage":4,"enemies":"Cultist","floor":3,"turns":4},{"damage":0,"enemies":"2 Louse","floor":4,"turns":3},{"damage":3,"enemies":"3 Sentries","floor":7,"turns":10},{"damage":5,"enemies":"Lagavulin","floor":10,"turns":9},{"damage":7,"enemies":"3 Sentries","floor":12,"turns":6},{"damage":0,"enemies":"Exordium Thugs","floor":14,"turns":4},{"damage":12,"enemies":"Hexaghost","floor":16,"turns":7},{"damage":7,"enemies":"Shell Parasite","floor":18,"turns":3},{"damage":1,"enemies":"2 Thieves","floor":20,"turns":4},{"damage":11,"enemies":"Chosen and Byrds","floor":22,"turns":7},{"damage":0,"enemies":"Snake Plant","floor":24,"turns":3},{"damage":15,"enemies":"Book of Stabbing","floor":25,"turns":5},{"damage":1,"enemies":"Snecko","floor":27,"turns":4},{"damage":22,"enemies":"Masked Bandits","floor":29,"turns":4},{"damage":1,"enemies":"Gremlin Leader","floor":30,"turns":3},{"damage":1,"enemies":"Sentry and Sphere","floor":31,"turns":6},{"damage":9,"enemies":"Champ","floor":33,"turns":7},{"damage":0,"enemies":"Orb Walker","floor":35,"turns":2},{"damage":1,"enemies":"3 Shapes","floor":36,"turns":3},{"damage":0,"enemies":"Jaw Worm Horde","floor":38,"turns":4},{"damage":0,"enemies":"Nemesis","floor":41,"turns":5},{"damage":0,"enemies":"Transient","floor":42,"turns":6},{"damage":0,"enemies":"Reptomancer","floor":46,"turns":2},{"damage":0,"enemies":"Maw","floor":48,"turns":2},{"damage":31,"enemies":"Awakened One","floor":50,"turns":11},{"damage":25,"enemies":"Donu and Deca","floor":51,"turns":10},{"damage":28,"enemies":"Shield and Spear","floor":55,"turns":7},{"damage":32,"enemies":"The Heart","floor":56,"turns":8}],"seed_played":"8839998523094827302","potions_obtained":[{"floor":1,"key":"GhostInAJar"},{"floor":3,"key":"Energy Potion"},{"floor":10,"key":"Poison Potion"},{"floor":25,"key":"LiquidBronze"},{"floor":31,"key":"SkillPotion"}],"is_trial":false,"path_per_floor":["M","$","M","M","?","R","E","R","T","E","?","E","R","M","R","B",null,"M","$","M","?","M","R","M","E","T","M","$","?","E","M","R","B",null,"M","M","$","M","?","R","E","M","T","R","?","E","R","M","R","B","B",null,"R","$","E","B",null],"character_chosen":"THE_SILENT","items_purchased":["Footwork","Dash","Pantograph","GhostInAJar","PiercingWail"],"campfire_rested":0,"item_purchase_floors":[2,2,28,37,54],"current_hp_per_floor":[57,57,53,53,53,53,50,50,50,45,45,38,38,40,40,28,58,53,53,52,52,56,56,58,45,45,46,46,26,27,26,26,42,71,73,74,74,74,76,76,76,76,76,76,76,78,78,80,80,59,59,82,82,82,56,64],"gold":144,"neow_bonus":"UPGRADE_CARD","is_prod":false,"is_daily":false,"chose_seed":false,"campfire_upgraded":10,"win_rate":0,"timestamp":1548406901,"path_taken":["M","$","M","M","?","R","E","R","T","E","?","E","R","?","R","BOSS","M","$","M","?","M","R","M","E","T","?","$","?","E","M","R","BOSS","M","M","$","M","?","R","E","M","T","R","?","E","R","M","R","BOSS","BOSS","R","$","E","BOSS"],"build_version":"2019-01-23","purchased_purges":2,"victory":true,"max_hp_per_floor":[66,66,66,66,66,66,66,66,66,66,66,66,66,68,68,68,68,70,70,70,70,70,70,72,74,74,76,76,78,80,80,80,80,80,82,84,84,84,86,86,86,86,86,86,86,88,88,90,90,90,90,90,90,90,92,92],"card_choices":[{"not_picked":["PiercingWail","Accuracy"],"picked":"Dagger Spray","floor":1},{"not_picked":["Terror","Dagger Throw"],"picked":"Well Laid Plans","floor":3},{"not_picked":["Dagger Spray","Outmaneuver"],"picked":"Quick Slash","floor":4},{"not_picked":["Quick Slash","Prepared"],"picked":"Catalyst","floor":7},{"not_picked":["Backflip","Dagger Spray"],"picked":"Deadly Poison","floor":10},{"not_picked":["Deadly Poison","Expertise"],"picked":"Catalyst","floor":12},{"not_picked":["Endless Agony","Underhanded Strike","Escape Plan"],"picked":"Singing Bowl","floor":14},{"not_picked":["Doppelganger","Phantasmal Killer"],"picked":"Venomology","floor":16},{"not_picked":["Blade Dance+1","Bane","Heel Hook"],"picked":"Singing Bowl","floor":18},{"not_picked":["Blade Dance","Sucker Punch"],"picked":"Catalyst","floor":20},{"not_picked":["Terror","Slice"],"picked":"Caltrops","floor":22},{"not_picked":["Prepared+1","Backflip","Distraction"],"picked":"Singing Bowl","floor":24},{"not_picked":["Well Laid Plans","Blade Dance","Tools of the Trade"],"picked":"Singing Bowl","floor":25},{"not_picked":["Cloak And Dagger","Acrobatics","Skewer"],"picked":"Singing Bowl","floor":27},{"not_picked":["Caltrops","Flechettes","Flying Knee"],"picked":"Singing Bowl","floor":29},{"not_picked":["Eviscerate","Bane","Deflect+1"],"picked":"Singing Bowl","floor":30},{"not_picked":["Poisoned Stab","Slice"],"picked":"Acrobatics+1","floor":31},{"not_picked":["Grand Finale","Phantasmal Killer"],"picked":"Bullet Time","floor":33},{"not_picked":["Poisoned Stab","Dagger Throw","Deflect+1"],"picked":"Singing Bowl","floor":35},{"not_picked":["After Image","Deflect","Accuracy"],"picked":"Singing Bowl","floor":36},{"not_picked":["Cloak And Dagger","All Out Attack+1"],"picked":"Footwork+1","floor":38},{"not_picked":["Violence","Magnetism","Chrysalis"],"picked":"Singing Bowl","floor":39},{"not_picked":["Prepared","Acrobatics+1"],"picked":"Dash","floor":41},{"not_picked":["Acrobatics","Backflip"],"picked":"Bouncing Flask+1","floor":42},{"not_picked":["Poisoned Stab+1","Infinite Blades","Flechettes"],"picked":"Singing Bowl","floor":46},{"not_picked":["Flechettes","Deflect","Prepared+1"],"picked":"Singing Bowl","floor":48},{"not_picked":["Flying Knee+1","Grand Finale","Bane"],"picked":"Singing Bowl","floor":55}],"player_experience":1203993,"relics_obtained":[{"floor":7,"key":"Gambling Chip"},{"floor":9,"key":"Singing Bowl"},{"floor":10,"key":"Mummified Hand"},{"floor":12,"key":"Torii"},{"floor":25,"key":"Lantern"},{"floor":26,"key":"War Paint"},{"floor":29,"key":"Red Mask"},{"floor":30,"key":"Regal Pillow"},{"floor":41,"key":"Bottled Lightning"},{"floor":46,"key":"Art of War"},{"floor":55,"key":"Mercury Hourglass"}],"event_choices":[{"damage_healed":0,"gold_gain":0,"player_choice":"Ignored","damage_taken":0,"max_hp_gain":0,"max_hp_loss":0,"event_name":"Liars Game","floor":5,"gold_loss":0},{"damage_healed":0,"gold_gain":0,"player_choice":"Upgraded","damage_taken":0,"max_hp_gain":0,"max_hp_loss":0,"event_name":"Upgrade Shrine","floor":11,"gold_loss":0,"cards_upgraded":["Catalyst"]},{"damage_healed":0,"gold_gain":0,"player_choice":"Ignored","damage_taken":0,"max_hp_gain":0,"max_hp_loss":0,"event_name":"N\u0027loth","floor":21,"gold_loss":0},{"damage_healed":0,"gold_gain":0,"player_choice":"Fought Bandits","damage_taken":0,"max_hp_gain":0,"max_hp_loss":0,"event_name":"Masked Bandits","floor":29,"gold_loss":0},{"damage_healed":0,"gold_gain":0,"player_choice":"Memory 1","damage_taken":0,"max_hp_gain":0,"max_hp_loss":0,"event_name":"SensoryStone","floor":39,"gold_loss":0},{"damage_healed":0,"gold_gain":0,"player_choice":"Ignored","damage_taken":0,"max_hp_gain":0,"max_hp_loss":0,"event_name":"Mysterious Sphere","floor":45,"gold_loss":0}],"is_beta":true,"boss_relics":[{"not_picked":["Fusion Hammer","HoveringKite"],"picked":"Snecko Eye"},{"not_picked":["Lizard Tail","Eternal Feather"],"picked":"Ring of the Serpent"}],"items_purged_floors":[19,37],"is_endless":false,"potions_floor_spawned":[1,3,4,10,25,27,29,31,36,42,46,48],"ascension_level":20}