{"gold_per_floor":[113,113,123,134,151,151,176,101,101,276,276,97,107,136,136,232,232,232,232,232,107,107,107,107,107,107,107,107,107,32,32,32,32,32,32,32,32,32,32,32,32,32,32,32,32,32,32,32,32,32,32,32,32,32],"floor_reached":54,"playtime":7286,"items_purged":["Defend_R","Doubt","Writhe"],"score":816,"play_id":"f8ae662c-144e-4297-b6fe-8c496cda8e00","local_time":"20190905002738","is_ascension_mode":true,"campfire_choices":[{"floor":6.0,"key":"REST"},{"data":"Evolve","floor":11.0,"key":"SMITH"},{"floor":15.0,"key":"REST"},{"data":"Body Slam","floor":23.0,"key":"SMITH"},{"floor":28.0,"key":"RECALL"},{"floor":32.0,"key":"REST"},{"floor":40.0,"key":"REST"},{"floor":42.0,"key":"REST"},{"floor":47,"key":"REST"},{"floor":49,"key":"REST"},{"floor":52,"key":"REST"}],"neow_cost":"NONE","seed_source_timestamp":0,"circlet_count":0,"master_deck":["Strike_R","Strike_R","Strike_R","Strike_R+1","Defend_R","Defend_R","Defend_R","Bash","Headbutt","Evolve+1","Power Through","Cleave","Feel No Pain","Reaper","Juggernaut","Wild Strike+1","Body Slam+1","Finesse","True Grit","Dark Embrace","Wild Strike","Body Slam","Madness","Madness","Second Wind","Reckless Charge+1"],"special_seed":0,"relics":["Burning Blood","Boot","Gremlin Horn","Gambling Chip","Ectoplasm","Ancient Tea Set","Centennial Puzzle","Whetstone","Fusion Hammer","Vajra","Molten Egg 2","Regal Pillow","Nunchaku"],"potions_floor_usage":[46,48,50],"damage_taken":[{"damage":3.0,"enemies":"2 Louse","floor":1.0,"turns":4.0},{"damage":1.0,"enemies":"Jaw Worm","floor":3.0,"turns":4.0},{"damage":2.0,"enemies":"Small Slimes","floor":4.0,"turns":4.0},{"damage":40.0,"enemies":"Gremlin Gang","floor":5.0,"turns":7.0},{"damage":22.0,"enemies":"3 Sentries","floor":7.0,"turns":7.0},{"damage":14.0,"enemies":"Blue Slaver","floor":13.0,"turns":4.0},{"damage":49.0,"enemies":"Gremlin Nob","floor":14.0,"turns":5.0},{"damage":56.0,"enemies":"Slime Boss","floor":16.0,"turns":14.0},{"damage":20.0,"enemies":"Spheric Guardian","floor":18.0,"turns":5.0},{"damage":0.0,"enemies":"Chosen","floor":19.0,"turns":5.0},{"damage":11.0,"enemies":"Centurion and Healer","floor":24.0,"turns":6.0},{"damage":55.0,"enemies":"Slavers","floor":25.0,"turns":4.0},{"damage":0.0,"enemies":"Snake Plant","floor":27.0,"turns":3.0},{"damage":43.0,"enemies":"Gremlin Leader","floor":29.0,"turns":6.0},{"damage":2.0,"enemies":"Cultist and Chosen","floor":31.0,"turns":5.0},{"damage":62.0,"enemies":"Automaton","floor":33.0,"turns":12.0},{"damage":20.0,"enemies":"Orb Walker","floor":35.0,"turns":5.0},{"damage":0.0,"enemies":"3 Shapes","floor":36.0,"turns":2.0},{"damage":11.0,"enemies":"Transient","floor":37.0,"turns":5.0},{"damage":39.0,"enemies":"3 Darklings","floor":39.0,"turns":4.0},{"damage":59.0,"enemies":"Reptomancer","floor":41.0,"turns":7.0},{"damage":8.0,"enemies":"Giant Head","floor":44.0,"turns":5.0},{"damage":37.0,"enemies":"Jaw Worm Horde","floor":45.0,"turns":4.0},{"damage":9,"enemies":"Transient","floor":46,"turns":5},{"damage":35,"enemies":"Nemesis","floor":48,"turns":5},{"damage":65,"enemies":"Time Eater","floor":50,"turns":8},{"damage":109,"enemies":"Shield and Spear","floor":54,"turns":5}],"seed_played":"4114131884495664977","potions_obtained":[{"floor":1.0,"key":"Regen Potion"},{"floor":5.0,"key":"SteroidPotion"},{"floor":7.0,"key":"SneckoOil"},{"floor":19.0,"key":"LiquidBronze"},{"floor":24.0,"key":"Poison Potion"},{"floor":29.0,"key":"LiquidBronze"},{"floor":31.0,"key":"Swift Potion"},{"floor":35.0,"key":"Explosive Potion"},{"floor":41.0,"key":"GamblersBrew"},{"floor":45,"key":"FearPotion"},{"floor":48,"key":"Poison Potion"}],"is_trial":false,"path_per_floor":["M","?","M","M","M","R","E","$","T","?","R","$","M","E","R","B",null,"M","M","?","$","?","R","M","E","T","M","R","E","?","M","R","B",null,"M","M","M","?","M","R","E","R","T","E","M","M","R","E","R","B",null,"R","$","E"],"character_chosen":"IRONCLAD","items_purchased":["Feel No Pain"],"campfire_rested":8,"item_purchase_floors":[12],"current_hp_per_floor":[88,93,93,93,59,86,85,85,85,85,85,85,77,34,61,21,93,79,86,86,86,86,86,92,53,53,59,59,31,31,45,72,31,93,84,93,93,81,64,91,48,75,75,79,63,60,93,67,93,39,93,93,93,0],"gold":32,"neow_bonus":"TEN_PERCENT_HP_BONUS","is_prod":false,"is_daily":false,"chose_seed":false,"campfire_upgraded":2,"win_rate":0,"timestamp":1567614458,"path_taken":["M","?","M","M","M","R","E","$","T","?","R","$","M","E","R","BOSS","M","M","?","$","?","R","M","E","T","?","R","E","?","M","R","BOSS","M","M","M","?","M","R","E","R","T","E","M","M","R","E","R","BOSS","R","$","E"],"build_version":"2019-07-17","purchased_purges":3,"victory":false,"max_hp_per_floor":[88,93,93,93,93,93,93,93,93,93,93,93,93,93,93,93,93,93,93,93,93,93,93,93,93,93,93,93,93,93,93,93,93,93,93,93,93,93,93,93,93,93,93,93,93,93,93,93,93,93,93,93,93,93],"card_choices":[{"not_picked":["Dual Wield","Havoc"],"picked":"Headbutt","floor":1.0},{"not_picked":["Iron Wave","Headbutt"],"picked":"Evolve","floor":3.0},{"not_picked":["Warcry","Sentinel"],"picked":"Power Through","floor":4.0},{"not_picked":["Rage","Sentinel"],"picked":"Cleave","floor":5.0},{"not_picked":["Infernal Blade","Sword Boomerang","Headbutt"],"picked":"SKIP","floor":7.0},{"not_picked":["Intimidate","Anger","Flex"],"picked":"SKIP","floor":13.0},{"not_picked":["Twin Strike","Seeing Red"],"picked":"Reaper","floor":14.0},{"not_picked":["Berserk","Barricade"],"picked":"Juggernaut","floor":16.0},{"not_picked":["Corruption","Perfected Strike+1"],"picked":"Wild Strike","floor":18.0},{"not_picked":["Pommel Strike+1","Headbutt","Flex+1"],"picked":"SKIP","floor":19.0},{"not_picked":["Heavy Blade","Iron Wave","Evolve"],"picked":"SKIP","floor":24.0},{"not_picked":["Anger","Clash+1","Cleave"],"picked":"SKIP","floor":25.0},{"not_picked":["Havoc","Anger"],"picked":"True Grit","floor":27.0},{"not_picked":["Inflame","Berserk","Shrug It Off"],"picked":"SKIP","floor":29.0},{"not_picked":["Whirlwind","Flex+1","Twin Strike"],"picked":"SKIP","floor":31.0},{"not_picked":["Barricade","Juggernaut"],"picked":"Dark Embrace","floor":33.0},{"not_picked":["Clothesline+1","Armaments+1"],"picked":"Wild Strike","floor":35.0},{"not_picked":["Havoc+1","Twin Strike","Armaments"],"picked":"SKIP","floor":36.0},{"not_picked":["Bludgeon","Rampage"],"picked":"Body Slam","floor":37.0},{"not_picked":["Anger","Warcry"],"picked":"Second Wind","floor":39.0},{"not_picked":["Shrug It Off","Dark Embrace","Spot Weakness+1"],"picked":"SKIP","floor":41.0},{"not_picked":["Bloodletting","Clothesline+1","Perfected Strike+1"],"picked":"SKIP","floor":44.0},{"not_picked":["Warcry","Iron Wave+1","Ghostly Armor+1"],"picked":"SKIP","floor":45},{"not_picked":["Perfected Strike+1","Sword Boomerang+1","True Grit+1"],"picked":"SKIP","floor":46},{"not_picked":["Pommel Strike+1","Iron Wave+1"],"picked":"Reckless Charge+1","floor":48}],"player_experience":48975,"relics_obtained":[{"floor":7.0,"key":"Boot"},{"floor":9.0,"key":"Gremlin Horn"},{"floor":14.0,"key":"Gambling Chip"},{"floor":25.0,"key":"Centennial Puzzle"},{"floor":29.0,"key":"Whetstone"},{"floor":41.0,"key":"Vajra"},{"floor":43.0,"key":"Molten Egg 2"},{"floor":44.0,"key":"Regal Pillow"},{"floor":48,"key":"Nunchaku"}],"event_choices":[{"damage_healed":0.0,"max_hp_gain":5.0,"max_hp_loss":0.0,"gold_gain":0.0,"event_name":"Big Fish","player_choice":"Donut","floor":2.0,"gold_loss":0.0,"damage_taken":0.0},{"damage_healed":0.0,"max_hp_gain":0.0,"max_hp_loss":0.0,"gold_gain":175.0,"event_name":"Liars Game","player_choice":"AGREE","floor":10.0,"gold_loss":0.0,"damage_taken":0.0,"cards_obtained":["Doubt"]},{"damage_healed":0.0,"max_hp_gain":0.0,"max_hp_loss":0.0,"gold_gain":0.0,"event_name":"The Mausoleum","player_choice":"Opened","floor":20.0,"gold_loss":0.0,"damage_taken":0.0,"relics_obtained":["Ancient Tea Set"],"cards_obtained":["Writhe"]},{"damage_healed":0.0,"max_hp_gain":0.0,"max_hp_loss":0.0,"gold_gain":0.0,"event_name":"Match and Keep!","player_choice":"2 cards matched","floor":22.0,"gold_loss":0.0,"damage_taken":0.0,"cards_obtained":["Body Slam","Finesse"]},{"cards_removed":["Strike_R"],"damage_healed":0.0,"max_hp_gain":0.0,"max_hp_loss":0.0,"gold_gain":0.0,"event_name":"Beggar","player_choice":"Gave Gold","floor":30.0,"gold_loss":75.0,"damage_taken":0.0},{"damage_healed":0.0,"max_hp_gain":0.0,"max_hp_loss":0.0,"gold_gain":0.0,"event_name":"Winding Halls","player_choice":"Embrace Madness","floor":38.0,"gold_loss":0.0,"damage_taken":12.0,"cards_obtained":["Madness","Madness"]}],"is_beta":false,"boss_relics":[{"not_picked":["Runic Cube","Tiny House"],"picked":"Ectoplasm"},{"not_picked":["Philosopher\u0027s Stone","Snecko Eye"],"picked":"Fusion Hammer"}],"items_purged_floors":[8,12,21],"is_endless":false,"potions_floor_spawned":[1,5,7,19,24,29,31,35,41,45,48],"killed_by":"Shield and Spear","ascension_level":1}