{"gold_per_floor":[13,23,40,56,69,69,96,96,96,76,17,17,33,50,50,124,124,140,154,154],"floor_reached":20,"playtime":1090,"items_purged":[],"score":312,"play_id":"017e9cbe-7b7a-43b6-b699-6cfd0e55829b","local_time":"20180802183351","is_ascension_mode":true,"campfire_choices":[{"data":"Chaos","floor":6,"key":"SMITH"},{"data":"Recycle","floor":8,"key":"SMITH"},{"floor":15,"key":"REST"}],"neow_cost":"NO_GOLD","seed_source_timestamp":5226883328216,"circlet_count":0,"master_deck":["Strike_B","Strike_B","Strike_B","Defend_B","Defend_B","Defend_B","Zap","Dualcast","AscendersBane","Stack","Recycle+1","Rip and Tear","Melter","Coolheaded","Chaos+1","Cold Snap","Conserve Battery+1","Creative AI","Leap+1","Coolheaded+1"],"relics":["Cracked Core","Art of War","Toxic Egg 2","Bag of Preparation","Fusion Hammer"],"potions_floor_usage":[5,7,13,13,16,16,20],"damage_taken":[{"damage":0,"enemies":"Small Slimes","floor":1,"turns":3},{"damage":1,"enemies":"Cultist","floor":2,"turns":3},{"damage":2,"enemies":"2 Louse","floor":3,"turns":2},{"damage":11,"enemies":"Large Slime","floor":4,"turns":8},{"damage":1,"enemies":"Exordium Wildlife","floor":5,"turns":3},{"damage":11,"enemies":"3 Sentries","floor":7,"turns":4},{"damage":5,"enemies":"Gremlin Gang","floor":13,"turns":3},{"damage":13,"enemies":"Large Slime","floor":14,"turns":3},{"damage":26,"enemies":"The Guardian","floor":16,"turns":12},{"damage":37,"enemies":"2 Thieves","floor":18,"turns":5},{"damage":4,"enemies":"Chosen","floor":19,"turns":5},{"damage":26,"enemies":"Slaver and Parasite","floor":20,"turns":4}],"seed_played":"-7505595547528032831","potions_obtained":[{"floor":1,"key":"SkillPotion"},{"floor":3,"key":"SteroidPotion"},{"floor":10,"key":"EntropicBrew"},{"floor":14,"key":"PowerPotion"},{"floor":19,"key":"Explosive Potion"}],"is_trial":false,"path_per_floor":["M","M","M","M","M","R","E","R","T","?","?","?","M","M","R","B",null,"M","M"],"character_chosen":"DEFECT","items_purchased":[],"campfire_rested":1,"item_purchase_floors":[],"current_hp_per_floor":[64,63,61,50,49,49,38,38,38,38,38,38,33,20,41,30,61,24,20,0],"gold":154,"neow_bonus":"TRANSFORM_TWO_CARDS","is_prod":false,"is_daily":false,"chose_seed":false,"campfire_upgraded":2,"win_rate":0,"timestamp":1533260031,"path_taken":["M","M","M","M","M","R","E","R","T","?","?","?","M","M","R","BOSS","M","M","?"],"build_version":"2018-08-01","purchased_purges":0,"victory":false,"max_hp_per_floor":[71,71,71,71,71,71,71,71,71,71,71,71,71,71,71,71,71,71,71,71],"card_choices":[{"not_picked":["Aggregate","Compile Driver"],"picked":"Rip and Tear","floor":1},{"not_picked":["Coolheaded","Beam Cell"],"picked":"Melter","floor":2},{"not_picked":["Barrage","Heatsinks"],"picked":"Coolheaded","floor":3},{"not_picked":["Rebound","Beam Cell","Meteor Strike"],"picked":"SKIP","floor":4},{"not_picked":["Sweeping Beam","Tempest"],"picked":"Chaos","floor":5},{"not_picked":["Chaos","Recycle","Lockon"],"picked":"SKIP","floor":7},{"not_picked":["Gash","Tempest+1"],"picked":"Cold Snap","floor":13},{"not_picked":["Double Energy+1","Barrage"],"picked":"Conserve Battery+1","floor":14},{"not_picked":["Amplify+1","Meteor Strike"],"picked":"Creative AI","floor":16},{"not_picked":["Sweeping Beam","Barrage"],"picked":"Leap+1","floor":18},{"not_picked":["Self Repair","Steam+1"],"picked":"Coolheaded+1","floor":19}],"player_experience":895008,"relics_obtained":[{"floor":7,"key":"Art of War"},{"floor":9,"key":"Toxic Egg 2"}],"event_choices":[{"event_name":"The Woman in Blue","player_choice":"Bought 1 Potion","floor":10,"damage_taken":0},{"event_name":"WeMeetAgain","player_choice":"Gold","floor":11,"damage_taken":0},{"event_name":"Liars Game","player_choice":"disagreed","floor":12,"damage_taken":0}],"is_beta":true,"boss_relics":[{"not_picked":["Runic Dome","FrozenCore"],"picked":"Fusion Hammer"}],"items_purged_floors":[],"is_endless":false,"potions_floor_spawned":[1,3,14,19],"killed_by":"Slaver and Parasite","ascension_level":15}