{"gold_per_floor":[117,143,293,52,70,70,87,102,102,113,113,113,126,165,165,165],"floor_reached":16,"playtime":612,"items_purged":[],"score":179,"play_id":"8d9d75a7-7c0f-471d-bcd7-43899f7620e6","local_time":"20180802174622","is_ascension_mode":true,"campfire_choices":[{"data":"Zap","floor":6,"key":"SMITH"},{"data":"Defragment","floor":12,"key":"SMITH"},{"floor":15,"key":"REST"}],"neow_cost":"NONE","seed_source_timestamp":2855983589243,"circlet_count":0,"master_deck":["Strike_B","Strike_B","Strike_B","Defend_B","Defend_B","Defend_B","Defend_B","Zap+1","Dualcast","AscendersBane","Steam Power","Auto Shields","Doubt","Defragment+1","Melter","Darkness","Ball Lightning","Hologram","Capacitor"],"relics":["Cracked Core","Dream Catcher","Blue Candle","Juzu Bracelet","Golden Idol","Gremlin Horn"],"potions_floor_usage":[10,16],"damage_taken":[{"damage":1,"enemies":"Cultist","floor":1,"turns":4},{"damage":10,"enemies":"Small Slimes","floor":5,"turns":4},{"damage":2,"enemies":"Jaw Worm","floor":7,"turns":5},{"damage":14,"enemies":"3 Louse","floor":8,"turns":3},{"damage":0,"enemies":"Lots of Slimes","floor":10,"turns":1},{"damage":6,"enemies":"Looter","floor":13,"turns":2},{"damage":17,"enemies":"3 Sentries","floor":14,"turns":5},{"damage":38,"enemies":"The Guardian","floor":16,"turns":9}],"seed_played":"-997034876190802665","potions_obtained":[{"floor":1,"key":"Strength Potion"},{"floor":8,"key":"Explosive Potion"},{"floor":14,"key":"Energy Potion"}],"is_trial":false,"path_per_floor":["M","T","?","$","M","R","M","M","T","M","?","R","M","E","R"],"character_chosen":"DEFECT","items_purchased":["Blue Candle"],"campfire_rested":1,"item_purchase_floors":[4],"current_hp_per_floor":[63,63,63,63,53,53,51,37,37,37,37,37,31,14,33,0],"gold":165,"neow_bonus":"TRANSFORM_CARD","is_prod":false,"is_daily":false,"chose_seed":false,"campfire_upgraded":2,"win_rate":0,"timestamp":1533257182,"path_taken":["M","?","?","$","M","R","?","M","T","M","?","R","M","E","R","BOSS"],"build_version":"2018-08-01","purchased_purges":0,"victory":false,"max_hp_per_floor":[71,71,71,71,71,71,71,71,71,71,64,64,64,64,64,64],"card_choices":[{"not_picked":["Chill","Steam"],"picked":"Auto Shields","floor":1},{"not_picked":["Go for the Eyes","Sweeping Beam"],"picked":"Defragment","floor":5},{"not_picked":["Chill","BootSequence"],"picked":"Melter","floor":7},{"not_picked":["Sweeping Beam","Stack"],"picked":"Darkness","floor":8},{"not_picked":["Compile Driver","Sweeping Beam"],"picked":"Ball Lightning","floor":10},{"not_picked":["Storm","Darkness","Stack"],"picked":"SKIP","floor":13},{"not_picked":["Storm","Darkness","Stack"],"picked":"SKIP","floor":13},{"not_picked":["Blizzard","Lockon"],"picked":"Hologram","floor":14},{"not_picked":["Turbo","Fusion"],"picked":"Capacitor","floor":15}],"player_experience":892659,"relics_obtained":[{"floor":2,"key":"Dream Catcher"},{"floor":9,"key":"Juzu Bracelet"},{"floor":14,"key":"Gremlin Horn"}],"event_choices":[{"event_name":"Liars Game","player_choice":"agreed","floor":3,"damage_taken":0},{"event_name":"Golden Idol","player_choice":"Lose Max HP","floor":11,"damage_taken":0}],"is_beta":true,"boss_relics":[],"items_purged_floors":[],"is_endless":false,"potions_floor_spawned":[1,8,14],"killed_by":"The Guardian","ascension_level":15}