{"gold_per_floor":[214,231,231,251,265,265,285,317,392,392,47,47,82,98,98,170,170,170,170,13,13,13,13,13,13,13,13,13,13,13,13,13,13],"floor_reached":33,"playtime":1846,"items_purged":["Strike_R","Strike_R"],"score":575,"play_id":"da499398-0468-4514-a217-47f0a5f6b0d9","local_time":"20190320210050","is_ascension_mode":true,"campfire_choices":[{"data":"Shrug It Off","floor":6,"key":"SMITH"},{"floor":10,"key":"REST"},{"data":"Shrug It Off","floor":12,"key":"SMITH"},{"floor":15,"key":"REST"},{"data":"Uppercut","floor":23,"key":"SMITH"},{"floor":25,"key":"DIG"},{"floor":27,"key":"REST"},{"floor":29,"key":"DIG"},{"floor":32,"key":"REST"}],"neow_cost":"NONE","seed_source_timestamp":287035758915382,"circlet_count":0,"master_deck":["AscendersBane","Strike_R","Strike_R","Strike_R","Defend_R","Defend_R","Defend_R+1","Defend_R+1","Bash+1","Shrug It Off+1","Carnage","Shrug It Off+1","Dropkick","Reaper","Pommel Strike","Rampage","Immolate","Clothesline","Uppercut+1","Havoc+1"],"relics":["Burning Blood","Regal Pillow","Sundial","Oddly Smooth Stone","Shovel","Ectoplasm","Potion Belt","Bag of Marbles","Bag of Preparation","War Paint","Lantern"],"potions_floor_usage":[7,8,13,14,16,22,22,24,33],"damage_taken":[{"damage":9,"enemies":"2 Louse","floor":1,"turns":3},{"damage":4,"enemies":"Cultist","floor":2,"turns":4},{"damage":7,"enemies":"Jaw Worm","floor":4,"turns":4},{"damage":8,"enemies":"2 Fungi Beasts","floor":5,"turns":4},{"damage":16,"enemies":"Lots of Slimes","floor":7,"turns":5},{"damage":25,"enemies":"Gremlin Nob","floor":8,"turns":4},{"damage":40,"enemies":"3 Sentries","floor":13,"turns":9},{"damage":12,"enemies":"Large Slime","floor":14,"turns":6},{"damage":44,"enemies":"The Guardian","floor":16,"turns":14},{"damage":22,"enemies":"Shell Parasite","floor":18,"turns":7},{"damage":13,"enemies":"Spheric Guardian","floor":19,"turns":5},{"damage":13,"enemies":"Centurion and Healer","floor":22,"turns":5},{"damage":40,"enemies":"Slavers","floor":24,"turns":7},{"damage":23,"enemies":"Sentry and Sphere","floor":28,"turns":6},{"damage":25,"enemies":"Book of Stabbing","floor":31,"turns":5},{"damage":80,"enemies":"Champ","floor":33,"turns":12}],"seed_played":"3463630369829475447","potions_obtained":[{"floor":1,"key":"Strength Potion"},{"floor":5,"key":"LiquidBronze"},{"floor":8,"key":"Swift Potion"},{"floor":13,"key":"Strength Potion"},{"floor":19,"key":"Fruit Juice"},{"floor":22,"key":"SkillPotion"},{"floor":31,"key":"FearPotion"}],"is_trial":false,"path_per_floor":["M","M","?","M","M","R","M","E","T","R","$","R","E","M","R","B",null,"M","M","$","?","M","R","E","R","T","R","M","R","?","E","R","B"],"character_chosen":"IRONCLAD","items_purchased":["Oddly Smooth Stone","Poison Potion","Strength Potion","Energy Potion"],"campfire_rested":4,"item_purchase_floors":[11,11,11,20],"current_hp_per_floor":[65,67,67,66,64,64,54,35,35,72,72,72,50,48,75,37,66,56,49,49,49,51,51,25,25,25,64,47,47,47,28,67,0],"gold":13,"neow_bonus":"HUNDRED_GOLD","is_prod":false,"is_daily":false,"chose_seed":false,"campfire_upgraded":3,"win_rate":0,"timestamp":1553112050,"path_taken":["M","M","?","M","M","R","M","E","T","R","$","R","E","M","R","BOSS","M","M","$","?","?","R","E","R","T","R","M","R","?","E","R","BOSS"],"build_version":"2019-03-15","purchased_purges":2,"victory":false,"max_hp_per_floor":[75,75,75,75,75,75,75,75,75,75,75,75,75,75,75,75,75,75,75,75,75,80,80,80,80,80,80,80,80,80,80,80,80],"card_choices":[{"not_picked":["Dropkick","Sentinel"],"picked":"Shrug It Off","floor":1},{"not_picked":["Flex","Feel No Pain"],"picked":"Carnage","floor":2},{"not_picked":["Heavy Blade","Flex"],"picked":"Shrug It Off","floor":4},{"not_picked":["Rupture","Wild Strike","Warcry"],"picked":"SKIP","floor":5},{"not_picked":["Evolve","Twin Strike"],"picked":"Dropkick","floor":7},{"not_picked":["Power Through","Iron Wave"],"picked":"Reaper","floor":8},{"not_picked":["Headbutt","Rage"],"picked":"Pommel Strike","floor":13},{"not_picked":["Ghostly Armor","Pommel Strike"],"picked":"Rampage","floor":14},{"not_picked":["Feed","Limit Break"],"picked":"Immolate","floor":16},{"not_picked":["Fire Breathing+1","Havoc","Perfected Strike"],"picked":"SKIP","floor":18},{"not_picked":["Sentinel","Warcry"],"picked":"Clothesline","floor":19},{"not_picked":["Anger","Cleave"],"picked":"Uppercut","floor":22},{"not_picked":["Anger","Thunderclap+1"],"picked":"Havoc+1","floor":24},{"not_picked":["Shrug It Off","Clothesline","Clash"],"picked":"SKIP","floor":28},{"not_picked":["Burning Pact","Havoc","Pummel+1"],"picked":"SKIP","floor":31}],"player_experience":350423,"relics_obtained":[{"floor":8,"key":"Regal Pillow"},{"floor":9,"key":"Sundial"},{"floor":13,"key":"Shovel"},{"floor":24,"key":"Potion Belt"},{"floor":25,"key":"Bag of Marbles"},{"floor":26,"key":"Bag of Preparation"},{"floor":29,"key":"War Paint"},{"floor":31,"key":"Lantern"}],"event_choices":[{"damage_healed":0,"gold_gain":0,"player_choice":"Upgraded","damage_taken":0,"max_hp_gain":0,"max_hp_loss":0,"event_name":"Upgrade Shrine","floor":3,"gold_loss":0,"cards_upgraded":["Bash"]},{"damage_healed":0,"gold_gain":0,"player_choice":"Ignored","damage_taken":0,"max_hp_gain":0,"max_hp_loss":0,"event_name":"N\u0027loth","floor":21,"gold_loss":0},{"damage_healed":0,"gold_gain":0,"player_choice":"Ignored","damage_taken":0,"max_hp_gain":0,"max_hp_loss":0,"event_name":"Ghosts","floor":30,"gold_loss":0}],"is_beta":true,"boss_relics":[{"not_picked":["Eternal Feather","Calling Bell"],"picked":"Ectoplasm"}],"items_purged_floors":[11,20],"is_endless":false,"potions_floor_spawned":[1,5,8,13,19,22,31],"killed_by":"Champ","ascension_level":19}