{"gold_per_floor":[13,13,23,38,53,53,73,73,73,98,98,98,111,128,128,199,199,211,211,211,221,221,221,221,238,238,250,250,268,268,28,28,28],"floor_reached":33,"playtime":2385,"items_purged":["Strike_G"],"score":498,"play_id":"52c3b196-3ad4-42d3-8be9-8146db5d5ec9","local_time":"20190718095947","is_ascension_mode":true,"campfire_choices":[{"data":"Terror","floor":6.0,"key":"SMITH"},{"data":"Skewer","floor":8.0,"key":"SMITH"},{"data":"Neutralize","floor":11.0,"key":"SMITH"},{"data":"Storm of Steel","floor":15.0,"key":"SMITH"},{"data":"RitualDagger","floor":23.0,"key":"SMITH"},{"data":"Wraith Form v2","floor":24.0,"key":"SMITH"},{"floor":30,"key":"REST"},{"data":"A Thousand Cuts","floor":32,"key":"SMITH"}],"neow_cost":"NO_GOLD","seed_source_timestamp":2104995525239400,"circlet_count":0,"master_deck":["AscendersBane","Strike_G","Strike_G","Strike_G","Strike_G","Defend_G+1","Defend_G","Defend_G","Defend_G","Defend_G","Survivor+1","Neutralize+1","Deflect","Footwork","Backflip","Terror+1","Skewer+1","Storm of Steel+1","Dash","Well Laid Plans","Wraith Form v2+1","Sucker Punch","RitualDagger+1","Leg Sweep","Escape Plan","A Thousand Cuts+1","Endless Agony","RitualDagger+1"],"special_seed":0,"relics":["Ring of the Snake","WingedGreaves","Centennial Puzzle","Anchor","Runic Dome","MutagenicStrength","Incense Burner","Bag of Preparation"],"potions_floor_usage":[29,33],"damage_taken":[{"damage":0.0,"enemies":"2 Louse","floor":1.0,"turns":3.0},{"damage":3.0,"enemies":"Cultist","floor":3.0,"turns":5.0},{"damage":0.0,"enemies":"Small Slimes","floor":4.0,"turns":6.0},{"damage":2.0,"enemies":"Exordium Wildlife","floor":5.0,"turns":6.0},{"damage":0.0,"enemies":"Large Slime","floor":7.0,"turns":6.0},{"damage":15.0,"enemies":"Lagavulin","floor":10.0,"turns":7.0},{"damage":0.0,"enemies":"2 Fungi Beasts","floor":13.0,"turns":3.0},{"damage":3.0,"enemies":"3 Louse","floor":14.0,"turns":4.0},{"damage":6.0,"enemies":"Slime Boss","floor":16.0,"turns":11.0},{"damage":9.0,"enemies":"Shell Parasite","floor":18.0,"turns":4.0},{"damage":6.0,"enemies":"3 Byrds","floor":21.0,"turns":6.0},{"damage":6.0,"enemies":"Cultist and Chosen","floor":25.0,"turns":7.0},{"damage":3.0,"enemies":"3 Cultists","floor":27.0,"turns":5.0},{"damage":8,"enemies":"Snecko","floor":29,"turns":4},{"damage":43,"enemies":"Automaton","floor":33,"turns":10}],"seed_played":"-7775591777005737049","potions_obtained":[{"floor":5.0,"key":"Poison Potion"},{"floor":10.0,"key":"GamblersBrew"},{"floor":13.0,"key":"SkillPotion"},{"floor":27.0,"key":"PowerPotion"},{"floor":29,"key":"GamblersBrew"}],"is_trial":false,"path_per_floor":["M","?","M","M","M","R","M","R","T","E","R","?","M","M","R","B",null,"M","?","?","M","?","R","R","M","T","M","?","M","R","$","R","B"],"character_chosen":"THE_SILENT","items_purchased":["Bag of Preparation"],"campfire_rested":1,"item_purchase_floors":[31],"current_hp_per_floor":[59,66,63,63,61,61,61,61,61,46,46,26,26,23,23,17,54,45,39,39,33,33,33,33,27,27,24,24,16,35,35,35,0],"gold":28,"neow_bonus":"ONE_RARE_RELIC","is_prod":false,"is_daily":false,"chose_seed":false,"campfire_upgraded":7,"win_rate":0,"timestamp":1563469187,"path_taken":["M","?","M","M","M","R","?","R","T","E","R","?","M","M","R","BOSS","M","?","?","?","?","R","R","M","T","M","?","?","R","$","R","BOSS"],"build_version":"2019-07-10","purchased_purges":1,"victory":false,"max_hp_per_floor":[66,66,66,66,66,66,66,66,66,66,66,66,66,66,66,66,66,66,66,66,66,66,66,66,66,66,66,66,66,66,66,66,66],"card_choices":[{"not_picked":["Prepared","Bane"],"picked":"Deflect","floor":1.0},{"not_picked":["Escape Plan","Cloak And Dagger"],"picked":"Footwork","floor":3.0},{"not_picked":["Crippling Poison","Slice"],"picked":"Backflip","floor":4.0},{"not_picked":["Choke","Poisoned Stab"],"picked":"Terror","floor":5.0},{"not_picked":["Crippling Poison","Terror"],"picked":"Skewer","floor":7.0},{"not_picked":["Underhanded Strike","Quick Slash"],"picked":"Storm of Steel","floor":10.0},{"not_picked":["Deadly Poison","Outmaneuver"],"picked":"Dash","floor":13.0},{"not_picked":["Blade Dance","Deadly Poison"],"picked":"Well Laid Plans","floor":14.0},{"not_picked":["Tools of the Trade","Grand Finale"],"picked":"Wraith Form v2","floor":16.0},{"not_picked":["PiercingWail","Outmaneuver"],"picked":"Sucker Punch","floor":18.0},{"not_picked":["Outmaneuver","Dagger Throw"],"picked":"Escape Plan","floor":21.0},{"not_picked":["Deadly Poison","Blade Dance"],"picked":"A Thousand Cuts","floor":25.0},{"not_picked":["Slice+1","Blade Dance"],"picked":"Endless Agony","floor":27.0},{"not_picked":["Heel Hook","Flying Knee","Prepared"],"picked":"SKIP","floor":29}],"player_experience":3481904,"relics_obtained":[{"floor":9.0,"key":"Centennial Puzzle"},{"floor":10.0,"key":"Anchor"},{"floor":26.0,"key":"Incense Burner"}],"event_choices":[{"damage_healed":7.0,"max_hp_gain":0.0,"max_hp_loss":0.0,"gold_gain":0.0,"event_name":"Wheel of Change","player_choice":"Full Heal","floor":2.0,"gold_loss":0.0,"damage_taken":0.0},{"damage_healed":0.0,"max_hp_gain":0.0,"max_hp_loss":0.0,"gold_gain":0.0,"event_name":"Shining Light","player_choice":"Entered Light","floor":12.0,"gold_loss":0.0,"damage_taken":20.0,"cards_upgraded":["Survivor","Defend_G"]},{"damage_healed":0.0,"max_hp_gain":0.0,"max_hp_loss":0.0,"gold_gain":0.0,"event_name":"Nest","player_choice":"Joined the Cult","floor":19.0,"gold_loss":0.0,"damage_taken":6.0,"cards_obtained":["RitualDagger"]},{"damage_healed":0.0,"max_hp_gain":0.0,"max_hp_loss":0.0,"gold_gain":0.0,"event_name":"The Library","player_choice":"Read","floor":20.0,"gold_loss":0.0,"damage_taken":0.0,"cards_obtained":["Leg Sweep"]},{"damage_healed":0.0,"max_hp_gain":0.0,"max_hp_loss":0.0,"gold_gain":0.0,"event_name":"Drug Dealer","player_choice":"Inject Mutagens","floor":22.0,"gold_loss":0.0,"damage_taken":0.0,"relics_obtained":["MutagenicStrength"]},{"damage_healed":0.0,"max_hp_gain":0.0,"max_hp_loss":0.0,"gold_gain":0.0,"event_name":"Duplicator","player_choice":"Copied","floor":28.0,"gold_loss":0.0,"damage_taken":0.0,"cards_obtained":["RitualDagger"]}],"is_beta":true,"boss_relics":[{"not_picked":["Empty Cage","Pandora\u0027s Box"],"picked":"Runic Dome"}],"items_purged_floors":[31],"is_endless":false,"potions_floor_spawned":[5,10,13,18,27,29],"killed_by":"Automaton","ascension_level":20}