{"gold_per_floor":[117,20,95,114,132,132,161,161,184,19,34,34,68,83,83,157,157,177,157,37,55,71,71,96,96,168,196,196,63,77,90,90,90],"floor_reached":33,"playtime":3623,"items_purged":["Strike_P"],"score":516,"play_id":"f7d69267-a61e-4e96-ba1e-8a6b431f8f56","local_time":"20190917222225","is_ascension_mode":true,"campfire_choices":[{"floor":8.0,"key":"REST"},{"floor":12.0,"key":"REST"},{"data":"Eruption","floor":15.0,"key":"SMITH"},{"data":"Protect","floor":23.0,"key":"SMITH"},{"data":"FlowState","floor":25.0,"key":"SMITH"},{"data":"Worship","floor":32.0,"key":"SMITH"}],"neow_cost":"PERCENT_DAMAGE","seed_source_timestamp":33712773421200,"circlet_count":0,"master_deck":["AscendersBane","Strike_P+1","Defend_P","Defend_P","Defend_P","Eruption+1","Vigilance","ThirdEye","Unraveling","Protect+1","EmptyFist","FlyingSleeves+1","ReachHeaven","Consecrate","Meditate","FearNoEvil","SandsOfTime","Wallop","ForeignInfluence","EmptyMind","FlowState+1","SashWhip","Sanctity","Adaptation","ClearTheMind+1","Collect","Worship+1","Worship"],"special_seed":0,"relics":["PureWater","Toy Ornithopter","Whetstone","Darkstone Periapt","Coffee Dripper","Happy Flower","Dodecahedron","Lantern","The Courier"],"potions_floor_usage":[],"damage_taken":[{"damage":0.0,"enemies":"Jaw Worm","floor":1.0,"turns":4.0},{"damage":0.0,"enemies":"2 Louse","floor":4.0,"turns":2.0},{"damage":0.0,"enemies":"Cultist","floor":5.0,"turns":2.0},{"damage":19.0,"enemies":"Lagavulin","floor":7.0,"turns":6.0},{"damage":6.0,"enemies":"Exordium Thugs","floor":11.0,"turns":4.0},{"damage":1.0,"enemies":"3 Sentries","floor":13.0,"turns":4.0},{"damage":0.0,"enemies":"3 Louse","floor":14.0,"turns":3.0},{"damage":11.0,"enemies":"The Guardian","floor":16.0,"turns":11.0},{"damage":0.0,"enemies":"Chosen","floor":18.0,"turns":4.0},{"damage":3.0,"enemies":"3 Byrds","floor":21.0,"turns":3.0},{"damage":2.0,"enemies":"Shelled Parasite and Fungi","floor":22.0,"turns":2.0},{"damage":34.0,"enemies":"Slavers","floor":24.0,"turns":7.0},{"damage":10.0,"enemies":"Gremlin Leader","floor":27.0,"turns":6.0},{"damage":14.0,"enemies":"Sentry and Sphere","floor":30.0,"turns":3.0},{"damage":12.0,"enemies":"Snake Plant","floor":31.0,"turns":3.0},{"damage":22,"enemies":"Champ","floor":33,"turns":8}],"seed_played":"5006752818507063175","potions_obtained":[{"floor":11.0,"key":"Block Potion"},{"floor":16.0,"key":"PowerPotion"},{"floor":18.0,"key":"PowerPotion"},{"floor":19.0,"key":"Weak Potion"},{"floor":30.0,"key":"Block Potion"}],"is_trial":false,"path_per_floor":["M","$","?","M","M","?","E","R","T","$","M","R","E","M","R","B",null,"M","?","$","M","M","R","E","R","T","E","T","$","M","M","R","B"],"character_chosen":"WATCHER","items_purchased":["EmptyFist","FlyingSleeves","FearNoEvil","SandsOfTime","Block Potion","Sanctity","Regen Potion","Strength Potion","Collect"],"campfire_rested":2,"item_purchase_floors":[2,2,10,10,10,20,29,29,29],"current_hp_per_floor":[40,40,29,29,29,22,3,21,21,21,15,33,42,42,42,31,54,54,54,54,56,54,54,25,25,25,15,15,15,16,9,9,0],"gold":90,"neow_bonus":"TRANSFORM_TWO_CARDS","is_prod":false,"is_daily":false,"chose_seed":false,"campfire_upgraded":4,"win_rate":0,"timestamp":1568751745,"path_taken":["M","$","?","M","M","?","E","R","T","$","M","R","E","M","R","BOSS","M","?","$","M","?","R","E","R","T","E","?","$","M","M","R","BOSS"],"build_version":"2019-09-16v2","purchased_purges":1,"victory":false,"max_hp_per_floor":[61,61,61,61,61,61,61,61,61,61,61,61,61,61,61,61,61,61,61,61,61,61,61,61,61,61,61,61,61,61,61,61,61],"card_choices":[{"not_picked":["SashWhip","WaveOfTheHand"],"picked":"Protect","floor":1.0},{"not_picked":["CrushJoints","EmptyFist"],"picked":"ReachHeaven","floor":4.0},{"not_picked":["DeceiveReality","EmptyMind"],"picked":"Consecrate","floor":5.0},{"not_picked":["CutThroughFate","Halt"],"picked":"Meditate","floor":7.0},{"not_picked":["CrushJoints","ThirdEye"],"picked":"Wallop","floor":11.0},{"not_picked":["WindmillStrike","Wish"],"picked":"ForeignInfluence","floor":13.0},{"not_picked":["FlyingSleeves","Prostrate"],"picked":"EmptyMind","floor":14.0},{"not_picked":["Pray","Ragnarok"],"picked":"FlowState","floor":16.0},{"not_picked":["Halt","EmptyFist"],"picked":"SashWhip","floor":18.0},{"not_picked":["EmptyBody","CutThroughFate"],"picked":"Adaptation","floor":21.0},{"not_picked":["Conclude","ForeignInfluence","FlyingSleeves"],"picked":"SKIP","floor":22.0},{"not_picked":["ThirdEye","StepAndStrike","Fasting"],"picked":"SKIP","floor":24.0},{"not_picked":["MentalFortress","WreathOfFlame"],"picked":"ClearTheMind+1","floor":27.0},{"not_picked":["Prostrate","CarveReality"],"picked":"Worship","floor":30.0},{"not_picked":["Prostrate","ClearTheMind+1"],"picked":"Worship","floor":31.0}],"player_experience":710340,"relics_obtained":[{"floor":7.0,"key":"Toy Ornithopter"},{"floor":9.0,"key":"Whetstone"},{"floor":13.0,"key":"Darkstone Periapt"},{"floor":24.0,"key":"Happy Flower"},{"floor":26.0,"key":"Dodecahedron"},{"floor":27.0,"key":"Lantern"},{"floor":28.0,"key":"The Courier"}],"event_choices":[{"damage_healed":0.0,"max_hp_gain":0.0,"max_hp_loss":0.0,"gold_gain":75.0,"event_name":"World of Goop","player_choice":"Gather Gold","floor":3.0,"gold_loss":0.0,"damage_taken":11.0},{"cards_removed":["Strike_P"],"damage_healed":0.0,"max_hp_gain":0.0,"max_hp_loss":0.0,"gold_gain":0.0,"event_name":"Golden Wing","player_choice":"Card Removal","floor":6.0,"gold_loss":0.0,"damage_taken":7.0},{"damage_healed":0.0,"max_hp_gain":0.0,"max_hp_loss":0.0,"gold_gain":0.0,"event_name":"The Woman in Blue","player_choice":"Bought 1 Potion","floor":19.0,"gold_loss":0.0,"damage_taken":0.0}],"is_beta":true,"boss_relics":[{"not_picked":["Tiny House","Runic Dome"],"picked":"Coffee Dripper"}],"items_purged_floors":[20],"is_endless":false,"potions_floor_spawned":[11,16,18,30],"killed_by":"Champ","ascension_level":15}