{"gold_per_floor":[114,132,147,147,222,222,251,251,251,265,277,277,277,277,277,349,349,367,382,153,171,171,171,204,204],"floor_reached":25,"playtime":829,"items_purged":["Strike_B"],"score":387,"play_id":"76a8028d-5891-465c-a64b-8ff2aef02afa","local_time":"20180714020954","is_ascension_mode":true,"campfire_choices":[{"floor":6.0,"key":"REST"},{"data":"Go for the Eyes","floor":8.0,"key":"SMITH"},{"data":"Defragment","floor":12.0,"key":"SMITH"},{"data":"Zap","floor":15.0,"key":"SMITH"},{"floor":23.0,"key":"REST"}],"neow_cost":"","seed_source_timestamp":0,"circlet_count":0,"master_deck":["Strike_B+1","Strike_B","Defend_B","Defend_B","Defend_B","Defend_B","Zap+1","Dualcast","AscendersBane","Melter","Ball Lightning+1","Go for the Eyes+1","Self Repair","BootSequence","Defragment+1","Biased Cognition","Hologram","Loop","Leap","Coolheaded","Machine Learning","Cold Snap","Writhe","Defragment+1"],"special_seed":0,"relics":["Cracked Core","Darkstone Periapt","Blue Candle","Orrery","Orichalcum","Frozen Egg 2","Juzu Bracelet"],"potions_floor_usage":[25],"damage_taken":[{"damage":7.0,"enemies":"Small Slimes","floor":1.0,"turns":3.0},{"damage":0.0,"enemies":"2 Louse","floor":2.0,"turns":2.0},{"damage":2.0,"enemies":"Jaw Worm","floor":3.0,"turns":3.0},{"damage":13.0,"enemies":"3 Sentries","floor":7.0,"turns":5.0},{"damage":2.0,"enemies":"2 Fungi Beasts","floor":10.0,"turns":3.0},{"damage":0.0,"enemies":"Red Slaver","floor":11.0,"turns":2.0},{"damage":33.0,"enemies":"Slime Boss","floor":16.0,"turns":6.0},{"damage":28.0,"enemies":"3 Byrds","floor":18.0,"turns":3.0},{"damage":0.0,"enemies":"Spheric Guardian","floor":19.0,"turns":2.0},{"damage":25.0,"enemies":"Snake Plant","floor":21.0,"turns":5.0},{"damage":20.0,"enemies":"Slavers","floor":24.0,"turns":4.0},{"damage":29,"enemies":"Slaver and Parasite","floor":25,"turns":4}],"seed_played":"3482855498260318446","potions_obtained":[{"floor":1.0,"key":"Explosive Potion"},{"floor":3.0,"key":"Fire Potion"},{"floor":10.0,"key":"LiquidBronze"},{"floor":18.0,"key":"Swift Potion"},{"floor":19.0,"key":"SmokeBomb"},{"floor":24,"key":"Energy Potion"}],"is_trial":false,"path_per_floor":["M","M","M","?","?","R","E","R","T","M","M","R","?","?","R","B",null,"M","M","$","M","?","R","E"],"character_chosen":"DEFECT","items_purchased":["Orichalcum"],"campfire_rested":2,"item_purchase_floors":[20],"current_hp_per_floor":[57,57,55,34,23,44,31,31,31,36,43,43,48,41,41,15,61,40,40,40,15,21,45,25,0],"gold":204,"neow_bonus":"","is_prod":false,"is_daily":false,"chose_seed":false,"campfire_upgraded":3,"win_rate":0,"timestamp":1531559394,"path_taken":["M","M","M","?","?","R","E","R","T","M","M","R","?","?","R","BOSS","M","M","$","M","?","R","E","M"],"build_version":"2018-07-13","purchased_purges":1,"victory":false,"max_hp_per_floor":[71,71,71,71,71,71,71,71,71,71,71,71,76,76,76,76,76,76,76,76,76,82,82,82,82],"card_choices":[{"not_picked":["Steam Power","Storm"],"picked":"Melter","floor":1.0},{"not_picked":["Conserve Battery","Blizzard"],"picked":"Ball Lightning","floor":2.0},{"not_picked":["Aggregate","Compile Driver"],"picked":"Go for the Eyes","floor":3.0},{"not_picked":["Cold Snap","Loop"],"picked":"Self Repair","floor":7.0},{"not_picked":["Chill","Streamline"],"picked":"BootSequence","floor":10.0},{"not_picked":["Melter","FTL"],"picked":"Defragment","floor":11.0},{"not_picked":["Core Surge","Rainbow"],"picked":"Biased Cognition","floor":16.0},{"not_picked":["Beam Cell","Static Discharge"],"picked":"Hologram","floor":17.0},{"not_picked":["Skim","Heatsinks"],"picked":"Loop","floor":17.0},{"not_picked":["Blizzard","Melter"],"picked":"Leap","floor":17.0},{"not_picked":["Rebound","Force Field+1"],"picked":"Coolheaded","floor":18.0},{"not_picked":["Scrape","Barrage"],"picked":"Machine Learning","floor":19.0},{"not_picked":["Turbo","White Noise"],"picked":"Cold Snap","floor":21.0},{"not_picked":["Heatsinks+1","Streamline"],"picked":"Defragment+1","floor":24}],"player_experience":833670,"relics_obtained":[{"floor":7.0,"key":"Darkstone Periapt"},{"floor":9.0,"key":"Blue Candle"},{"floor":24,"key":"Juzu Bracelet"}],"event_choices":[{"event_name":"Shining Light","player_choice":"Entered Light","floor":4.0,"damage_taken":0.0},{"event_name":"World of Goop","player_choice":"Gather Gold","floor":5.0,"damage_taken":0.0},{"event_name":"Big Fish","player_choice":"Donut","floor":13.0,"damage_taken":0.0},{"event_name":"Golden Wing","player_choice":"Card Removal","floor":14.0,"damage_taken":0.0},{"event_name":"The Mausoleum","player_choice":"Yes","floor":22.0,"damage_taken":0.0}],"boss_relics":[{"not_picked":["Eternal Feather","Black Star"],"picked":"Orrery"}],"items_purged_floors":[20],"is_endless":false,"potions_floor_spawned":[1,3,10,18,19,24],"killed_by":"Slaver and Parasite","ascension_level":15}