{"gold_per_floor":[109,120,132,146,166,192,192,46,70,90,60,60,60,60,60,137,137,154,165,165,13,27,27,27],"floor_reached":24,"playtime":1200,"items_purged":["Strike_G"],"score":347,"play_id":"a47704ca-716b-4efe-a545-a9f2777b83dc","local_time":"20181022004728","is_ascension_mode":true,"campfire_choices":[{"floor":7,"key":"REST"},{"data":"Infinite Blades","floor":12,"key":"SMITH"},{"floor":15,"key":"REST"},{"floor":23,"key":"REST"}],"neow_cost":"NONE","seed_source_timestamp":2669432938468887,"circlet_count":0,"master_deck":["Defend_G","Defend_G","Defend_G","Defend_G","Defend_G","Strike_G","Strike_G","Survivor","Neutralize","AscendersBane","Flying Knee","Quick Slash","Noxious Fumes","Noxious Fumes","Dagger Spray","PiercingWail","Infinite Blades+1","Backflip","Burst","Corpse Explosion","Cloak And Dagger","Catalyst","Cloak And Dagger"],"relics":["WristBlade","Ornamental Fan","Strawberry","Bag of Preparation","Empty Cage","Happy Flower"],"potions_floor_usage":[6,16,19,19,24],"damage_taken":[{"damage":0,"enemies":"Cultist","floor":1,"turns":4},{"damage":0,"enemies":"Jaw Worm","floor":2,"turns":5},{"damage":3,"enemies":"2 Louse","floor":3,"turns":2},{"damage":6,"enemies":"2 Fungi Beasts","floor":4,"turns":4},{"damage":20,"enemies":"Exordium Thugs","floor":5,"turns":5},{"damage":28,"enemies":"Gremlin Nob","floor":6,"turns":5},{"damage":2,"enemies":"Red Slaver","floor":10,"turns":4},{"damage":1,"enemies":"Looter","floor":11,"turns":4},{"damage":32,"enemies":"The Guardian","floor":16,"turns":12},{"damage":5,"enemies":"3 Byrds","floor":18,"turns":5},{"damage":16,"enemies":"Spheric Guardian","floor":19,"turns":6},{"damage":29,"enemies":"Snake Plant","floor":22,"turns":7},{"damage":33,"enemies":"Book of Stabbing","floor":24,"turns":5}],"seed_played":"2712951209207211556","potions_obtained":[{"floor":5,"key":"SkillPotion"},{"floor":6,"key":"Weak Potion"},{"floor":10,"key":"Dexterity Potion"},{"floor":16,"key":"Swift Potion"},{"floor":19,"key":"FearPotion"}],"is_trial":false,"path_per_floor":["M","M","M","M","M","E","R","$","T","M","M","R","$","?","R","B",null,"M","M","?","$","M","R"],"character_chosen":"THE_SILENT","items_purchased":["Infinite Blades","Happy Flower"],"campfire_rested":3,"item_purchase_floors":[8,21],"current_hp_per_floor":[59,59,56,50,30,2,21,21,28,26,25,25,25,25,46,14,58,53,37,37,37,8,29,0],"gold":27,"neow_bonus":"BOSS_RELIC","is_prod":false,"is_daily":false,"chose_seed":false,"campfire_upgraded":1,"win_rate":0,"timestamp":1540194448,"path_taken":["M","M","M","M","M","E","R","$","T","M","M","R","$","?","R","BOSS","M","M","?","$","M","R","E"],"build_version":"2018-10-19","purchased_purges":1,"victory":false,"max_hp_per_floor":[66,66,66,66,66,66,66,66,73,73,73,73,73,73,73,73,73,73,73,73,73,73,73,73],"card_choices":[{"not_picked":["Backflip","Dodge and Roll"],"picked":"Flying Knee","floor":1},{"not_picked":["Bane","Dagger Throw"],"picked":"Quick Slash","floor":2},{"not_picked":["Crippling Poison","Backstab"],"picked":"Noxious Fumes","floor":3},{"not_picked":["Bane","Poisoned Stab"],"picked":"Noxious Fumes","floor":4},{"not_picked":["Riddle With Holes","Deflect"],"picked":"Dagger Spray","floor":5},{"not_picked":["Deadly Poison","Flying Knee"],"picked":"PiercingWail","floor":6},{"not_picked":["Dagger Throw","Concentrate"],"picked":"Backflip","floor":10},{"not_picked":["Finisher","Blur"],"picked":"Burst","floor":11},{"not_picked":["Adrenaline","Doppelganger"],"picked":"Corpse Explosion","floor":16},{"not_picked":["Deflect+1","All Out Attack"],"picked":"Cloak And Dagger","floor":18},{"not_picked":["Caltrops","Terror"],"picked":"Catalyst","floor":19},{"not_picked":["Poisoned Stab","Backflip"],"picked":"Cloak And Dagger","floor":22}],"player_experience":941373,"relics_obtained":[{"floor":6,"key":"Ornamental Fan"},{"floor":9,"key":"Strawberry"}],"event_choices":[{"damage_healed":0,"gold_gain":0,"player_choice":"Searched \u00271\u0027 times","damage_taken":0,"relics_obtained":["Bag of Preparation"],"max_hp_gain":0,"max_hp_loss":0,"event_name":"Dead Adventurer","floor":14,"gold_loss":0},{"damage_healed":0,"gold_gain":0,"player_choice":"Ignored","damage_taken":0,"max_hp_gain":0,"max_hp_loss":0,"event_name":"Vampires","floor":20,"gold_loss":0}],"is_beta":true,"boss_relics":[{"not_picked":["Eternal Feather","Velvet Choker"],"picked":"Empty Cage"}],"items_purged_floors":[8],"is_endless":false,"potions_floor_spawned":[5,6,10,16,19],"killed_by":"Book of Stabbing","ascension_level":15}