{"gold_per_floor":[111,131,131,156,156,156,181,217,288,303,67,83,83,99,99,222,222,235,248,248],"floor_reached":20,"playtime":1783,"items_purged":["Strike_B"],"score":196,"play_id":"950f8a32-03bf-468c-9fb1-f064a557b4c2","local_time":"20190329031922","is_ascension_mode":true,"campfire_choices":[{"data":"Zap","floor":6,"key":"SMITH"},{"data":"Consume","floor":13,"key":"SMITH"},{"data":"Echo Form","floor":15,"key":"SMITH"}],"neow_cost":"NONE","seed_source_timestamp":53215701192721,"circlet_count":0,"master_deck":["Strike_B","Strike_B","Defend_B","Defend_B","Defend_B","Defend_B","Zap+1","Dualcast","Steam","Chill","Redo","Conserve Battery","Go for the Eyes","Compile Driver","FTL","Sunder","Leap","Self Repair","Consume+1","Echo Form+1","Capacitor","Steam Power","Creative AI","Recycle+1","Glacier","Self Repair","Chill"],"relics":["Cracked Core","Lantern","Golden Idol","Prayer Wheel","Pear","Runic Pyramid"],"potions_floor_usage":[16,16,16,20],"damage_taken":[{"damage":7,"enemies":"Small Slimes","floor":1,"turns":3},{"damage":3,"enemies":"2 Louse","floor":2,"turns":3},{"damage":0,"enemies":"Cultist","floor":4,"turns":4},{"damage":0,"enemies":"3 Louse","floor":7,"turns":4},{"damage":1,"enemies":"Lagavulin","floor":8,"turns":7},{"damage":0,"enemies":"Large Slime","floor":10,"turns":4},{"damage":0,"enemies":"Exordium Wildlife","floor":12,"turns":5},{"damage":5,"enemies":"Exordium Thugs","floor":14,"turns":3},{"damage":11,"enemies":"Hexaghost","floor":16,"turns":7},{"damage":34,"enemies":"Shell Parasite","floor":18,"turns":9},{"damage":7,"enemies":"Chosen","floor":19,"turns":6},{"damage":7,"enemies":"Colosseum Slavers","floor":20,"turns":6},{"damage":98,"enemies":"Colosseum Nobs","floor":20,"turns":8}],"seed_played":"-8977630253672645295","potions_obtained":[{"floor":2,"key":"PowerPotion"},{"floor":4,"key":"Weak Potion"},{"floor":8,"key":"SkillPotion"},{"floor":14,"key":"AttackPotion"},{"floor":16,"key":"Regen Potion"},{"floor":19,"key":"EssenceOfSteel"}],"is_trial":false,"path_per_floor":["M","M","?","M","?","R","M","E","T","M","$","M","R","M","R","B",null,"M","M","?"],"character_chosen":"DEFECT","items_purchased":["Sunder","Leap","Self Repair"],"campfire_rested":0,"item_purchase_floors":[11,11,11],"current_hp_per_floor":[68,65,47,47,47,47,47,46,56,56,56,63,63,65,65,61,85,65,58,0],"gold":248,"neow_bonus":"RANDOM_COMMON_RELIC","is_prod":false,"is_daily":false,"chose_seed":false,"campfire_upgraded":3,"win_rate":0,"timestamp":1553825962,"path_taken":["M","M","?","M","?","R","M","E","T","M","$","M","R","M","R","BOSS","M","M","?"],"build_version":"2019-03-15","purchased_purges":1,"victory":false,"max_hp_per_floor":[75,75,75,75,75,75,75,75,85,85,85,85,85,85,85,85,85,85,85,85],"card_choices":[{"not_picked":["Rebound","Barrage"],"picked":"Steam","floor":1},{"not_picked":["Turbo","Gash"],"picked":"Chill","floor":2},{"not_picked":["Skim","Sweeping Beam"],"picked":"Redo","floor":4},{"not_picked":["Streamline","Storm"],"picked":"Conserve Battery","floor":7},{"not_picked":["Static Discharge","Turbo"],"picked":"Go for the Eyes","floor":8},{"not_picked":["Rebound","Turbo"],"picked":"Compile Driver","floor":10},{"not_picked":["Conserve Battery","Barrage"],"picked":"FTL","floor":10},{"not_picked":["Reprogram","Self Repair"],"picked":"Consume","floor":12},{"not_picked":["Glacier","Chill"],"picked":"Echo Form","floor":12},{"not_picked":["Gash","Ball Lightning"],"picked":"Capacitor","floor":14},{"not_picked":["Sweeping Beam","Stack"],"picked":"Steam Power","floor":14},{"not_picked":["Thunder Strike","Buffer"],"picked":"Creative AI","floor":16},{"not_picked":["Barrage","Streamline"],"picked":"Recycle+1","floor":18},{"not_picked":["Capacitor","Coolheaded+1"],"picked":"Glacier","floor":18},{"not_picked":["Steam Power+1","Reinforced Body"],"picked":"Self Repair","floor":19},{"not_picked":["Barrage","Consume+1"],"picked":"Chill","floor":19}],"player_experience":407140,"relics_obtained":[{"floor":8,"key":"Prayer Wheel"},{"floor":9,"key":"Pear"}],"event_choices":[{"damage_healed":0,"gold_gain":0,"player_choice":"Take Damage","damage_taken":18,"relics_obtained":["Golden Idol"],"max_hp_gain":0,"max_hp_loss":0,"event_name":"Golden Idol","floor":3,"gold_loss":0},{"cards_removed":["Strike_B"],"damage_healed":0,"gold_gain":0,"player_choice":"Offered Basic","damage_taken":0,"max_hp_gain":0,"max_hp_loss":0,"event_name":"Bonfire Elementals","floor":5,"gold_loss":0},{"damage_healed":0,"gold_gain":0,"player_choice":"Fight","damage_taken":0,"max_hp_gain":0,"max_hp_loss":0,"event_name":"Colosseum","floor":20,"gold_loss":0},{"damage_healed":0,"gold_gain":0,"player_choice":"Fought Nobs","damage_taken":0,"max_hp_gain":0,"max_hp_loss":0,"event_name":"Colosseum","floor":20,"gold_loss":0}],"is_beta":true,"boss_relics":[{"not_picked":["Tiny House","Coffee Dripper"],"picked":"Runic Pyramid"}],"items_purged_floors":[11],"is_endless":false,"potions_floor_spawned":[2,4,8,14,16,19],"killed_by":"Colosseum Nobs","ascension_level":2}