{"gold_per_floor":[359,374,73,73,89,89,118,118,118,137,137,165,165,184,184,258,258,270,284,22,72,91,91,110,110,110,310,321,337,365,381,381,455,455,469,485,485,213,213,247,23,55,55,70,70,70,104,114,114,114],"floor_reached":50,"playtime":4970,"items_purged":["Regret","Parasite","Strike_R"],"score":1274,"play_id":"cb333134-5246-43d2-840f-c94ab97496de","local_time":"20190506023448","is_ascension_mode":true,"campfire_choices":[{"data":"Clothesline","floor":6.0,"key":"SMITH"},{"floor":8.0,"key":"REST"},{"data":"Disarm","floor":15.0,"key":"SMITH"},{"floor":23.0,"key":"REST"},{"data":"Bash","floor":25.0,"key":"SMITH"},{"floor":32.0,"key":"REST"},{"data":"Body Slam","floor":45.0,"key":"SMITH"},{"data":"Corruption","floor":49,"key":"SMITH"}],"neow_cost":"CURSE","seed_source_timestamp":464272844524740,"circlet_count":0,"master_deck":["AscendersBane","Strike_R","Strike_R","Strike_R","Defend_R","Defend_R","Defend_R","Defend_R","Bash+1","Shockwave","Clothesline+1","True Grit","Disarm+1","Shrug It Off","Pommel Strike","Perfected Strike","Offering+1","Flex+1","True Grit+1","Corruption+1","Flame Barrier+1","True Grit+1","Shockwave+1","Armaments+1","Body Slam+1","Metallicize","Immolate","Disarm+1","Body Slam","Seeing Red+1","Battle Trance+1","Shrug It Off+1","Pommel Strike+1","Flame Barrier+1","Sentinel+1","Flex+1","Armaments+1","Writhe","Shrug It Off+1","Havoc+1"],"special_seed":0,"relics":["Burning Blood","Vajra","Mercury Hourglass","Toxic Egg 2","Art of War","Runic Pyramid","Pear","Centennial Puzzle","Orrery","Membership Card","Bag of Preparation","Kunai","Meat on the Bone","Pantograph","Sundial"],"potions_floor_usage":[47,48],"damage_taken":[{"damage":10.0,"enemies":"Small Slimes","floor":1.0,"turns":4.0},{"damage":13.0,"enemies":"Cultist","floor":2.0,"turns":5.0},{"damage":4.0,"enemies":"2 Louse","floor":5.0,"turns":3.0},{"damage":38.0,"enemies":"Lagavulin","floor":7.0,"turns":11.0},{"damage":33.0,"enemies":"Large Slime","floor":10.0,"turns":6.0},{"damage":22.0,"enemies":"3 Sentries","floor":12.0,"turns":5.0},{"damage":5.0,"enemies":"Gremlin Gang","floor":14.0,"turns":5.0},{"damage":14.0,"enemies":"The Guardian","floor":16.0,"turns":16.0},{"damage":32.0,"enemies":"Shell Parasite","floor":18.0,"turns":5.0},{"damage":28.0,"enemies":"Spheric Guardian","floor":19.0,"turns":6.0},{"damage":6.0,"enemies":"Centurion and Healer","floor":22.0,"turns":7.0},{"damage":9.0,"enemies":"Snake Plant","floor":24.0,"turns":4.0},{"damage":21.0,"enemies":"Cultist and Chosen","floor":28.0,"turns":7.0},{"damage":6.0,"enemies":"3 Cultists","floor":29.0,"turns":4.0},{"damage":14.0,"enemies":"Gremlin Leader","floor":30.0,"turns":6.0},{"damage":6.0,"enemies":"Centurion and Healer","floor":31.0,"turns":5.0},{"damage":27.0,"enemies":"Collector","floor":33.0,"turns":13.0},{"damage":0.0,"enemies":"3 Darklings","floor":35.0,"turns":5.0},{"damage":8.0,"enemies":"Orb Walker","floor":36.0,"turns":3.0},{"damage":28.0,"enemies":"Giant Head","floor":40.0,"turns":8.0},{"damage":6.0,"enemies":"Nemesis","floor":42.0,"turns":5.0},{"damage":14.0,"enemies":"4 Shapes","floor":44.0,"turns":3.0},{"damage":35,"enemies":"Reptomancer","floor":47,"turns":6},{"damage":11,"enemies":"Transient","floor":48,"turns":6},{"damage":89,"enemies":"Time Eater","floor":50,"turns":14}],"seed_played":"3889896238267407380","potions_obtained":[{"floor":7.0,"key":"Strength Potion"},{"floor":12.0,"key":"GamblersBrew"},{"floor":14.0,"key":"Block Potion"},{"floor":22.0,"key":"Fire Potion"},{"floor":30.0,"key":"PowerPotion"},{"floor":33.0,"key":"Energy Potion"},{"floor":35.0,"key":"Strength Potion"},{"floor":40.0,"key":"Block Potion"},{"floor":47,"key":"AttackPotion"}],"is_trial":false,"path_per_floor":["M","M","$","?","M","R","E","R","T","M","?","E","?","M","R","B",null,"M","M","$","?","M","R","M","R","T","?","M","M","E","M","R","B",null,"M","M","?","$","?","E","$","E","T","M","R","?","E","M","R","B"],"character_chosen":"IRONCLAD","items_purchased":["Vajra","True Grit","Corruption","LiquidBronze","Membership Card","Sentinel+1","Kunai","Swift Potion","Flex+1"],"campfire_rested":3,"item_purchase_floors":[3,3,20,20,38,41,41,41,41],"current_hp_per_floor":[64,57,57,57,59,59,27,49,49,22,40,24,24,25,25,17,61,35,13,13,13,13,34,31,31,41,41,26,26,18,18,42,21,67,73,71,71,71,71,49,49,49,49,53,53,69,52,59,59,0],"gold":114,"neow_bonus":"TWO_FIFTY_GOLD","is_prod":false,"is_daily":false,"chose_seed":false,"campfire_upgraded":5,"win_rate":0,"timestamp":1557102888,"path_taken":["M","M","$","?","M","R","E","R","T","?","?","E","?","M","R","BOSS","M","M","$","?","?","R","M","R","T","?","M","?","E","M","R","BOSS","M","M","?","$","?","E","$","E","T","M","R","?","E","M","R","BOSS"],"build_version":"2019-04-23","purchased_purges":3,"victory":false,"max_hp_per_floor":[75,75,75,75,75,75,75,75,75,75,75,75,75,75,75,75,75,75,75,72,72,72,72,72,72,82,82,82,82,82,82,82,82,82,82,82,82,82,82,82,82,82,82,82,82,82,82,82,82,82],"card_choices":[{"not_picked":["Perfected Strike","Sword Boomerang"],"picked":"Shockwave","floor":1.0},{"not_picked":["Warcry","Flex"],"picked":"Clothesline","floor":2.0},{"not_picked":["Metallicize","Shockwave"],"picked":"Shrug It Off","floor":5.0},{"not_picked":["Barricade","Berserk"],"picked":"Pommel Strike","floor":7.0},{"not_picked":["Clash","Sever Soul"],"picked":"Perfected Strike","floor":10.0},{"not_picked":["Whirlwind","Sword Boomerang","Clothesline"],"picked":"SKIP","floor":12.0},{"not_picked":["Cleave","Brutality","Sword Boomerang"],"picked":"SKIP","floor":14.0},{"not_picked":["Berserk","Bludgeon"],"picked":"Offering+1","floor":16.0},{"not_picked":["Pummel","Body Slam+1"],"picked":"Flex+1","floor":18.0},{"not_picked":["Metallicize","Wild Strike"],"picked":"True Grit+1","floor":19.0},{"not_picked":["Iron Wave+1","Clothesline"],"picked":"Flame Barrier+1","floor":22.0},{"not_picked":["Infernal Blade+1","Blood for Blood"],"picked":"True Grit+1","floor":24.0},{"not_picked":["Pommel Strike","Battle Trance+1"],"picked":"Shockwave+1","floor":28.0},{"not_picked":["Wild Strike","Headbutt"],"picked":"Armaments+1","floor":29.0},{"not_picked":["Headbutt","Intimidate+1"],"picked":"Body Slam","floor":30.0},{"not_picked":["Carnage","Body Slam"],"picked":"Metallicize","floor":31.0},{"not_picked":["Brutality","Double Tap+1"],"picked":"Immolate","floor":33.0},{"not_picked":["True Grit+1","Clothesline"],"picked":"Disarm+1","floor":34.0},{"not_picked":["Headbutt","Metallicize"],"picked":"Body Slam","floor":34.0},{"not_picked":["Evolve","Warcry+1"],"picked":"Seeing Red+1","floor":34.0},{"not_picked":["Thunderclap","Body Slam"],"picked":"Battle Trance+1","floor":34.0},{"not_picked":["Battle Trance+1","Second Wind+1"],"picked":"Shrug It Off+1","floor":35.0},{"not_picked":["True Grit+1","Searing Blow"],"picked":"Pommel Strike+1","floor":36.0},{"not_picked":["Pommel Strike","Iron Wave+1"],"picked":"Flame Barrier+1","floor":40.0},{"not_picked":["Havoc+1","Reckless Charge+1"],"picked":"Armaments+1","floor":42.0},{"not_picked":["Sword Boomerang+1","Fire Breathing+1","Clothesline+1"],"picked":"SKIP","floor":44.0},{"not_picked":["Bloodletting+1","Rage+1"],"picked":"Shrug It Off+1","floor":47},{"not_picked":["Shrug It Off+1","Seeing Red+1"],"picked":"Havoc+1","floor":48}],"player_experience":547548,"relics_obtained":[{"floor":7.0,"key":"Mercury Hourglass"},{"floor":9.0,"key":"Toxic Egg 2"},{"floor":12.0,"key":"Art of War"},{"floor":26.0,"key":"Pear"},{"floor":30.0,"key":"Centennial Puzzle"},{"floor":40.0,"key":"Bag of Preparation"},{"floor":42.0,"key":"Meat on the Bone"},{"floor":43.0,"key":"Pantograph"},{"floor":47,"key":"Sundial"}],"event_choices":[{"damage_healed":0.0,"max_hp_gain":0.0,"max_hp_loss":0.0,"gold_gain":0.0,"cards_transformed":["Strike_R"],"event_name":"Transmorgrifier","player_choice":"Transformed","floor":4.0,"gold_loss":0.0,"damage_taken":0.0,"cards_obtained":["Disarm"]},{"damage_healed":18.0,"max_hp_gain":0.0,"max_hp_loss":0.0,"gold_gain":0.0,"event_name":"Mushrooms","player_choice":"Healed and dodged fight","floor":11.0,"gold_loss":0.0,"damage_taken":0.0,"cards_obtained":["Parasite"]},{"damage_healed":0.0,"max_hp_gain":0.0,"max_hp_loss":0.0,"gold_gain":0.0,"event_name":"Liars Game","player_choice":"Ignored","floor":13.0,"gold_loss":0.0,"damage_taken":0.0},{"damage_healed":0.0,"max_hp_gain":0.0,"max_hp_loss":0.0,"gold_gain":50.0,"event_name":"Golden Shrine","player_choice":"Pray","floor":21.0,"gold_loss":0.0,"damage_taken":0.0},{"damage_healed":0.0,"max_hp_gain":0.0,"max_hp_loss":0.0,"gold_gain":200.0,"event_name":"Wheel of Change","player_choice":"Gold","floor":27.0,"gold_loss":0.0,"damage_taken":0.0},{"damage_healed":0.0,"max_hp_gain":0.0,"max_hp_loss":0.0,"gold_gain":0.0,"event_name":"SensoryStone","player_choice":"Memory 1","floor":37.0,"gold_loss":0.0,"damage_taken":0.0},{"damage_healed":0.0,"max_hp_gain":0.0,"max_hp_loss":0.0,"gold_gain":0.0,"event_name":"Mysterious Sphere","player_choice":"Ignored","floor":39.0,"gold_loss":0.0,"damage_taken":0.0},{"damage_healed":16.0,"max_hp_gain":0.0,"max_hp_loss":0.0,"gold_gain":0.0,"event_name":"Winding Halls","player_choice":"Writhe","floor":46.0,"gold_loss":0.0,"damage_taken":0.0,"cards_obtained":["Writhe"]}],"is_beta":true,"boss_relics":[{"not_picked":["Eternal Feather","Lizard Tail"],"picked":"Runic Pyramid"},{"not_picked":["Black Star","Coffee Dripper"],"picked":"Orrery"}],"items_purged_floors":[3,20,38],"is_endless":false,"potions_floor_spawned":[7,12,14,22,24,30,33,35,40,44,47],"killed_by":"Time Eater","ascension_level":20}