{"gold_per_floor":[112,131,141,141,156,189,15,31,31,63,93,130,130,16,16,111,111,127,140,65,102,118,118,118,118,145,145,163,181,213,232,232,232],"floor_reached":33,"playtime":3565,"items_purged":[],"score":257,"play_id":"ab202181-77c1-4af1-986b-aa1b3a4a7793","local_time":"20181024124150","is_ascension_mode":false,"campfire_choices":[{"data":"Deadly Poison","floor":13,"key":"SMITH"},{"floor":15,"key":"REST"},{"floor":23,"key":"REST"},{"data":"Burst","floor":25,"key":"SMITH"},{"floor":27,"key":"REST"},{"floor":32,"key":"REST"}],"neow_cost":"","seed_source_timestamp":329412013566246,"circlet_count":0,"master_deck":["Defend_G","Defend_G","Defend_G","Defend_G+1","Strike_G","Strike_G","Survivor","Neutralize","Deadly Poison+1","All Out Attack","Finisher","Underhanded Strike","Dodge and Roll","HandOfGreed","PiercingWail","Poisoned Stab","Flying Knee","Endless Agony","Infinite Blades","Leg Sweep+1","Burst+1","Deadly Poison+1","Skewer+1","Doppelganger+1","Flying Knee","Deflect+1","Predator","Bouncing Flask","Noxious Fumes","PiercingWail+1","Blade Dance+1","Blade Dance"],"relics":["Ring of the Snake","Kunai","Bag of Marbles","Bottled Lightning","Astrolabe","GremlinMask","War Paint"],"potions_floor_usage":[30,30,33,33],"damage_taken":[{"damage":0,"enemies":"Small Slimes","floor":1,"turns":4},{"damage":0,"enemies":"Cultist","floor":2,"turns":4},{"damage":0,"enemies":"2 Louse","floor":3,"turns":2},{"damage":2,"enemies":"Exordium Wildlife","floor":5,"turns":3},{"damage":30,"enemies":"3 Sentries","floor":6,"turns":5},{"damage":1,"enemies":"Looter","floor":8,"turns":4},{"damage":0,"enemies":"Exordium Thugs","floor":10,"turns":2},{"damage":0,"enemies":"Large Slime","floor":11,"turns":3},{"damage":0,"enemies":"Looter","floor":12,"turns":2},{"damage":10,"enemies":"Hexaghost","floor":16,"turns":9},{"damage":14,"enemies":"Shell Parasite","floor":18,"turns":4},{"damage":19,"enemies":"Spheric Guardian","floor":19,"turns":5},{"damage":9,"enemies":"Snecko","floor":21,"turns":4},{"damage":18,"enemies":"Centurion and Healer","floor":22,"turns":6},{"damage":0,"enemies":"Sentry and Sphere","floor":28,"turns":4},{"damage":21,"enemies":"Snake Plant","floor":29,"turns":3},{"damage":16,"enemies":"3 Cultists","floor":30,"turns":6},{"damage":9,"enemies":"Snecko","floor":31,"turns":5},{"damage":42,"enemies":"Champ","floor":33,"turns":8}],"seed_played":"-1570862513801007446","potions_obtained":[{"floor":2,"key":"Ancient Potion"},{"floor":6,"key":"EssenceOfSteel"},{"floor":8,"key":"LiquidBronze"},{"floor":12,"key":"Regen Potion"},{"floor":22,"key":"Ancient Potion"},{"floor":31,"key":"Strength Potion"}],"is_trial":false,"path_per_floor":["M","M","M","?","M","E","$","M","T","M","M","M","R","$","R","B",null,"M","M","?","M","M","R","?","R","T","R","M","M","M","M","R"],"character_chosen":"THE_SILENT","items_purchased":["HandOfGreed","Infinite Blades","Leg Sweep"],"campfire_rested":4,"item_purchase_floors":[7,14,14],"current_hp_per_floor":[70,70,70,70,68,38,38,37,37,37,37,37,37,37,58,48,70,56,37,37,28,10,31,31,31,31,52,52,31,30,21,42,0],"gold":232,"neow_bonus":"","is_prod":false,"is_daily":false,"chose_seed":false,"campfire_upgraded":2,"win_rate":0.0,"timestamp":1540399310,"path_taken":["M","M","M","?","M","E","$","?","T","M","M","M","R","?","R","BOSS","M","M","?","M","M","R","?","R","T","R","M","M","M","M","R","BOSS"],"build_version":"2018-10-18","purchased_purges":0,"victory":false,"max_hp_per_floor":[70,70,70,70,70,70,70,70,70,70,70,70,70,70,70,70,70,70,70,70,70,70,70,70,70,70,70,70,70,70,70,70,70],"card_choices":[{"not_picked":["Sucker Punch","Slice"],"picked":"Deadly Poison","floor":1},{"not_picked":["Prepared","Quick Slash"],"picked":"All Out Attack","floor":2},{"not_picked":["Dagger Throw","All Out Attack"],"picked":"Finisher","floor":3},{"not_picked":["Crippling Poison","Outmaneuver"],"picked":"Underhanded Strike","floor":5},{"not_picked":["Backstab","Heel Hook"],"picked":"Dodge and Roll","floor":6},{"not_picked":["Dagger Spray","Dash"],"picked":"PiercingWail","floor":8},{"not_picked":["Underhanded Strike","PiercingWail"],"picked":"Poisoned Stab","floor":10},{"not_picked":["Wraith Form v2","Slice"],"picked":"Flying Knee","floor":11},{"not_picked":["Flechettes","Deadly Poison"],"picked":"Endless Agony","floor":12},{"not_picked":["Die Die Die","Venomology"],"picked":"Burst","floor":16},{"not_picked":["Slice","Eviscerate"],"picked":"Flying Knee","floor":18},{"not_picked":["Quick Slash","Backflip"],"picked":"Deflect+1","floor":19},{"not_picked":["Noxious Fumes","Escape Plan"],"picked":"Predator","floor":21},{"not_picked":["Tactician","Heel Hook+1"],"picked":"Bouncing Flask","floor":22},{"not_picked":["Distraction","Reflex"],"picked":"Noxious Fumes","floor":28},{"not_picked":["Predator","Deadly Poison"],"picked":"PiercingWail+1","floor":29},{"not_picked":["Quick Slash","PiercingWail"],"picked":"Blade Dance+1","floor":30},{"not_picked":["Quick Slash","Deadly Poison+1"],"picked":"Blade Dance","floor":31}],"player_experience":1734,"relics_obtained":[{"floor":6,"key":"Bag of Marbles"},{"floor":9,"key":"Bottled Lightning"},{"floor":26,"key":"War Paint"}],"event_choices":[{"damage_healed":0,"gold_gain":0,"player_choice":"Gave Potion","damage_taken":0,"relics_obtained":["Kunai"],"max_hp_gain":0,"max_hp_loss":0,"event_name":"WeMeetAgain","floor":4,"gold_loss":0},{"cards_removed":["Defend_G"],"damage_healed":0,"gold_gain":0,"player_choice":"Gave Gold","damage_taken":0,"max_hp_gain":0,"max_hp_loss":0,"event_name":"Beggar","floor":20,"gold_loss":75},{"damage_healed":0,"gold_gain":0,"player_choice":"Trade","damage_taken":0,"relics_obtained":["GremlinMask"],"max_hp_gain":0,"max_hp_loss":0,"event_name":"FaceTrader","floor":24,"gold_loss":0}],"is_beta":false,"boss_relics":[{"not_picked":["Tiny House","Empty Cage"],"picked":"Astrolabe"}],"items_purged_floors":[],"is_endless":false,"potions_floor_spawned":[2,6,8,12,16,19,22,29,31],"killed_by":"Champ","ascension_level":0}