{"gold_per_floor":[115,115,115,133,10,38,38,57,57,57,85,85,104,29,29,131,131,150,150,150,150,169,169,181,198,198,198,218,231,7,17,17,113,113,123,123,139,154,168,168,187,187,265,299,315,139,167,167,167,167],"floor_reached":51,"playtime":3822,"items_purged":["Regret","Parasite"],"score":702,"play_id":"20ce4aae-a0c4-43e8-8822-19fb25cd7dc1","local_time":"20190318221314","is_ascension_mode":true,"campfire_choices":[{"data":"Cold Snap","floor":7,"key":"SMITH"},{"floor":10,"key":"REST"},{"data":"Redo","floor":12,"key":"SMITH"},{"data":"Dualcast","floor":15,"key":"SMITH"},{"data":"Creative AI","floor":23,"key":"SMITH"},{"floor":27,"key":"REST"},{"floor":32,"key":"REST"},{"floor":40,"key":"REST"},{"data":"Consume","floor":42,"key":"SMITH"},{"data":"Loop","floor":49,"key":"SMITH"}],"neow_cost":"NONE","seed_source_timestamp":116596115416738,"circlet_count":0,"master_deck":["Strike_B","Strike_B","Strike_B","Defend_B","Defend_B","Defend_B","Zap+1","Dualcast+1","Cold Snap+1","Conserve Battery","Lockon","Beam Cell+1","Redo+1","Sunder+1","Cold Snap+1","Creative AI+1","Barrage+1","Barrage+1","All For One+1","Consume+1","BootSequence","Compile Driver+1","Biased Cognition","Leap","Blizzard+1","Hologram+1","Hyperbeam+1","Recycle","Doom and Gloom+1","Consume+1","Sunder+1","Meteor Strike+1","Loop+1"],"relics":["Cracked Core","Ancient Tea Set","Mummified Hand","Molten Egg 2","Gambling Chip","Oddly Smooth Stone","Inserter","Ornamental Fan","Matryoshka","Orichalcum","Snecko Eye","Strawberry","Meat on the Bone","Bottled Flame","Gremlin Horn"],"potions_floor_usage":[16,16,21,21,35,44,45,47,50,50],"damage_taken":[{"damage":5,"enemies":"Jaw Worm","floor":1,"turns":4},{"damage":10,"enemies":"Small Slimes","floor":4,"turns":3},{"damage":21,"enemies":"3 Sentries","floor":6,"turns":8},{"damage":0,"enemies":"Cultist","floor":8,"turns":2},{"damage":1,"enemies":"Gremlin Nob","floor":11,"turns":3},{"damage":0,"enemies":"Lots of Slimes","floor":13,"turns":3},{"damage":10,"enemies":"Hexaghost","floor":16,"turns":6},{"damage":6,"enemies":"Spheric Guardian","floor":18,"turns":3},{"damage":23,"enemies":"Colosseum Slavers","floor":21,"turns":3},{"damage":0,"enemies":"Shell Parasite","floor":22,"turns":3},{"damage":2,"enemies":"Centurion and Healer","floor":24,"turns":5},{"damage":16,"enemies":"Snake Plant","floor":25,"turns":3},{"damage":0,"enemies":"Cultist and Chosen","floor":28,"turns":5},{"damage":13,"enemies":"Shelled Parasite and Fungi","floor":29,"turns":3},{"damage":0,"enemies":"Snecko","floor":31,"turns":6},{"damage":23,"enemies":"Automaton","floor":33,"turns":12},{"damage":21,"enemies":"3 Shapes","floor":35,"turns":5},{"damage":6,"enemies":"3 Darklings","floor":37,"turns":3},{"damage":2,"enemies":"Jaw Worm Horde","floor":38,"turns":2},{"damage":4,"enemies":"Transient","floor":39,"turns":5},{"damage":0,"enemies":"Spire Growth","floor":41,"turns":3},{"damage":32,"enemies":"Nemesis","floor":44,"turns":5},{"damage":5,"enemies":"Writhing Mass","floor":45,"turns":4},{"damage":38,"enemies":"Reptomancer","floor":47,"turns":4},{"damage":58,"enemies":"Awakened One","floor":50,"turns":7}],"seed_played":"8699758930664562786","potions_obtained":[{"floor":6,"key":"FairyPotion"},{"floor":11,"key":"Weak Potion"},{"floor":16,"key":"Poison Potion"},{"floor":18,"key":"FearPotion"},{"floor":25,"key":"Regen Potion"},{"floor":31,"key":"Poison Potion"},{"floor":33,"key":"Explosive Potion"},{"floor":39,"key":"SkillPotion"},{"floor":44,"key":"AttackPotion"},{"floor":45,"key":"Regen Potion"},{"floor":47,"key":"LiquidBronze"}],"is_trial":false,"path_per_floor":["M","?","?","M","$","E","R","M","T","R","E","R","M","$","R","B",null,"M","?","T","?","M","R","M","M","T","R","M","M","$","M","R","B",null,"M","?","M","M","M","R","M","R","T","E","M","$","E","?","R","B",null],"character_chosen":"DEFECT","items_purchased":["Lockon","FearPotion","Blizzard+1","Orichalcum","Loop"],"campfire_rested":4,"item_purchase_floors":[5,5,30,30,46],"current_hp_per_floor":[70,70,70,60,60,39,39,39,39,61,60,60,60,60,60,50,75,69,69,69,46,46,46,44,28,28,50,50,37,37,37,59,36,75,54,54,48,46,42,64,64,64,71,51,46,46,25,69,69,31],"gold":167,"neow_bonus":"RANDOM_COMMON_RELIC","is_prod":false,"is_daily":false,"chose_seed":false,"campfire_upgraded":6,"win_rate":0,"timestamp":1552943594,"path_taken":["M","?","?","M","$","E","R","M","T","R","E","R","M","$","R","BOSS","M","?","?","?","M","R","M","M","T","R","M","M","?","?","R","BOSS","M","?","?","M","M","R","M","R","T","E","M","?","E","?","R","BOSS"],"build_version":"2019-03-15","purchased_purges":2,"victory":true,"max_hp_per_floor":[75,75,75,75,75,75,75,75,75,75,75,75,75,75,75,75,75,75,75,75,75,75,75,75,75,75,75,75,75,75,75,75,75,75,75,75,75,75,75,75,75,75,82,82,82,79,79,69,69,69],"card_choices":[{"not_picked":["Sweeping Beam","Leap"],"picked":"Cold Snap","floor":1},{"not_picked":["Stack","Reinforced Body"],"picked":"Conserve Battery","floor":4},{"not_picked":["Compile Driver","Doom and Gloom"],"picked":"Beam Cell","floor":6},{"not_picked":["Sweeping Beam+1","Undo"],"picked":"Redo","floor":8},{"not_picked":["Streamline+1","Barrage+1"],"picked":"Sunder+1","floor":11},{"not_picked":["Sweeping Beam+1","Melter+1"],"picked":"Cold Snap+1","floor":13},{"not_picked":["Echo Form","Reboot"],"picked":"Creative AI","floor":16},{"not_picked":["Cold Snap+1","Conserve Battery"],"picked":"Barrage+1","floor":18},{"not_picked":["Scrape+1","Barrage+1"],"picked":"Consume","floor":22},{"not_picked":["Ball Lightning+1","Leap"],"picked":"BootSequence","floor":24},{"not_picked":["Genetic Algorithm","Melter+1"],"picked":"Compile Driver+1","floor":25},{"not_picked":["Streamline+1","Stack"],"picked":"Biased Cognition","floor":28},{"not_picked":["Rebound+1","White Noise"],"picked":"Leap","floor":29},{"not_picked":["White Noise","Coolheaded+1"],"picked":"Hologram+1","floor":31},{"not_picked":["Thunder Strike+1","Fission"],"picked":"Hyperbeam+1","floor":33},{"not_picked":["Sweeping Beam+1","Compile Driver+1"],"picked":"Recycle","floor":35},{"not_picked":["Hologram","Streamline+1"],"picked":"Doom and Gloom+1","floor":37},{"not_picked":["Tempest+1","Stack+1"],"picked":"Consume+1","floor":38},{"not_picked":["Gash+1","Hologram"],"picked":"Sunder+1","floor":39},{"not_picked":["Turbo+1","Go for the Eyes+1","Stack"],"picked":"SKIP","floor":41},{"not_picked":["Barrage+1","Reboot"],"picked":"Meteor Strike+1","floor":44},{"not_picked":["Hologram","Scrape+1","Gash+1"],"picked":"SKIP","floor":45},{"not_picked":["Barrage+1","FTL+1","Go for the Eyes+1"],"picked":"SKIP","floor":47}],"player_experience":316996,"relics_obtained":[{"floor":6,"key":"Molten Egg 2"},{"floor":9,"key":"Gambling Chip"},{"floor":11,"key":"Oddly Smooth Stone"},{"floor":20,"key":"Ornamental Fan"},{"floor":26,"key":"Matryoshka"},{"floor":43,"key":"Strawberry"},{"floor":43,"key":"Meat on the Bone"},{"floor":44,"key":"Bottled Flame"},{"floor":47,"key":"Gremlin Horn"}],"event_choices":[{"damage_healed":0,"gold_gain":0,"player_choice":"Grow","damage_taken":0,"max_hp_gain":0,"max_hp_loss":0,"event_name":"Living Wall","floor":2,"gold_loss":0,"cards_upgraded":["Zap"]},{"damage_healed":0,"gold_gain":0,"player_choice":"Box","damage_taken":0,"relics_obtained":["Mummified Hand"],"max_hp_gain":0,"max_hp_loss":0,"event_name":"Big Fish","floor":3,"gold_loss":0,"cards_obtained":["Regret"]},{"damage_healed":0,"gold_gain":0,"cards_transformed":["Strike_B","Defend_B"],"player_choice":"Became Test Subject","damage_taken":0,"max_hp_gain":0,"max_hp_loss":0,"event_name":"Drug Dealer","floor":19,"gold_loss":0,"cards_obtained":["Barrage","All For One"]},{"damage_healed":0,"gold_gain":0,"player_choice":"Fight","damage_taken":0,"max_hp_gain":0,"max_hp_loss":0,"event_name":"Colosseum","floor":21,"gold_loss":0},{"damage_healed":0,"gold_gain":0,"player_choice":"Fled From Nobs","damage_taken":0,"max_hp_gain":0,"max_hp_loss":0,"event_name":"Colosseum","floor":21,"gold_loss":0},{"damage_healed":0,"gold_gain":0,"player_choice":"Ignored","damage_taken":0,"max_hp_gain":0,"max_hp_loss":0,"event_name":"SecretPortal","floor":36,"gold_loss":0},{"damage_healed":69,"gold_gain":0,"player_choice":"Heal","damage_taken":0,"max_hp_gain":0,"max_hp_loss":10,"event_name":"The Moai Head","floor":48,"gold_loss":0}],"is_beta":true,"boss_relics":[{"not_picked":["Coffee Dripper","Orrery"],"picked":"Inserter"},{"not_picked":["Nuclear Battery","Runic Pyramid"],"picked":"Snecko Eye"}],"items_purged_floors":[14,46],"is_endless":false,"potions_floor_spawned":[6,11,13,16,18,25,31,33,39,44,45,47],"ascension_level":1}