{"gold_per_floor":[113,123,143,293,179,179,208,227,227,227,246,265,8,40,40,145,145,165,179,193,203,222,253,253,280,280,280,314,464,500,537,537,670,670,715,715,26,57,101,148,186,43,43,101,101,153,202,245,245,279],"floor_reached":51,"playtime":4536,"items_purged":["Shame","Defend_B","Defend_B","Defend_B"],"score":1111,"play_id":"a23da2cd-a6c7-4411-bfae-62649e2f86b1","local_time":"20190530212741","is_ascension_mode":true,"campfire_choices":[{"data":"Static Discharge","floor":6.0,"key":"SMITH"},{"data":"Steam Power","floor":10.0,"key":"SMITH"},{"data":"Buffer","floor":24,"key":"SMITH"},{"data":"Clawfect:ClawCell","floor":27,"key":"SMITH"},{"floor":32,"key":"REST"},{"data":"Machine Learning","floor":45,"key":"SMITH"},{"data":"Skim","floor":49,"key":"SMITH"}],"neow_cost":"NONE","seed_source_timestamp":0,"circlet_count":0,"master_deck":["Gash","Gash","Gash","Gash","Gash","Defend_B+1","Madness+1","Static Discharge+1","Steam Power+1","Conserve Battery","Clawfect:ClawingBeam","Clawfect:ClawSnap","Conserve Battery","Buffer+1","Clawfect:ClawCell+1","Clawfect:ClawLightning","Leap","FTL","Clawfect:ClawForTheEyes+1","Clawfect:ClawSnap","Coolheaded+1","Genetic Algorithm+1","Skim+1","Machine Learning+1","Clawfect:ClawSnap","Clawfect:ClawCell+1","Clawfect:Clawrage","BootSequence"],"special_seed":0,"relics":["Clawfect:DRClaw","ReplayTheSpireMod:CursedCoin","Question Card","Replay:Ringing Soul","Replay:WaspNest","Meat on the Bone","War Paint","hubris:TinFlute","Runic Pyramid","Nunchaku","hubris:BottledRain","Garlic","Bandana","Nuclear Battery","Replay:Wax Seal","Strawberry","OrangePellets","Vajra","Bag of Marbles","conspire:DeflatedDodgeball","halation:BottledLove","The Courier"],"potions_floor_usage":[12,20,21,50,50],"damage_taken":[{"damage":0.0,"enemies":"Cultist","floor":1.0,"turns":4.0},{"damage":2.0,"enemies":"conspire:RoseBush","floor":2.0,"turns":4.0},{"damage":2.0,"enemies":"Small Slimes","floor":3.0,"turns":4.0},{"damage":16.0,"enemies":"Lagavulin","floor":7.0,"turns":6.0},{"damage":3.0,"enemies":"Looter","floor":8.0,"turns":4.0},{"damage":4.0,"enemies":"Red Slaver","floor":11.0,"turns":3.0},{"damage":4,"enemies":"Gremlin Gang","floor":12,"turns":5},{"damage":24,"enemies":"Gremlin Nob","floor":14,"turns":3},{"damage":0,"enemies":"Fading Forest","floor":16,"turns":11},{"damage":11,"enemies":"theJungle:Flameango_and_Byrd","floor":18,"turns":3},{"damage":10,"enemies":"theJungle:GiantWrat","floor":19,"turns":5},{"damage":29,"enemies":"theJungle:Lyon","floor":20,"turns":4},{"damage":44,"enemies":"theJungle:2_Snecko_Cultists","floor":21,"turns":4},{"damage":3,"enemies":"theJungle:SlimyTreeVines","floor":22,"turns":5},{"damage":0,"enemies":"theJungle:MamaSnecko","floor":23,"turns":5},{"damage":5,"enemies":"theJungle:Cassacara","floor":25,"turns":5},{"damage":0,"enemies":"theJungle:2_Phrogs","floor":28,"turns":5},{"damage":7,"enemies":"theJungle:JungleHuntersEncounter","floor":30,"turns":5},{"damage":0,"enemies":"theJungle:Lyon","floor":31,"turns":4},{"damage":0,"enemies":"theJungle:QueenSpyder","floor":33,"turns":6},{"damage":0,"enemies":"3 Darklings","floor":35,"turns":4},{"damage":1,"enemies":"Orb Walker","floor":38,"turns":4},{"damage":0,"enemies":"Sphere and 2 Shapes","floor":39,"turns":5},{"damage":25,"enemies":"R_Hoarder","floor":40,"turns":9},{"damage":0,"enemies":"4 Shapes","floor":41,"turns":5},{"damage":0,"enemies":"Nemesis","floor":44,"turns":5},{"damage":0,"enemies":"R_Hoarder","floor":46,"turns":6},{"damage":0,"enemies":"Writhing Mass","floor":47,"turns":3},{"damage":0,"enemies":"Transient","floor":48,"turns":5},{"damage":1,"enemies":"Donu and Deca","floor":50,"turns":5}],"seed_played":"-3831777819484177346","potions_obtained":[{"floor":2.0,"key":"Energy Potion"},{"floor":3.0,"key":"Regen Potion"},{"floor":8.0,"key":"SteroidPotion"},{"floor":16,"key":"PowerPotion"},{"floor":18,"key":"Strength Potion"},{"floor":20,"key":"Adrenaline Potion"},{"floor":22,"key":"Elixir"},{"floor":23,"key":"SkillPotion"},{"floor":31,"key":"PowerPotion"}],"is_trial":false,"path_per_floor":["M","M","M","$","$","R","E","M","T","R","M","M","$","E","R","B",null,"M","M","M","M","M","E","R","E","T","R","E","?","M","M","R","B",null,"M","?","$","M","M","E","M","$","T","E","R","E","M","M","R","B",null],"character_chosen":"DEFECT","items_purchased":["ReplayTheSpireMod:CursedCoin","Question Card","Replay:Ringing Soul","Steam Power","War Paint","Replay:Wax Seal","Strawberry","OrangePellets","Machine Learning","Clawfect:ClawSnap","Bag of Marbles"],"campfire_rested":1,"item_purchase_floors":[4,4,4,5,13,37,37,37,37,37,42],"current_hp_per_floor":[82,80,78,42,45,45,32,29,29,29,40,51,51,42,42,63,100,92,85,59,36,54,69,69,67,67,67,70,70,63,66,103,103,124,127,127,137,136,136,114,114,114,114,114,114,117,120,120,120,119],"gold":279,"neow_bonus":"TEN_PERCENT_HP_BONUS","is_prod":false,"is_daily":false,"chose_seed":false,"campfire_upgraded":6,"win_rate":0,"timestamp":1559276861,"path_taken":["M","M","M","?","$","R","E","M","T","R","?","M","?","E","R","BOSS","M","M","?","M","M","E","R","E","T","R","E","?","M","M","R","BOSS","M","?","$","M","?","E","M","$","T","E","R","E","M","M","R","BOSS"],"build_version":"2019-01-23","purchased_purges":4,"victory":true,"max_hp_per_floor":[82,82,82,82,85,85,88,88,88,88,91,94,94,97,97,100,100,103,106,109,109,112,115,115,118,118,118,121,121,121,124,124,124,124,127,127,137,137,137,140,140,140,140,140,140,143,146,146,146,146],"card_choices":[{"not_picked":["BasicCrystalCard","Clawfect:Clawrage"],"picked":"FTL","floor":1.0},{"not_picked":["Stack","Clawfect:ClawpileDriver","Redo"],"picked":"SKIP","floor":2.0},{"not_picked":["Stack","Clawfect:ClawSnap"],"picked":"Static Discharge","floor":3.0},{"not_picked":["Clawfect:ClawpileDriver","Stack","Clawfect:Clawline"],"picked":"Conserve Battery","floor":7.0},{"not_picked":["Stack","Aggregate","BasicCrystalCard","Hologram"],"picked":"SKIP","floor":8.0},{"not_picked":["Clawfect:ClawForTheEyes","Clawfect:Clawter","Reinforced Body"],"picked":"Clawfect:ClawingBeam","floor":11.0},{"not_picked":["Mirror Shield","ReplaySort","Gash"],"picked":"Clawfect:ClawSnap","floor":12},{"not_picked":["Recycle","Rebound","Turbo"],"picked":"Conserve Battery","floor":14},{"not_picked":["Creative AI","Core Surge","ReplayTheSpireMod:Omega Cannon"],"picked":"Buffer","floor":16},{"not_picked":["Steam+1","Chill","Chaos"],"picked":"Clawfect:ClawCell","floor":18},{"not_picked":["Clawfect:ClawingBeam","conspire:SharedLibrary","Clawfect:ClawForTheEyes"],"picked":"Clawfect:ClawLightning","floor":19},{"not_picked":["Panic Button","Stack+1","Creative AI"],"picked":"Leap","floor":20},{"not_picked":["Stack+1","Redo","Hologram","ReplayTheSpireMod:System Scan"],"picked":"SKIP","floor":21},{"not_picked":["hubris:PowerSurge","Hello World","Clawfect:Clawter"],"picked":"FTL","floor":22},{"not_picked":["Stack","Gash","Steam Power"],"picked":"Clawfect:ClawForTheEyes+1","floor":23},{"not_picked":["Meteor Strike","Hologram","Crystallizer"],"picked":"Clawfect:ClawSnap","floor":25},{"not_picked":["Clawfect:Clawrage","Blizzard","Clawfect:ClawLightning"],"picked":"Coolheaded+1","floor":28},{"not_picked":["Panic Button","Steam","Clawfect:ClawLightning+1","hubris:PowerSurge"],"picked":"SKIP","floor":30},{"not_picked":["Clawfect:Clawline","Skim","conspire:SharedLibrary"],"picked":"Genetic Algorithm+1","floor":31},{"not_picked":["Steam+1","Undo","Glacier+1"],"picked":"Skim","floor":35},{"not_picked":["Skim","Hologram+1","Blizzard","Loop+1"],"picked":"SKIP","floor":38},{"not_picked":["Clawfect:Clawter+1","Coolheaded+1","Clawfect:Clawline+1","Leap"],"picked":"SKIP","floor":39},{"not_picked":["Stack+1","Clawfect:Clawline","Lockon+1"],"picked":"Clawfect:ClawCell+1","floor":40},{"not_picked":["Steam+1","Gash","Rebound+1","ReplayTheSpireMod:Dual Polarity+1"],"picked":"SKIP","floor":41},{"not_picked":["Conserve Battery+1","Reinforced Body","hubris:Ukulele","Rebound"],"picked":"SKIP","floor":44},{"not_picked":["Recycle","Skim+1","Leap"],"picked":"Clawfect:Clawrage","floor":46},{"not_picked":["Clawfect:Clawter+1","Clawfect:ClawSnap+1","Glacier"],"picked":"BootSequence","floor":47},{"not_picked":["Clawfect:ScrapingClaw","Chaos","Storm+1","Clawfect:ClawSnap+1"],"picked":"SKIP","floor":48}],"player_experience":1245240,"relics_obtained":[{"floor":7.0,"key":"Replay:WaspNest"},{"floor":9.0,"key":"Meat on the Bone"},{"floor":14,"key":"hubris:TinFlute"},{"floor":23,"key":"Nunchaku"},{"floor":25,"key":"hubris:BottledRain"},{"floor":26,"key":"Garlic"},{"floor":28,"key":"Bandana"},{"floor":40,"key":"Vajra"},{"floor":43,"key":"conspire:DeflatedDodgeball"},{"floor":44,"key":"halation:BottledLove"},{"floor":46,"key":"The Courier"}],"event_choices":[{"damage_healed":0,"gold_gain":0,"player_choice":"Disagree","damage_taken":0,"max_hp_gain":0,"max_hp_loss":0,"event_name":"conspire:LoneGhost","floor":15,"gold_loss":0},{"cards_removed":["Defend_B"],"damage_healed":0,"gold_gain":0,"player_choice":"Purged","damage_taken":0,"max_hp_gain":0,"max_hp_loss":0,"event_name":"Purifier","floor":36,"gold_loss":0}],"is_beta":false,"boss_relics":[{"not_picked":["hubris:TerracottaHorce","hubris:BlackHole"],"picked":"Runic Pyramid"},{"not_picked":["Calling Bell","hubris:Stopwatch"],"picked":"Nuclear Battery"}],"items_purged_floors":[4,5,13,37],"is_endless":false,"potions_floor_spawned":[2,3,8,16,18,20,22,23,31,33,35,41,46],"ascension_level":1}