{"gold_per_floor":[111,130,148,160,48,73,85,85,85,85,114,142,142,157,157,234,234,234,174,174,154,154],"floor_reached":22,"playtime":1026,"items_purged":["Strike_R"],"score":392,"play_id":"2155af3b-0362-488a-ba9a-7486aa532d81","local_time":"20190115022045","is_ascension_mode":true,"campfire_choices":[{"data":"Armaments","floor":8,"key":"SMITH"},{"data":"True Grit","floor":10,"key":"SMITH"},{"data":"Limit Break","floor":15,"key":"SMITH"}],"neow_cost":"NONE","seed_source_timestamp":705314247122363,"circlet_count":0,"master_deck":["AscendersBane","Strike_R","Strike_R","Strike_R","Defend_R","Defend_R","Defend_R","Defend_R","Bash","Rampage","Cleave","Headbutt","Armaments+1","Feel No Pain","True Grit+1","Intimidate","Spot Weakness","Uppercut","Limit Break+1","Offering","Power Through"],"relics":["Burning Blood","NeowsBlessing","Potion Belt","Bag of Preparation","Odd Mushroom","Ectoplasm","Boot"],"potions_floor_usage":[6,11,16,18,22],"damage_taken":[{"damage":0,"enemies":"Jaw Worm","floor":1,"turns":1},{"damage":0,"enemies":"Cultist","floor":2,"turns":1},{"damage":0,"enemies":"Small Slimes","floor":3,"turns":1},{"damage":15,"enemies":"Red Slaver","floor":4,"turns":5},{"damage":30,"enemies":"Lagavulin","floor":6,"turns":7},{"damage":3,"enemies":"Looter","floor":7,"turns":5},{"damage":25,"enemies":"3 Sentries","floor":11,"turns":9},{"damage":19,"enemies":"The Mushroom Lair","floor":12,"turns":5},{"damage":5,"enemies":"Exordium Thugs","floor":14,"turns":6},{"damage":30,"enemies":"The Guardian","floor":16,"turns":12},{"damage":56,"enemies":"3 Byrds","floor":18,"turns":7},{"damage":7,"enemies":"2 Thieves","floor":19,"turns":4},{"damage":8,"enemies":"Snake Plant","floor":22,"turns":2}],"seed_played":"-8309818573799115005","potions_obtained":[{"floor":2,"key":"Strength Potion"},{"floor":3,"key":"BloodPotion"},{"floor":11,"key":"SneckoOil"},{"floor":12,"key":"Regen Potion"},{"floor":14,"key":"Strength Potion"},{"floor":21,"key":"PowerPotion"}],"is_trial":false,"path_per_floor":["M","M","M","M","$","E","M","R","T","R","E","?","?","M","R","B",null,"M","M","T","?","M"],"character_chosen":"IRONCLAD","items_purchased":["Feel No Pain"],"campfire_rested":0,"item_purchase_floors":[5],"current_hp_per_floor":[74,75,75,66,66,42,45,45,45,45,33,20,20,21,21,12,59,9,8,8,8,0],"gold":154,"neow_bonus":"THREE_ENEMY_KILL","is_prod":false,"is_daily":false,"chose_seed":false,"campfire_upgraded":3,"win_rate":0,"timestamp":1547547645,"path_taken":["M","M","M","M","$","E","M","R","T","R","E","?","?","?","R","BOSS","M","?","?","?","M"],"build_version":"2019-01-14v2","purchased_purges":1,"victory":false,"max_hp_per_floor":[75,75,75,75,75,75,75,75,75,75,75,75,75,75,75,75,75,75,75,75,75,75],"card_choices":[{"not_picked":["Flex","Sentinel"],"picked":"Rampage","floor":1},{"not_picked":["Power Through","Sentinel"],"picked":"Cleave","floor":2},{"not_picked":["Twin Strike","Thunderclap"],"picked":"Headbutt","floor":3},{"not_picked":["Wild Strike","Seeing Red"],"picked":"Armaments","floor":4},{"not_picked":["Sword Boomerang","Twin Strike"],"picked":"True Grit","floor":6},{"not_picked":["True Grit","Cleave"],"picked":"Intimidate","floor":7},{"not_picked":["Heavy Blade","Sword Boomerang"],"picked":"Spot Weakness","floor":11},{"not_picked":["Rage","Thunderclap"],"picked":"Uppercut","floor":12},{"not_picked":["Twin Strike","Reckless Charge","Dual Wield"],"picked":"SKIP","floor":14},{"not_picked":["Exhume","Barricade"],"picked":"Offering","floor":16},{"not_picked":["Rage","Anger"],"picked":"Power Through","floor":18},{"not_picked":["Flex","Perfected Strike","Anger"],"picked":"SKIP","floor":19}],"player_experience":1190070,"relics_obtained":[{"floor":6,"key":"Potion Belt"},{"floor":11,"key":"Bag of Preparation"},{"floor":12,"key":"Odd Mushroom"},{"floor":20,"key":"Boot"}],"event_choices":[{"damage_healed":0,"gold_gain":0,"player_choice":"Fought Mushrooms","damage_taken":0,"max_hp_gain":0,"max_hp_loss":0,"event_name":"Mushrooms","floor":12,"gold_loss":0},{"damage_healed":0,"gold_gain":0,"cards_transformed":["Strike_R"],"player_choice":"Transformed","damage_taken":0,"max_hp_gain":0,"max_hp_loss":0,"event_name":"Transmorgrifier","floor":13,"gold_loss":0,"cards_obtained":["Limit Break"]},{"damage_healed":0,"gold_gain":0,"player_choice":"Bought 1 Potion","damage_taken":0,"max_hp_gain":0,"max_hp_loss":0,"event_name":"The Woman in Blue","floor":21,"gold_loss":0}],"is_beta":true,"boss_relics":[{"not_picked":["White Beast Statue","Empty Cage"],"picked":"Ectoplasm"}],"items_purged_floors":[5],"is_endless":false,"potions_floor_spawned":[2,3,11,12,14],"killed_by":"Snake Plant","ascension_level":20}