{"gold_per_floor":[116,191,207,221,235,235,262,262,262,49,61,72,89,30,30,106,106,62,82,0,15,15,15],"floor_reached":23,"playtime":1952,"items_purged":[],"score":390,"play_id":"e4f995e6-2cb6-461f-80a4-554aacba3a43","local_time":"20190829112912","is_ascension_mode":true,"campfire_choices":[{"data":"Dash","floor":6.0,"key":"SMITH"},{"floor":15.0,"key":"REST"}],"neow_cost":"NONE","seed_source_timestamp":252833765878500,"circlet_count":0,"master_deck":["AscendersBane","Strike_G","Strike_G","Strike_G","Defend_G","Defend_G","Defend_G","Defend_G","Defend_G","Survivor","Neutralize+1","Crippling Poison","Bouncing Flask","Dash+1","Leg Sweep","Mayhem","Footwork","Leg Sweep","Dash","Backflip","Crippling Poison","Wraith Form v2","Expertise+1","Deadly Poison"],"special_seed":0,"relics":["Ring of the Snake","Oddly Smooth Stone","Dream Catcher","Sozu"],"potions_floor_usage":[16,23,23],"damage_taken":[{"damage":0.0,"enemies":"2 Louse","floor":1.0,"turns":3.0},{"damage":1.0,"enemies":"Cultist","floor":3.0,"turns":5.0},{"damage":9.0,"enemies":"Small Slimes","floor":4.0,"turns":3.0},{"damage":0.0,"enemies":"Blue Slaver","floor":5.0,"turns":5.0},{"damage":26.0,"enemies":"Lagavulin","floor":7.0,"turns":6.0},{"damage":0.0,"enemies":"3 Louse","floor":11.0,"turns":3.0},{"damage":4.0,"enemies":"Large Slime","floor":12.0,"turns":10.0},{"damage":3.0,"enemies":"Gremlin Gang","floor":13.0,"turns":7.0},{"damage":10,"enemies":"The Guardian","floor":16,"turns":11},{"damage":14,"enemies":"2 Thieves","floor":18,"turns":5},{"damage":1,"enemies":"3 Byrds","floor":19,"turns":6},{"damage":10,"enemies":"Centurion and Healer","floor":21,"turns":10},{"damage":32,"enemies":"Slavers","floor":23,"turns":8}],"seed_played":"4500700475374256634","potions_obtained":[{"floor":1.0,"key":"Energy Potion"},{"floor":11.0,"key":"Dexterity Potion"},{"floor":12.0,"key":"Block Potion"},{"floor":16,"key":"GhostInAJar"}],"is_trial":false,"path_per_floor":["M","?","M","M","M","R","E","?","T","$","M","M","M","$","R","B",null,"M","M","?","M","?","E"],"character_chosen":"THE_SILENT","items_purchased":["Mayhem","Backflip"],"campfire_rested":1,"item_purchase_floors":[10,14],"current_hp_per_floor":[59,48,47,38,38,38,12,12,12,12,12,8,5,5,24,14,53,39,38,38,28,28,0],"gold":15,"neow_bonus":"UPGRADE_CARD","is_prod":false,"is_daily":false,"chose_seed":false,"campfire_upgraded":1,"win_rate":0,"timestamp":1567092552,"path_taken":["M","?","M","M","M","R","E","?","T","$","M","?","?","?","R","BOSS","M","M","?","M","?","E"],"build_version":"2019-07-17","purchased_purges":0,"victory":false,"max_hp_per_floor":[66,66,66,66,66,66,66,66,66,66,66,66,66,66,66,66,66,66,66,66,66,66,66],"card_choices":[{"not_picked":["Accuracy","Underhanded Strike","Bane"],"picked":"SKIP","floor":1.0},{"not_picked":["Dodge and Roll","Terror"],"picked":"Crippling Poison","floor":3.0},{"not_picked":["Calculated Gamble","Bane"],"picked":"Bouncing Flask","floor":4.0},{"not_picked":["Blade Dance","Deflect"],"picked":"Dash","floor":5.0},{"not_picked":["Riddle With Holes","Cloak And Dagger"],"picked":"Leg Sweep","floor":7.0},{"not_picked":["Quick Slash","Envenom"],"picked":"Footwork","floor":11.0},{"not_picked":["Backflip","Outmaneuver"],"picked":"Leg Sweep","floor":12.0},{"not_picked":["Slice","Cloak And Dagger"],"picked":"Dash","floor":13.0},{"not_picked":["Bane","Prepared"],"picked":"Crippling Poison","floor":15.0},{"not_picked":["Bullet Time","Unload"],"picked":"Wraith Form v2","floor":16},{"not_picked":["Eviscerate","Bane"],"picked":"Expertise+1","floor":18},{"not_picked":["Endless Agony","Slice"],"picked":"Deadly Poison","floor":19},{"not_picked":["Finisher","All Out Attack+1","Bane"],"picked":"SKIP","floor":21}],"player_experience":738999,"relics_obtained":[{"floor":7.0,"key":"Oddly Smooth Stone"},{"floor":9.0,"key":"Dream Catcher"}],"event_choices":[{"damage_healed":0.0,"max_hp_gain":0.0,"max_hp_loss":0.0,"gold_gain":75.0,"event_name":"World of Goop","player_choice":"Gather Gold","floor":2.0,"gold_loss":0.0,"damage_taken":11.0},{"cards_removed":["Strike_G"],"damage_healed":0.0,"max_hp_gain":0.0,"max_hp_loss":0.0,"gold_gain":0.0,"event_name":"Purifier","player_choice":"Purged","floor":8.0,"gold_loss":0.0,"damage_taken":0.0},{"damage_healed":0,"gold_gain":0,"player_choice":"Paid Fearfully","damage_taken":0,"max_hp_gain":0,"max_hp_loss":0,"event_name":"Masked Bandits","floor":20,"gold_loss":82},{"cards_removed":["Strike_G"],"damage_healed":0,"gold_gain":0,"player_choice":"Card Removal","damage_taken":0,"max_hp_gain":0,"max_hp_loss":0,"event_name":"Wheel of Change","floor":22,"gold_loss":0}],"is_beta":false,"boss_relics":[{"not_picked":["WristBlade","Cursed Key"],"picked":"Sozu"}],"items_purged_floors":[],"is_endless":false,"potions_floor_spawned":[1,11,12,13,16],"killed_by":"Slavers","ascension_level":20}