{"gold_per_floor":[114,114,114,127,29,29,58,58,58,77,77,103,103,114,114,191,191,204,151,161,178,198,198,198],"floor_reached":24,"playtime":1123,"items_purged":[],"score":462,"play_id":"5c9cb64e-b415-4006-9579-1278da205347","local_time":"20190113222326","is_ascension_mode":true,"campfire_choices":[{"data":"Armaments","floor":6.0,"key":"SMITH"},{"data":"Disarm","floor":8,"key":"SMITH"},{"data":"Bash","floor":13,"key":"SMITH"},{"data":"Sword Boomerang","floor":15,"key":"SMITH"},{"floor":23,"key":"REST"}],"neow_cost":"NONE","seed_source_timestamp":0,"circlet_count":0,"master_deck":["AscendersBane","Bash+1","Armaments+1","Shrug It Off","Inflame+1","Sword Boomerang+1","Disarm+1","Clothesline+1","Brutality","Thunderclap+1","Sever Soul+1","Offering","Sword Boomerang+1","Body Slam+1","Carnage+1","Havoc","Combust","Twin Strike+1","Shrug It Off","Sentinel","Intimidate"],"special_seed":0,"relics":["Burning Blood","NeowsBlessing","Pocketwatch","Bird Faced Urn","Gremlin Horn","Molten Egg 2","Pandora\u0027s Box"],"potions_floor_usage":[21,24],"damage_taken":[{"damage":0.0,"enemies":"Cultist","floor":1.0,"turns":1.0},{"damage":0.0,"enemies":"2 Louse","floor":4.0,"turns":1.0},{"damage":0,"enemies":"3 Sentries","floor":7,"turns":2},{"damage":0,"enemies":"Small Slimes","floor":10,"turns":4},{"damage":27,"enemies":"Gremlin Nob","floor":12,"turns":4},{"damage":2,"enemies":"Looter","floor":14,"turns":4},{"damage":21,"enemies":"Slime Boss","floor":16,"turns":11},{"damage":21,"enemies":"Spheric Guardian","floor":18,"turns":3},{"damage":24,"enemies":"2 Thieves","floor":20,"turns":4},{"damage":26,"enemies":"Centurion and Healer","floor":21,"turns":3},{"damage":24,"enemies":"Sentry and Sphere","floor":22,"turns":4},{"damage":48,"enemies":"Book of Stabbing","floor":24,"turns":4}],"seed_played":"-1854813990921274106","potions_obtained":[{"floor":7,"key":"Dexterity Potion"},{"floor":12,"key":"SpeedPotion"},{"floor":14,"key":"Regen Potion"},{"floor":22,"key":"LiquidBronze"}],"is_trial":false,"path_per_floor":["M","$","?","M","$","R","E","R","T","M","?","E","R","M","R","B",null,"M","$","M","M","M","R","E"],"character_chosen":"IRONCLAD","items_purchased":["Inflame","Sword Boomerang","Shrug It Off"],"campfire_rested":1,"item_purchase_floors":[5,5,19],"current_hp_per_floor":[74,74,69,75,75,75,75,75,75,75,75,54,54,60,60,47,68,59,59,45,34,20,42,0],"gold":198,"neow_bonus":"THREE_ENEMY_KILL","is_prod":false,"is_daily":false,"chose_seed":false,"campfire_upgraded":4,"win_rate":0,"timestamp":1547447006,"path_taken":["M","$","?","M","$","R","E","R","T","M","?","E","R","M","R","BOSS","M","$","M","?","M","R","E"],"build_version":"2019-01-10","purchased_purges":0,"victory":false,"max_hp_per_floor":[75,75,75,75,75,75,75,75,75,75,75,75,75,75,75,75,75,75,75,75,75,75,75,75],"card_choices":[{"not_picked":["Rupture","Body Slam"],"picked":"Armaments","floor":1.0},{"not_picked":["Intimidate","Sword Boomerang"],"picked":"Shrug It Off","floor":4.0},{"not_picked":["Dual Wield","Bloodletting"],"picked":"Disarm","floor":7},{"not_picked":["Iron Wave","Flex","Rupture"],"picked":"SKIP","floor":10},{"not_picked":["Armaments","Reckless Charge","Corruption"],"picked":"SKIP","floor":12},{"not_picked":["Iron Wave+1","Perfected Strike+1"],"picked":"Clothesline+1","floor":14},{"not_picked":["Offering","Barricade"],"picked":"Brutality","floor":16},{"not_picked":["Armaments","Sword Boomerang+1","Body Slam+1"],"picked":"SKIP","floor":18},{"not_picked":["Headbutt+1","Uppercut+1"],"picked":"Sentinel","floor":20},{"not_picked":["Cleave+1","Wild Strike+1","Sword Boomerang+1"],"picked":"SKIP","floor":21},{"not_picked":["Warcry","Wild Strike+1"],"picked":"Intimidate","floor":22}],"player_experience":1180093,"relics_obtained":[{"floor":7,"key":"Bird Faced Urn"},{"floor":9,"key":"Gremlin Horn"},{"floor":12,"key":"Molten Egg 2"}],"event_choices":[{"damage_healed":0.0,"max_hp_gain":0.0,"max_hp_loss":0.0,"gold_gain":0.0,"event_name":"Scrap Ooze","player_choice":"Success","floor":3.0,"gold_loss":0.0,"damage_taken":5.0,"relics_obtained":["Pocketwatch"]},{"damage_healed":0,"gold_gain":0,"player_choice":"Upgraded","damage_taken":0,"max_hp_gain":0,"max_hp_loss":0,"event_name":"Upgrade Shrine","floor":11,"gold_loss":0,"cards_upgraded":["Inflame"]}],"is_beta":true,"boss_relics":[{"not_picked":["Runic Dome","Calling Bell"],"picked":"Pandora\u0027s Box"}],"items_purged_floors":[],"is_endless":false,"potions_floor_spawned":[7,12,14,22],"killed_by":"Book of Stabbing","ascension_level":20}