{"gold_per_floor":[115,132,152,169,28,62,62,62,62,107,137,149,192,204,216,228],"floor_reached":16,"playtime":1857,"items_purged":[],"score":132,"play_id":"33a56751-e2f3-4828-a396-346cdbdde9cf","local_time":"20190911120000","is_ascension_mode":true,"campfire_choices":[{"floor":7,"key":"REST"},{"floor":12,"key":"REST"},{"floor":15,"key":"REST"}],"neow_cost":"CURSE","seed_source_timestamp":646998956308200,"circlet_count":0,"master_deck":["Strike_R","Strike_R+1","Strike_R","Strike_R","Strike_R","Defend_R+1","Defend_R","Defend_R","Defend_R","Bash","Decay","Fire Breathing","Pommel Strike","Armaments","Wild Strike","Feel No Pain","Sentinel","Double Tap","Sever Soul","True Grit","Evolve"],"relics":["Burning Blood","Ginger","Strawberry","MawBank","Singing Bowl","Bottled Lightning","Juzu Bracelet"],"potions_floor_usage":[4,6,11,11,11,13],"damage_taken":[{"damage":15,"enemies":"Jaw Worm","floor":1,"turns":4},{"damage":17,"enemies":"Small Slimes","floor":2,"turns":4},{"damage":6,"enemies":"Cultist","floor":3,"turns":3},{"damage":8,"enemies":"Large Slime","floor":4,"turns":4},{"damage":26,"enemies":"3 Sentries","floor":6,"turns":7},{"damage":47,"enemies":"Lagavulin","floor":10,"turns":7},{"damage":8,"enemies":"Looter","floor":11,"turns":3},{"damage":36,"enemies":"Gremlin Nob","floor":13,"turns":5},{"damage":57,"enemies":"Hexaghost","floor":16,"turns":9}],"seed_played":"1369062559361465027","potions_obtained":[{"floor":2,"key":"Weak Potion"},{"floor":3,"key":"PowerPotion"},{"floor":10,"key":"EntropicBrew"}],"is_trial":false,"path_per_floor":["M","M","M","M","$","E","R","?","T","E","M","R","E","?","R","B"],"character_chosen":"IRONCLAD","items_purchased":["Feel No Pain","Sentinel"],"campfire_rested":3,"item_purchase_floors":[5,5],"current_hp_per_floor":[71,60,60,58,58,45,71,54,54,13,32,58,28,28,54,0],"gold":228,"neow_bonus":"ONE_RARE_RELIC","is_prod":false,"is_daily":false,"chose_seed":false,"campfire_upgraded":0,"win_rate":0,"timestamp":1568174400,"path_taken":["M","M","M","M","$","E","R","?","T","E","M","R","E","?","R","BOSS"],"build_version":"2019-09-10","purchased_purges":0,"victory":false,"max_hp_per_floor":[80,80,80,80,80,87,87,87,87,87,87,87,87,87,87,87],"card_choices":[{"not_picked":["True Grit","Armaments"],"picked":"Fire Breathing","floor":1},{"not_picked":["Fire Breathing","Uppercut"],"picked":"Pommel Strike","floor":2},{"not_picked":["Body Slam","Iron Wave"],"picked":"Armaments","floor":3},{"not_picked":["Armaments","Anger"],"picked":"Wild Strike","floor":4},{"not_picked":["Twin Strike","Combust"],"picked":"Double Tap","floor":6},{"not_picked":["Twin Strike","Metallicize"],"picked":"Sever Soul","floor":10},{"not_picked":["Warcry","Cleave"],"picked":"True Grit","floor":11},{"not_picked":["Searing Blow","Perfected Strike"],"picked":"Evolve","floor":13}],"player_experience":106640,"relics_obtained":[{"floor":6,"key":"Strawberry"},{"floor":9,"key":"MawBank"},{"floor":10,"key":"Singing Bowl"},{"floor":13,"key":"Bottled Lightning"}],"event_choices":[{"damage_healed":0,"gold_gain":0,"player_choice":"Entered Light","damage_taken":17,"max_hp_gain":0,"max_hp_loss":0,"event_name":"Shining Light","floor":8,"gold_loss":0,"cards_upgraded":["Strike_R","Defend_R"]},{"damage_healed":0,"gold_gain":0,"player_choice":"Searched \u00271\u0027 times","damage_taken":0,"relics_obtained":["Juzu Bracelet"],"max_hp_gain":0,"max_hp_loss":0,"event_name":"Dead Adventurer","floor":14,"gold_loss":0}],"is_beta":true,"boss_relics":[],"items_purged_floors":[],"is_endless":false,"potions_floor_spawned":[2,3,10],"killed_by":"Hexaghost","ascension_level":2}