{"gold_per_floor":[209,221,169,189,206,206,33,33,33,33,68,68],"floor_reached":12,"playtime":340,"items_purged":[],"score":156,"play_id":"57551abb-888f-4b56-81ac-8d3661db4a47","local_time":"20181222001947","is_ascension_mode":true,"campfire_choices":[{"data":"Go for the Eyes","floor":6,"key":"SMITH"},{"data":"Defragment","floor":10,"key":"SMITH"}],"neow_cost":"NONE","seed_source_timestamp":7942632315595721,"circlet_count":0,"master_deck":["AscendersBane","Strike_B","Strike_B","Strike_B","Strike_B","Defend_B","Defend_B","Defend_B","Defend_B","Zap","Dualcast","Gash","Defragment+1","Gash","Go for the Eyes+1","Reboot","Conserve Battery"],"relics":["Cracked Core","Oddly Smooth Stone","Pear","Pantograph","Bronze Scales"],"potions_floor_usage":[],"damage_taken":[{"damage":2,"enemies":"Jaw Worm","floor":1,"turns":3},{"damage":1,"enemies":"Cultist","floor":2,"turns":3},{"damage":13,"enemies":"Small Slimes","floor":4,"turns":3},{"damage":6,"enemies":"2 Fungi Beasts","floor":5,"turns":3},{"damage":50,"enemies":"Gremlin Nob","floor":11,"turns":5},{"damage":7,"enemies":"Blue Slaver","floor":12,"turns":3}],"seed_played":"3571983320122735651","potions_obtained":[{"floor":4,"key":"FearPotion"},{"floor":11,"key":"LiquidBronze"}],"is_trial":false,"path_per_floor":["M","M","$","M","M","R","$","?","T","R","E","M"],"character_chosen":"DEFECT","items_purchased":["Gash","Oddly Smooth Stone"],"campfire_rested":0,"item_purchase_floors":[3,7],"current_hp_per_floor":[62,61,61,48,42,42,42,52,52,52,2,0],"gold":68,"neow_bonus":"HUNDRED_GOLD","is_prod":false,"is_daily":false,"chose_seed":false,"campfire_upgraded":2,"win_rate":0,"timestamp":1545466787,"path_taken":["M","M","$","M","M","R","$","?","T","R","E","?"],"build_version":"2018-12-20","purchased_purges":0,"victory":false,"max_hp_per_floor":[71,71,71,71,71,71,71,81,81,81,81,81],"card_choices":[{"not_picked":["Turbo","Stack"],"picked":"Gash","floor":1},{"not_picked":["Beam Cell","Streamline"],"picked":"Defragment","floor":2},{"not_picked":["Rebound","Gash"],"picked":"Go for the Eyes","floor":4},{"not_picked":["Redo","Stack"],"picked":"Reboot","floor":5},{"not_picked":["Go for the Eyes","Doom and Gloom"],"picked":"Conserve Battery","floor":11}],"player_experience":1114426,"relics_obtained":[{"floor":9,"key":"Pantograph"},{"floor":11,"key":"Bronze Scales"}],"event_choices":[{"damage_healed":0,"gold_gain":0,"player_choice":"Gave Potion","damage_taken":0,"relics_obtained":["Pear"],"max_hp_gain":0,"max_hp_loss":0,"event_name":"WeMeetAgain","floor":8,"gold_loss":0}],"is_beta":true,"boss_relics":[],"items_purged_floors":[],"is_endless":false,"potions_floor_spawned":[4,11],"killed_by":"Blue Slaver","ascension_level":20}