{"gold_per_floor":[119,119,135,310,328,328,353,353,376,388,67,99,53,78,78,78],"floor_reached":16,"playtime":749,"items_purged":["Doubt"],"score":128,"play_id":"0f8b8eed-d0a4-4a18-96cb-15883c0d1b5d","local_time":"20181112194248","is_ascension_mode":true,"campfire_choices":[{"data":"Flying Knee","floor":6,"key":"SMITH"},{"floor":8,"key":"REST"},{"data":"Riddle With Holes","floor":10,"key":"SMITH"},{"floor":15,"key":"REST"}],"neow_cost":"NONE","seed_source_timestamp":906769394056905,"circlet_count":0,"master_deck":["Defend_G","Defend_G","Defend_G","Defend_G","Defend_G","Strike_G","Strike_G+1","Strike_G","Strike_G","Survivor","Neutralize+1","Flying Knee+1","Bullet Time","PiercingWail","All Out Attack","Riddle With Holes+1","Die Die Die","Catalyst","Deadly Poison","Catalyst","Poisoned Stab","Finisher"],"relics":["Ring of the Snake","Whetstone","Boot","MawBank","Shuriken","Blood Vial"],"potions_floor_usage":[7,16,16],"damage_taken":[{"damage":4,"enemies":"Small Slimes","floor":1,"turns":3},{"damage":0,"enemies":"Jaw Worm","floor":3,"turns":4},{"damage":0,"enemies":"Cultist","floor":5,"turns":4},{"damage":46,"enemies":"Lagavulin","floor":7,"turns":11},{"damage":12,"enemies":"Gremlin Nob","floor":12,"turns":3},{"damage":20,"enemies":"3 Sentries","floor":14,"turns":5},{"damage":32,"enemies":"Slime Boss","floor":16,"turns":5}],"seed_played":"3539819191077950066","potions_obtained":[{"floor":1,"key":"Energy Potion"},{"floor":3,"key":"SpeedPotion"},{"floor":12,"key":"FearPotion"},{"floor":14,"key":"Dexterity Potion"}],"is_trial":false,"path_per_floor":["M","?","M","?","M","R","E","R","T","R","$","E","$","E","R","B"],"character_chosen":"THE_SILENT","items_purchased":["Die Die Die","Catalyst","Deadly Poison","Poisoned Stab"],"campfire_rested":2,"item_purchase_floors":[11,11,11,13],"current_hp_per_floor":[66,66,66,66,66,66,20,41,41,41,41,29,29,9,30,0],"gold":78,"neow_bonus":"RANDOM_COMMON_RELIC","is_prod":false,"is_daily":false,"chose_seed":false,"campfire_upgraded":2,"win_rate":0,"timestamp":1542048168,"path_taken":["M","?","M","?","M","R","E","R","T","R","$","E","$","E","R","BOSS"],"build_version":"2018-11-08","purchased_purges":1,"victory":false,"max_hp_per_floor":[70,70,70,70,70,70,70,70,70,70,70,70,70,70,70,70],"card_choices":[{"not_picked":["Poisoned Stab","Escape Plan"],"picked":"Flying Knee","floor":1},{"not_picked":["Quick Slash","Acrobatics"],"picked":"PiercingWail","floor":3},{"not_picked":["Slice","Sucker Punch"],"picked":"All Out Attack","floor":5},{"not_picked":["Dodge and Roll","Tools of the Trade"],"picked":"Riddle With Holes","floor":7},{"not_picked":["Cloak And Dagger","Riddle With Holes"],"picked":"Catalyst","floor":12},{"not_picked":["Dagger Spray","Catalyst"],"picked":"Finisher","floor":14}],"player_experience":106527,"relics_obtained":[{"floor":7,"key":"Boot"},{"floor":9,"key":"MawBank"},{"floor":12,"key":"Shuriken"},{"floor":14,"key":"Blood Vial"}],"event_choices":[{"damage_healed":0,"gold_gain":0,"cards_transformed":["Strike_G"],"player_choice":"Change","damage_taken":0,"max_hp_gain":0,"max_hp_loss":0,"event_name":"Living Wall","floor":2,"gold_loss":0,"cards_obtained":["Bullet Time"]},{"damage_healed":0,"gold_gain":175,"player_choice":"AGREE","damage_taken":0,"max_hp_gain":0,"max_hp_loss":0,"event_name":"Liars Game","floor":4,"gold_loss":0,"cards_obtained":["Doubt"]}],"is_beta":true,"boss_relics":[],"items_purged_floors":[11],"is_endless":false,"potions_floor_spawned":[1,3,12,14],"killed_by":"Slime Boss","ascension_level":2}