{"gold_per_floor":[110,110,126,141,152,152,182,198,198,198,198,262,283,283,283,376,376,391,411,431,449,449,449,472,472,472,472,490,505,520,32,32,32],"floor_reached":33,"playtime":1705,"items_purged":["Strike_R"],"score":500,"play_id":"82924bf2-cc41-4d33-b295-15a1c74c960e","local_time":"20190913222727","is_ascension_mode":true,"campfire_choices":[{"data":"Whirlwind","floor":6.0,"key":"SMITH"},{"floor":11.0,"key":"REST"},{"data":"Rampage","floor":15.0,"key":"SMITH"},{"floor":23.0,"key":"REST"},{"floor":25.0,"key":"REST"},{"floor":32.0,"key":"REST"}],"neow_cost":"NONE","seed_source_timestamp":1763015788183300,"circlet_count":0,"master_deck":["AscendersBane","Strike_R","Strike_R","Strike_R","Defend_R","Defend_R","Defend_R","Defend_R","Bash","Battle Trance","Whirlwind+1","Carnage","Limit Break","Rampage+1","Shrug It Off","Immolate","Headbutt","Rampage+1","Ghostly Armor","Carnage"],"special_seed":0,"relics":["Burning Blood","Torii","Anchor","Golden Idol","Tiny Chest","Lizard Tail","Snecko Eye","Pear","TungstenRod"],"potions_floor_usage":[33],"damage_taken":[{"damage":4.0,"enemies":"Small Slimes","floor":1.0,"turns":4.0},{"damage":5.0,"enemies":"2 Louse","floor":3.0,"turns":4.0},{"damage":9.0,"enemies":"Jaw Worm","floor":4.0,"turns":4.0},{"damage":30.0,"enemies":"Lots of Slimes","floor":5.0,"turns":3.0},{"damage":32.0,"enemies":"Gremlin Nob","floor":7.0,"turns":4.0},{"damage":0.0,"enemies":"2 Fungi Beasts","floor":8.0,"turns":2.0},{"damage":46.0,"enemies":"Lagavulin","floor":12.0,"turns":8.0},{"damage":1.0,"enemies":"Looter","floor":13.0,"turns":4.0},{"damage":40.0,"enemies":"Hexaghost","floor":16.0,"turns":10.0},{"damage":19.0,"enemies":"Chosen","floor":18.0,"turns":4.0},{"damage":19.0,"enemies":"2 Thieves","floor":19.0,"turns":4.0},{"damage":27.0,"enemies":"Chosen and Byrds","floor":20.0,"turns":5.0},{"damage":1.0,"enemies":"Snecko","floor":21.0,"turns":3.0},{"damage":46.0,"enemies":"Cultist and Chosen","floor":24.0,"turns":6.0},{"damage":12.0,"enemies":"Shelled Parasite and Fungi","floor":28.0,"turns":3.0},{"damage":14.0,"enemies":"Snake Plant","floor":29.0,"turns":2.0},{"damage":19.0,"enemies":"Chosen and Byrds","floor":30.0,"turns":5.0},{"damage":66,"enemies":"Champ","floor":33,"turns":12}],"seed_played":"5750315222402749508","potions_obtained":[{"floor":1.0,"key":"Weak Potion"},{"floor":7.0,"key":"Dexterity Potion"},{"floor":8.0,"key":"Regen Potion"},{"floor":16.0,"key":"Weak Potion"},{"floor":20.0,"key":"SpeedPotion"},{"floor":21.0,"key":"Regen Potion"},{"floor":24.0,"key":"AttackPotion"},{"floor":28.0,"key":"Regen Potion"}],"is_trial":false,"path_per_floor":["M","?","M","M","M","R","E","M","T","?","R","E","M","T","R","B",null,"M","M","M","M","?","R","M","R","T","?","M","M","M","$","R","B"],"character_chosen":"IRONCLAD","items_purchased":["TungstenRod","Carnage"],"campfire_rested":4,"item_purchase_floors":[31,31],"current_hp_per_floor":[77,70,71,68,44,44,18,24,24,24,46,21,26,26,26,30,63,50,37,16,21,21,43,18,40,50,50,44,36,23,23,48,0],"gold":32,"neow_bonus":"TEN_PERCENT_HP_BONUS","is_prod":false,"is_daily":false,"chose_seed":false,"campfire_upgraded":2,"win_rate":0,"timestamp":1568438847,"path_taken":["M","?","M","M","M","R","E","M","T","?","R","E","M","?","R","BOSS","M","?","M","M","?","R","M","R","T","?","?","M","M","?","R","BOSS"],"build_version":"2019-09-12","purchased_purges":1,"victory":false,"max_hp_per_floor":[82,82,82,82,82,82,82,82,82,74,74,74,74,74,74,74,74,74,74,74,74,74,74,74,74,84,84,84,84,84,84,84,84],"card_choices":[{"not_picked":["Rage","Entrench","Sentinel"],"picked":"SKIP","floor":1.0},{"not_picked":["Pommel Strike","Entrench"],"picked":"Battle Trance","floor":3.0},{"not_picked":["Cleave","Sword Boomerang"],"picked":"Whirlwind","floor":4.0},{"not_picked":["Ghostly Armor","Battle Trance"],"picked":"Carnage","floor":5.0},{"not_picked":["Reckless Charge","Burning Pact"],"picked":"Limit Break","floor":7.0},{"not_picked":["Anger","Clothesline","Twin Strike"],"picked":"SKIP","floor":8.0},{"not_picked":["Twin Strike","Pummel"],"picked":"Rampage","floor":12.0},{"not_picked":["Wild Strike","Clothesline"],"picked":"Shrug It Off","floor":13.0},{"not_picked":["Brutality","Exhume"],"picked":"Immolate","floor":16.0},{"not_picked":["Heavy Blade","Bloodletting","Flex+1"],"picked":"SKIP","floor":18.0},{"not_picked":["Anger","Whirlwind+1"],"picked":"Headbutt","floor":19.0},{"not_picked":["Body Slam","Headbutt","Whirlwind"],"picked":"SKIP","floor":20.0},{"not_picked":["Flex","Twin Strike","Sword Boomerang"],"picked":"SKIP","floor":21.0},{"not_picked":["Armaments","Carnage","Whirlwind"],"picked":"SKIP","floor":24.0},{"not_picked":["Pummel","Immolate","Searing Blow"],"picked":"SKIP","floor":28.0},{"not_picked":["Metallicize+1","Wild Strike","Infernal Blade"],"picked":"SKIP","floor":29.0},{"not_picked":["True Grit","Warcry"],"picked":"Ghostly Armor","floor":30.0}],"player_experience":1421908,"relics_obtained":[{"floor":7.0,"key":"Torii"},{"floor":9.0,"key":"Anchor"},{"floor":12.0,"key":"Tiny Chest"},{"floor":14.0,"key":"Lizard Tail"},{"floor":26.0,"key":"Pear"}],"event_choices":[{"cards_removed":["Strike_R"],"damage_healed":0.0,"max_hp_gain":0.0,"max_hp_loss":0.0,"gold_gain":0.0,"event_name":"Golden Wing","player_choice":"Card Removal","floor":2.0,"gold_loss":0.0,"damage_taken":7.0},{"damage_healed":0.0,"max_hp_gain":0.0,"max_hp_loss":8.0,"gold_gain":0.0,"event_name":"Golden Idol","player_choice":"Lose Max HP","floor":10.0,"gold_loss":0.0,"damage_taken":0.0,"relics_obtained":["Golden Idol"]},{"damage_healed":0.0,"max_hp_gain":0.0,"max_hp_loss":0.0,"gold_gain":0.0,"event_name":"Ghosts","player_choice":"Ignored","floor":22.0,"gold_loss":0.0,"damage_taken":0.0},{"damage_healed":0.0,"max_hp_gain":0.0,"max_hp_loss":0.0,"gold_gain":0.0,"event_name":"Duplicator","player_choice":"Copied","floor":27.0,"gold_loss":0.0,"damage_taken":0.0,"cards_obtained":["Rampage"]}],"is_beta":true,"boss_relics":[{"not_picked":["Busted Crown","Philosopher\u0027s Stone"],"picked":"Snecko Eye"}],"items_purged_floors":[31],"is_endless":false,"potions_floor_spawned":[1,7,8,16,20,21,24,28],"killed_by":"Champ","ascension_level":18}