{"gold_per_floor":[115,7,24,24,34,62,62,91,91,91,124,139,139,64,64,138,138,155,155,55,74,74],"floor_reached":22,"playtime":1431,"items_purged":["Strike_R","Shame"],"score":404,"play_id":"bc2521fd-a39e-4cb6-9837-3165fab04c02","local_time":"20181204215104","is_ascension_mode":true,"campfire_choices":[{"data":"Armaments","floor":7,"key":"SMITH"},{"floor":10,"key":"REST"},{"data":"Inflame","floor":15,"key":"SMITH"}],"neow_cost":"NONE","seed_source_timestamp":6463818777861431,"circlet_count":0,"master_deck":["AscendersBane","Strike_R","Strike_R","Defend_R","Defend_R","Defend_R","Defend_R","Bash","Double Tap","Disarm","Clothesline","Armaments+1","Shrug It Off","True Grit","Inflame+1","Disarm","Twin Strike","Barricade","Decay","Writhe","Spot Weakness","Body Slam","Ghostly","Ghostly","Ghostly","Shrug It Off"],"relics":["Burning Blood","Prayer Wheel","Magic Flower","Ginger","Sundial","Calling Bell","Ancient Tea Set","Kunai","Mango"],"potions_floor_usage":[6,6,11,16,21],"damage_taken":[{"damage":14,"enemies":"2 Louse","floor":1,"turns":4},{"damage":16,"enemies":"Jaw Worm","floor":3,"turns":4},{"damage":4,"enemies":"Cultist","floor":5,"turns":4},{"damage":7,"enemies":"3 Sentries","floor":6,"turns":6},{"damage":22,"enemies":"Lagavulin","floor":8,"turns":8},{"damage":36,"enemies":"3 Sentries","floor":11,"turns":12},{"damage":12,"enemies":"3 Louse","floor":12,"turns":5},{"damage":17,"enemies":"The Guardian","floor":16,"turns":15},{"damage":65,"enemies":"Spheric Guardian","floor":18,"turns":15},{"damage":14,"enemies":"Shell Parasite","floor":21,"turns":10},{"damage":27,"enemies":"Snecko","floor":22,"turns":6}],"seed_played":"7508588089095181484","potions_obtained":[{"floor":3,"key":"Explosive Potion"},{"floor":8,"key":"Swift Potion"},{"floor":12,"key":"Block Potion"},{"floor":18,"key":"SkillPotion"}],"is_trial":false,"path_per_floor":["M","$","M","?","M","E","R","E","T","R","E","M","?","$","R","B",null,"M","?","$","M","M"],"character_chosen":"IRONCLAD","items_purchased":["Clothesline","AttackPotion"],"campfire_rested":1,"item_purchase_floors":[2,2],"current_hp_per_floor":[60,60,50,43,45,44,44,28,28,50,23,20,20,20,20,12,73,17,17,17,12,0],"gold":74,"neow_bonus":"ONE_RANDOM_RARE_CARD","is_prod":false,"is_daily":false,"chose_seed":false,"campfire_upgraded":2,"win_rate":0,"timestamp":1543989064,"path_taken":["M","$","M","?","M","E","R","E","T","R","E","M","?","$","R","BOSS","M","?","$","M","M"],"build_version":"2018-12-4","purchased_purges":2,"victory":false,"max_hp_per_floor":[75,75,75,75,75,75,75,75,75,75,75,75,75,75,75,75,89,89,44,44,44,44],"card_choices":[{"not_picked":["Anger","Headbutt"],"picked":"Disarm","floor":1},{"not_picked":["Body Slam","Reckless Charge"],"picked":"Armaments","floor":3},{"not_picked":["Wild Strike","Pummel"],"picked":"Shrug It Off","floor":5},{"not_picked":["Twin Strike","Infernal Blade"],"picked":"True Grit","floor":6},{"not_picked":["Anger","Rupture"],"picked":"Inflame","floor":8},{"not_picked":["Headbutt","Dropkick"],"picked":"Disarm","floor":11},{"not_picked":["Anger","Heavy Blade"],"picked":"Twin Strike","floor":12},{"not_picked":["Perfected Strike","Hemokinesis","Cleave"],"picked":"SKIP","floor":12},{"not_picked":["Dark Embrace","Bludgeon"],"picked":"Barricade","floor":16},{"not_picked":["Body Slam+1","Rampage"],"picked":"Spot Weakness","floor":18},{"not_picked":["Sever Soul","Clash"],"picked":"Body Slam","floor":18},{"not_picked":["Thunderclap","Pummel"],"picked":"Shrug It Off","floor":21},{"not_picked":["Inflame","Fiend Fire","Thunderclap"],"picked":"SKIP","floor":21}],"player_experience":1103886,"relics_obtained":[{"floor":6,"key":"Prayer Wheel"},{"floor":8,"key":"Magic Flower"},{"floor":9,"key":"Ginger"},{"floor":11,"key":"Sundial"},{"floor":17,"key":"Ancient Tea Set"},{"floor":17,"key":"Kunai"},{"floor":17,"key":"Mango"}],"event_choices":[{"cards_removed":["Strike_R"],"damage_healed":0,"gold_gain":0,"player_choice":"Card Removal","damage_taken":7,"max_hp_gain":0,"max_hp_loss":0,"event_name":"Golden Wing","floor":4,"gold_loss":0},{"cards_removed":["Strike_R"],"damage_healed":0,"gold_gain":0,"player_choice":"Offered Basic","damage_taken":0,"max_hp_gain":0,"max_hp_loss":0,"event_name":"Bonfire Elementals","floor":13,"gold_loss":0},{"damage_healed":0,"gold_gain":0,"player_choice":"Became a Ghost","damage_taken":0,"max_hp_gain":0,"max_hp_loss":45,"event_name":"Ghosts","floor":19,"gold_loss":0,"cards_obtained":["Ghostly","Ghostly","Ghostly"]}],"is_beta":true,"boss_relics":[{"not_picked":["Eternal Feather","White Beast Statue"],"picked":"Calling Bell"}],"items_purged_floors":[14,20],"is_endless":false,"potions_floor_spawned":[3,8,12,18],"killed_by":"Snecko","ascension_level":20}