{"gold_per_floor":[118,118,118,133,152,152,167,183,231,266,266,236,256,284,284,284],"floor_reached":16,"playtime":652,"items_purged":[],"score":213,"play_id":"3ad79c3c-faaf-438c-ab00-e4958c013c8c","local_time":"20190314042311","is_ascension_mode":true,"campfire_choices":[{"data":"Bash","floor":6,"key":"SMITH"},{"floor":11,"key":"REST"},{"floor":15,"key":"REST"}],"neow_cost":"NONE","seed_source_timestamp":350158386891913,"circlet_count":0,"master_deck":["AscendersBane","Strike_R","Strike_R","Strike_R","Strike_R","Strike_R","Defend_R","Defend_R","Defend_R","Defend_R","Bash+1","Headbutt","Regret","Anger","Battle Trance","Uppercut","Pommel Strike"],"relics":["Burning Blood","NeowsBlessing","Shuriken","CultistMask","Ancient Tea Set","Vajra","WingedGreaves"],"potions_floor_usage":[7,8,14,16],"damage_taken":[{"damage":0,"enemies":"Jaw Worm","floor":1,"turns":1},{"damage":0,"enemies":"2 Louse","floor":4,"turns":1},{"damage":0,"enemies":"Cultist","floor":5,"turns":1},{"damage":12,"enemies":"Looter","floor":7,"turns":3},{"damage":22,"enemies":"Gremlin Gang","floor":8,"turns":4},{"damage":32,"enemies":"Gremlin Nob","floor":10,"turns":4},{"damage":0,"enemies":"Large Slime","floor":13,"turns":3},{"damage":34,"enemies":"3 Sentries","floor":14,"turns":5},{"damage":57,"enemies":"Slime Boss","floor":16,"turns":7}],"seed_played":"5048090772335928792","potions_obtained":[{"floor":4,"key":"Swift Potion"},{"floor":7,"key":"Poison Potion"},{"floor":10,"key":"Explosive Potion"},{"floor":12,"key":"LiquidBronze"}],"is_trial":false,"path_per_floor":["M","?","?","M","M","R","M","M","T","E","R","?","M","E","R","B"],"character_chosen":"IRONCLAD","items_purchased":[],"campfire_rested":2,"item_purchase_floors":[],"current_hp_per_floor":[74,74,74,75,75,75,69,53,53,27,49,49,55,27,49,0],"gold":284,"neow_bonus":"THREE_ENEMY_KILL","is_prod":false,"is_daily":false,"chose_seed":false,"campfire_upgraded":1,"win_rate":0,"timestamp":1552533791,"path_taken":["M","?","?","M","?","R","M","M","T","E","R","?","M","E","R","BOSS"],"build_version":"2019-02-06","purchased_purges":0,"victory":false,"max_hp_per_floor":[75,75,75,75,75,75,75,75,75,75,75,75,75,75,75,75],"card_choices":[{"not_picked":["Iron Wave","Intimidate"],"picked":"Headbutt","floor":1},{"not_picked":["Clash","Anger","Feel No Pain"],"picked":"SKIP","floor":4},{"not_picked":["Clash","Feel No Pain"],"picked":"Anger","floor":4},{"not_picked":["Clash","Iron Wave"],"picked":"Battle Trance","floor":5},{"not_picked":["Evolve","Clash"],"picked":"Uppercut","floor":7},{"not_picked":["Perfected Strike","Heavy Blade"],"picked":"Pommel Strike","floor":8},{"not_picked":["Battle Trance","Headbutt","Clothesline"],"picked":"SKIP","floor":10},{"not_picked":["Clash","Armaments","Perfected Strike"],"picked":"SKIP","floor":13},{"not_picked":["Barricade","Armaments","Whirlwind"],"picked":"SKIP","floor":14}],"player_experience":275973,"relics_obtained":[{"floor":9,"key":"Ancient Tea Set"},{"floor":10,"key":"Vajra"},{"floor":14,"key":"WingedGreaves"}],"event_choices":[{"damage_healed":0,"gold_gain":0,"player_choice":"Box","damage_taken":0,"relics_obtained":["Shuriken"],"max_hp_gain":0,"max_hp_loss":0,"event_name":"Big Fish","floor":2,"gold_loss":0,"cards_obtained":["Regret"]},{"damage_healed":0,"gold_gain":0,"player_choice":"Trade","damage_taken":0,"relics_obtained":["CultistMask"],"max_hp_gain":0,"max_hp_loss":0,"event_name":"FaceTrader","floor":3,"gold_loss":0},{"damage_healed":0,"gold_gain":0,"player_choice":"Bought 2 Potions","damage_taken":0,"max_hp_gain":0,"max_hp_loss":0,"event_name":"The Woman in Blue","floor":12,"gold_loss":0}],"is_beta":true,"boss_relics":[],"items_purged_floors":[],"is_endless":false,"potions_floor_spawned":[4,7,10,13],"killed_by":"Slime Boss","ascension_level":18}