{"gold_per_floor":[118,64,84,102,120,120,147,174,197,197,226,226,176,24,24,129,129,149,164,87,98,111,111,131,131,158,158,173,173,185,195,195,295,295,307,307,317,88,104,104,119,119,143,177,192,192,192],"floor_reached":47,"playtime":4318,"items_purged":[],"score":566,"play_id":"7aeeb61e-5954-41bb-8d66-1eb5c7fc1772","local_time":"20190904032616","is_ascension_mode":true,"campfire_choices":[{"data":"Gash","floor":6,"key":"SMITH"},{"floor":10,"key":"REST"},{"data":"Storm","floor":12,"key":"SMITH"},{"data":"Seek","floor":15,"key":"SMITH"},{"floor":23,"key":"REST"},{"data":"Buffer","floor":25,"key":"SMITH"},{"floor":27,"key":"REST"},{"data":"Echo Form","floor":29,"key":"SMITH"},{"floor":32,"key":"REST"},{"floor":40,"key":"REST"},{"floor":42,"key":"REST"}],"neow_cost":"CURSE","seed_source_timestamp":793684405767400,"circlet_count":0,"master_deck":["Strike_B","Strike_B","Strike_B","Strike_B","Defend_B","Defend_B","Defend_B","Defend_B","Zap+1","Dualcast","All For One","Compile Driver","Gash+1","Coolheaded","Go for the Eyes","Gash","Go for the Eyes","Blizzard","Storm+1","Seek+1","Buffer+1","Coolheaded+1","Go for the Eyes","Loop","Double Energy+1","Chill","Echo Form+1","Gash","All For One","Defragment","Blizzard+1","Chill+1","Gash","Parasite","Writhe"],"relics":["FrozenCore","Odd Mushroom","Orichalcum","Anchor","Bronze Scales","Sozu","Regal Pillow","Ancient Tea Set","War Paint","Ginger"],"potions_floor_usage":[7,7,21],"damage_taken":[{"damage":13,"enemies":"Small Slimes","floor":1,"turns":3},{"damage":1,"enemies":"2 Louse","floor":3,"turns":3},{"damage":0,"enemies":"Cultist","floor":4,"turns":3},{"damage":0,"enemies":"2 Fungi Beasts","floor":5,"turns":3},{"damage":11,"enemies":"The Mushroom Lair","floor":7,"turns":5},{"damage":9,"enemies":"Gremlin Nob","floor":8,"turns":4},{"damage":11,"enemies":"Lagavulin","floor":11,"turns":5},{"damage":11,"enemies":"Hexaghost","floor":16,"turns":8},{"damage":15,"enemies":"Spheric Guardian","floor":18,"turns":5},{"damage":2,"enemies":"Shell Parasite","floor":19,"turns":5},{"damage":11,"enemies":"Centurion and Healer","floor":21,"turns":4},{"damage":16,"enemies":"Snake Plant","floor":22,"turns":5},{"damage":8,"enemies":"Snecko","floor":24,"turns":6},{"damage":0,"enemies":"3 Cultists","floor":28,"turns":6},{"damage":13,"enemies":"Shelled Parasite and Fungi","floor":30,"turns":4},{"damage":4,"enemies":"Chosen and Byrds","floor":31,"turns":6},{"damage":6,"enemies":"Champ","floor":33,"turns":10},{"damage":24,"enemies":"3 Darklings","floor":35,"turns":4},{"damage":1,"enemies":"3 Shapes","floor":37,"turns":5},{"damage":28,"enemies":"Sphere and 2 Shapes","floor":39,"turns":6},{"damage":38,"enemies":"Spire Growth","floor":41,"turns":5},{"damage":31,"enemies":"Nemesis","floor":44,"turns":7},{"damage":14,"enemies":"Writhing Mass","floor":45,"turns":6},{"damage":48,"enemies":"Reptomancer","floor":47,"turns":2}],"seed_played":"-1020623746510941346","potions_obtained":[{"floor":5,"key":"AttackPotion"},{"floor":7,"key":"Fruit Juice"},{"floor":16,"key":"PowerPotion"}],"is_trial":false,"path_per_floor":["M","$","M","M","M","R","?","E","T","R","E","R","?","$","R","B",null,"M","M","$","M","M","R","M","R","T","R","M","R","M","M","R","B",null,"M","?","M","$","M","R","M","R","T","E","M","?","E"],"character_chosen":"DEFECT","items_purchased":["Gash","Seek","Loop","Defragment","Ancient Tea Set"],"campfire_rested":6,"item_purchase_floors":[2,14,20,38,38],"current_hp_per_floor":[62,62,61,61,61,61,55,46,46,70,59,59,59,59,59,48,80,65,63,63,52,36,60,52,52,52,80,80,80,67,63,80,74,80,56,56,55,55,27,66,28,67,67,36,22,42,0],"gold":192,"neow_bonus":"THREE_RARE_CARDS","is_prod":false,"is_daily":false,"chose_seed":false,"campfire_upgraded":5,"win_rate":0,"timestamp":1567556776,"path_taken":["M","$","M","M","M","R","?","E","T","R","E","R","?","$","R","BOSS","M","M","$","M","M","R","M","R","T","R","M","R","M","M","R","BOSS","M","?","M","$","M","R","?","R","T","E","M","?","E"],"build_version":"2019-07-17","purchased_purges":0,"victory":false,"max_hp_per_floor":[75,75,75,75,75,75,80,80,80,80,80,80,80,80,80,80,80,80,80,80,80,80,80,80,80,80,80,80,80,80,80,80,80,80,80,80,80,80,80,80,80,80,80,80,80,80,80],"card_choices":[{"not_picked":["Seek","Reboot"],"picked":"All For One","floor":0},{"not_picked":["Fusion","Force Field"],"picked":"Compile Driver","floor":1},{"not_picked":["Storm","Chaos"],"picked":"Coolheaded","floor":3},{"not_picked":["Scrape","Sweeping Beam"],"picked":"Go for the Eyes","floor":4},{"not_picked":["Go for the Eyes","Barrage"],"picked":"Gash","floor":5},{"not_picked":["Hologram","Conserve Battery"],"picked":"Go for the Eyes","floor":7},{"not_picked":["Barrage","Compile Driver"],"picked":"Blizzard","floor":8},{"not_picked":["Conserve Battery","Capacitor"],"picked":"Storm","floor":11},{"not_picked":["Fission","Rainbow"],"picked":"Buffer","floor":16},{"not_picked":["Cold Snap+1","Turbo+1"],"picked":"Coolheaded+1","floor":18},{"not_picked":["Ball Lightning","Reinforced Body"],"picked":"Go for the Eyes","floor":19},{"not_picked":["Streamline","Skim","Conserve Battery"],"picked":"SKIP","floor":21},{"not_picked":["Fusion+1","Compile Driver"],"picked":"Double Energy+1","floor":22},{"not_picked":["Turbo+1","Steam+1"],"picked":"Chill","floor":24},{"not_picked":["Hologram+1","Cold Snap"],"picked":"Echo Form","floor":28},{"not_picked":["Go for the Eyes","Redo+1","Compile Driver"],"picked":"SKIP","floor":30},{"not_picked":["Sweeping Beam","Beam Cell"],"picked":"Gash","floor":31},{"not_picked":["Buffer","Biased Cognition"],"picked":"All For One","floor":33},{"not_picked":["Cold Snap","Darkness","Loop+1"],"picked":"SKIP","floor":35},{"not_picked":["Chaos","Darkness+1","Coolheaded+1"],"picked":"SKIP","floor":37},{"not_picked":["Barrage","Coolheaded+1"],"picked":"Blizzard+1","floor":39},{"not_picked":["Rip and Tear+1","Double Energy+1"],"picked":"Chill","floor":41},{"not_picked":["Chill+1","Steam"],"picked":"Gash","floor":44},{"not_picked":["Leap","Streamline","Stack"],"picked":"SKIP","floor":45}],"player_experience":89196,"relics_obtained":[{"floor":7,"key":"Odd Mushroom"},{"floor":8,"key":"Orichalcum"},{"floor":9,"key":"Anchor"},{"floor":11,"key":"Bronze Scales"},{"floor":26,"key":"Regal Pillow"},{"floor":43,"key":"War Paint"},{"floor":44,"key":"Ginger"}],"event_choices":[{"damage_healed":0,"gold_gain":0,"player_choice":"Fought Mushrooms","damage_taken":0,"max_hp_gain":0,"max_hp_loss":0,"event_name":"Mushrooms","floor":7,"gold_loss":0},{"cards_removed":["Normality"],"damage_healed":0,"gold_gain":0,"player_choice":"Card Removal","damage_taken":0,"max_hp_gain":0,"max_hp_loss":0,"event_name":"The Cleric","floor":13,"gold_loss":50},{"damage_healed":0,"gold_gain":0,"player_choice":"Ignored","damage_taken":0,"max_hp_gain":0,"max_hp_loss":0,"event_name":"Purifier","floor":36,"gold_loss":0},{"damage_healed":20,"gold_gain":0,"player_choice":"Writhe","damage_taken":0,"max_hp_gain":0,"max_hp_loss":0,"event_name":"Winding Halls","floor":46,"gold_loss":0,"cards_obtained":["Writhe"]}],"is_beta":false,"boss_relics":[{"not_picked":["Empty Cage","Snecko Eye"],"picked":"Sozu"},{"not_picked":["Inserter","Nuclear Battery"],"picked":"FrozenCore"}],"items_purged_floors":[],"is_endless":false,"potions_floor_spawned":[5,7,16,22,28,33,39,41,45],"killed_by":"Reptomancer","ascension_level":2}