{"gold_per_floor":[117,42,60,60,335,335,350,46,96,96,115,158,173,173,173,173],"floor_reached":16,"playtime":409,"items_purged":["Strike_R","Regret"],"score":125,"play_id":"2da90de7-d967-4cd2-8535-85e7653d4874","local_time":"20190509233332","is_ascension_mode":false,"campfire_choices":[{"data":"Bash","floor":6,"key":"SMITH"},{"floor":15,"key":"REST"}],"neow_cost":"PERCENT_DAMAGE","seed_source_timestamp":110190365059261,"circlet_count":0,"master_deck":["Strike_R","Strike_R","Strike_R","Strike_R","Defend_R","Defend_R","Defend_R","Defend_R","Bash+1","Pommel Strike","Perfected Strike","Perfected Strike","Heavy Blade","Headbutt"],"relics":["Burning Blood","Golden Idol","Brimstone","Bronze Scales","Vajra"],"potions_floor_usage":[7,16],"damage_taken":[{"damage":1,"enemies":"Cultist","floor":1,"turns":3},{"damage":1,"enemies":"Jaw Worm","floor":3,"turns":3},{"damage":8,"enemies":"2 Louse","floor":7,"turns":2},{"damage":23,"enemies":"Gremlin Gang","floor":11,"turns":3},{"damage":23,"enemies":"Lagavulin","floor":12,"turns":4},{"damage":3,"enemies":"Blue Slaver","floor":13,"turns":2},{"damage":47,"enemies":"Hexaghost","floor":16,"turns":4}],"seed_played":"5040371320034265989","potions_obtained":[{"floor":1,"key":"SteroidPotion"},{"floor":13,"key":"EssenceOfSteel"}],"is_trial":false,"path_per_floor":["M","$","M","?","?","R","M","$","T","?","M","E","M","?","R","B"],"character_chosen":"IRONCLAD","items_purchased":["Brimstone"],"campfire_rested":1,"item_purchase_floors":[8],"current_hp_per_floor":[77,77,82,58,58,58,56,56,56,56,39,22,25,18,46,0],"gold":173,"neow_bonus":"TWENTY_PERCENT_HP_BONUS","is_prod":false,"is_daily":false,"chose_seed":false,"campfire_upgraded":1,"win_rate":0,"timestamp":1557437612,"path_taken":["M","$","M","?","?","R","?","$","T","?","M","E","?","?","R","BOSS"],"build_version":"2019-05-07","purchased_purges":2,"victory":false,"max_hp_per_floor":[96,96,96,96,96,96,96,96,96,96,96,96,96,96,96,96],"card_choices":[{"not_picked":["Combust","Rupture"],"picked":"Pommel Strike","floor":1},{"not_picked":["Warcry","Clothesline"],"picked":"Perfected Strike","floor":3},{"not_picked":["Reckless Charge","True Grit"],"picked":"Perfected Strike","floor":7},{"not_picked":["Seeing Red","Sentinel","Combust"],"picked":"SKIP","floor":11},{"not_picked":["Thunderclap","Clash"],"picked":"Heavy Blade","floor":12},{"not_picked":["Reckless Charge","Clash"],"picked":"Headbutt","floor":13}],"player_experience":564406,"relics_obtained":[{"floor":9,"key":"Bronze Scales"},{"floor":12,"key":"Vajra"}],"event_choices":[{"damage_healed":0,"gold_gain":0,"player_choice":"Take Damage","damage_taken":24,"relics_obtained":["Golden Idol"],"max_hp_gain":0,"max_hp_loss":0,"event_name":"Golden Idol","floor":4,"gold_loss":0},{"damage_healed":0,"gold_gain":275,"player_choice":"Desecrate","damage_taken":0,"max_hp_gain":0,"max_hp_loss":0,"event_name":"Golden Shrine","floor":5,"gold_loss":0,"cards_obtained":["Regret"]},{"damage_healed":0,"gold_gain":0,"player_choice":"Cursed","damage_taken":0,"max_hp_gain":0,"max_hp_loss":0,"event_name":"Wheel of Change","floor":10,"gold_loss":0,"cards_obtained":["Decay"]},{"cards_removed":["Decay"],"damage_healed":0,"gold_gain":0,"player_choice":"Card Removal","damage_taken":7,"max_hp_gain":0,"max_hp_loss":0,"event_name":"Golden Wing","floor":14,"gold_loss":0}],"is_beta":true,"boss_relics":[],"items_purged_floors":[2,8],"is_endless":false,"potions_floor_spawned":[1,13],"killed_by":"Hexaghost","ascension_level":0}