{"gold_per_floor":[111,36,36,53,72,107,107,124,124,124,124],"floor_reached":11,"playtime":448,"items_purged":["Strike_R"],"score":135,"play_id":"555011d7-4e27-4edf-8ce0-893ef0d82ce4","local_time":"20190312221052","is_ascension_mode":true,"campfire_choices":[{"data":"Bash","floor":7,"key":"SMITH"},{"data":"Clothesline","floor":10,"key":"SMITH"}],"neow_cost":"PERCENT_DAMAGE","seed_source_timestamp":241623739399901,"circlet_count":0,"master_deck":["AscendersBane","Strike_R","Strike_R","Strike_R","Strike_R","Defend_R","Defend_R","Defend_R","Defend_R","Bash+1","Impervious","Headbutt","Clothesline+1","Corruption","Anger","Shrug It Off"],"relics":["Burning Blood","Smiling Mask","Bag of Preparation"],"potions_floor_usage":[4,5,8],"damage_taken":[{"damage":8,"enemies":"2 Louse","floor":1,"turns":3},{"damage":0,"enemies":"Cultist","floor":4,"turns":3},{"damage":7,"enemies":"Jaw Worm","floor":5,"turns":3},{"damage":18,"enemies":"Gremlin Nob","floor":6,"turns":4},{"damage":7,"enemies":"2 Fungi Beasts","floor":8,"turns":3},{"damage":47,"enemies":"3 Sentries","floor":11,"turns":8}],"seed_played":"-5693480594440682899","potions_obtained":[{"floor":1,"key":"Swift Potion"},{"floor":3,"key":"BloodPotion"},{"floor":3,"key":"SkillPotion"},{"floor":5,"key":"Energy Potion"}],"is_trial":false,"path_per_floor":["M","$","?","M","M","E","R","M","T","R","E"],"character_chosen":"IRONCLAD","items_purchased":[],"campfire_rested":0,"item_purchase_floors":[],"current_hp_per_floor":[48,48,48,54,60,48,48,47,47,47,0],"gold":124,"neow_bonus":"THREE_RARE_CARDS","is_prod":false,"is_daily":false,"chose_seed":false,"campfire_upgraded":2,"win_rate":0,"timestamp":1552425052,"path_taken":["M","$","?","M","M","E","R","M","T","R","E"],"build_version":"2019-02-06","purchased_purges":1,"victory":false,"max_hp_per_floor":[75,75,75,75,75,75,75,75,75,75,75],"card_choices":[{"not_picked":["Demon Form","Brutality"],"picked":"Impervious","floor":0},{"not_picked":["Rupture","True Grit"],"picked":"Headbutt","floor":1},{"not_picked":["Metallicize","Thunderclap"],"picked":"Clothesline","floor":4},{"not_picked":["Reckless Charge","Metallicize"],"picked":"Corruption","floor":5},{"not_picked":["Entrench","Wild Strike"],"picked":"Anger","floor":6},{"not_picked":["Havoc","Sword Boomerang"],"picked":"Shrug It Off","floor":8}],"player_experience":224058,"relics_obtained":[{"floor":6,"key":"Smiling Mask"},{"floor":9,"key":"Bag of Preparation"}],"event_choices":[{"damage_healed":0,"gold_gain":0,"player_choice":"Got Potions","damage_taken":0,"max_hp_gain":0,"max_hp_loss":0,"event_name":"Lab","floor":3,"gold_loss":0}],"is_beta":true,"boss_relics":[],"items_purged_floors":[2],"is_endless":false,"potions_floor_spawned":[1,5],"killed_by":"3 Sentries","ascension_level":17}