{"gold_per_floor":[361,381,11,11,28,28,56,72,99,126,138,103,124,157,157,235,235,254,254,254,304,319,319,73,73,73,73,73,53,63,80,80,80],"floor_reached":33,"playtime":1637,"items_purged":[],"score":551,"play_id":"361ea6cd-c3e8-4f97-8cf7-0631888d2642","local_time":"20190713014517","is_ascension_mode":true,"campfire_choices":[{"data":"Discovery","floor":6,"key":"SMITH"},{"floor":15,"key":"REST"},{"data":"Panache","floor":23,"key":"SMITH"},{"data":"Storm of Steel","floor":25,"key":"SMITH"},{"data":"Cloak And Dagger","floor":27,"key":"SMITH"},{"data":"J.A.X.","floor":32,"key":"SMITH"}],"neow_cost":"CURSE","seed_source_timestamp":6747229850649395,"circlet_count":0,"master_deck":["AscendersBane","Defend_G","Defend_G","Defend_G","Defend_G","Defend_G","Survivor","Neutralize+1","Dagger Spray","Endless Agony","Panache+1","Discovery+1","Cloak And Dagger+1","Dagger Throw","Bullet Time","Flying Knee","Backflip","PiercingWail","Storm of Steel+1","Ghostly","Ghostly","Ghostly","J.A.X.+1","Bite","Bite","Bite","Bite","Bite"],"relics":["Ring of the Snake","Whetstone","Regal Pillow","Snake Skull","Odd Mushroom","Oddly Smooth Stone","Busted Crown","Vajra","Letter Opener"],"potions_floor_usage":[10,10,14,16,33,33],"damage_taken":[{"damage":4,"enemies":"2 Louse","floor":1,"turns":3},{"damage":7,"enemies":"Small Slimes","floor":2,"turns":4},{"damage":1,"enemies":"Cultist","floor":5,"turns":3},{"damage":7,"enemies":"3 Sentries","floor":7,"turns":8},{"damage":0,"enemies":"Blue Slaver","floor":8,"turns":2},{"damage":6,"enemies":"Gremlin Nob","floor":10,"turns":4},{"damage":1,"enemies":"Looter","floor":11,"turns":2},{"damage":15,"enemies":"The Mushroom Lair","floor":13,"turns":3},{"damage":17,"enemies":"Lagavulin","floor":14,"turns":6},{"damage":26,"enemies":"Slime Boss","floor":16,"turns":9},{"damage":12,"enemies":"Chosen","floor":18,"turns":4},{"damage":2,"enemies":"Shell Parasite","floor":22,"turns":6},{"damage":9,"enemies":"Shelled Parasite and Fungi","floor":30,"turns":5},{"damage":8,"enemies":"Sentry and Sphere","floor":31,"turns":5},{"damage":60,"enemies":"Champ","floor":33,"turns":11}],"seed_played":"8077687723087651806","potions_obtained":[{"floor":5,"key":"Fire Potion"},{"floor":8,"key":"GhostInAJar"},{"floor":13,"key":"AttackPotion"},{"floor":14,"key":"Block Potion"},{"floor":29,"key":"Weak Potion"}],"is_trial":false,"path_per_floor":["M","M","$","?","M","R","E","M","T","E","M","?","?","E","R","B",null,"M","?","?","?","M","R","$","R","T","R","?","?","M","M","R","B"],"character_chosen":"THE_SILENT","items_purchased":["Panache","Fire Potion","Discovery","Vajra","GhostInAJar"],"campfire_rested":1,"item_purchase_floors":[3,3,3,24,24],"current_hp_per_floor":[55,48,48,41,40,40,33,33,33,27,26,42,27,10,44,18,54,42,33,33,33,31,31,31,31,31,31,23,23,16,14,14,0],"gold":80,"neow_bonus":"TWO_FIFTY_GOLD","is_prod":false,"is_daily":false,"chose_seed":false,"campfire_upgraded":5,"win_rate":0,"timestamp":1563007517,"path_taken":["M","M","$","?","M","R","E","M","T","E","M","?","?","E","R","BOSS","M","?","?","?","M","R","$","R","T","R","?","?","?","M","R","BOSS"],"build_version":"2019-07-10","purchased_purges":0,"victory":false,"max_hp_per_floor":[66,66,66,66,66,66,66,66,66,66,66,66,66,66,66,66,66,66,33,33,33,33,33,33,33,33,33,23,23,23,23,23,23],"card_choices":[{"not_picked":["Cloak And Dagger","Dodge and Roll"],"picked":"Dagger Spray","floor":1},{"not_picked":["Expertise","Dodge and Roll"],"picked":"Endless Agony","floor":2},{"not_picked":["Acrobatics","Quick Slash"],"picked":"Cloak And Dagger","floor":5},{"not_picked":["Backflip","Bouncing Flask"],"picked":"Dagger Throw","floor":7},{"not_picked":["Quick Slash","Deflect"],"picked":"Bullet Time","floor":8},{"not_picked":["Underhanded Strike","Sucker Punch","Quick Slash"],"picked":"SKIP","floor":10},{"not_picked":["Prepared","Blade Dance"],"picked":"Flying Knee","floor":11},{"not_picked":["Reflex","Setup"],"picked":"Backflip","floor":13},{"not_picked":["Crippling Poison","Backflip"],"picked":"PiercingWail","floor":14},{"not_picked":["Die Die Die","Phantasmal Killer"],"picked":"Storm of Steel","floor":16},{"not_picked":["Dagger Throw"],"picked":"SKIP","floor":18},{"not_picked":["Bane"],"picked":"SKIP","floor":22},{"not_picked":["Dagger Throw"],"picked":"SKIP","floor":30},{"not_picked":["Dagger Spray"],"picked":"SKIP","floor":31}],"player_experience":1398635,"relics_obtained":[{"floor":7,"key":"Whetstone"},{"floor":9,"key":"Regal Pillow"},{"floor":10,"key":"Snake Skull"},{"floor":13,"key":"Odd Mushroom"},{"floor":14,"key":"Oddly Smooth Stone"},{"floor":26,"key":"Letter Opener"}],"event_choices":[{"cards_removed":["Writhe"],"damage_healed":0,"gold_gain":0,"player_choice":"Card Removal","damage_taken":7,"max_hp_gain":0,"max_hp_loss":0,"event_name":"Golden Wing","floor":4,"gold_loss":0},{"damage_healed":16,"gold_gain":0,"player_choice":"Healed","damage_taken":0,"max_hp_gain":0,"max_hp_loss":0,"event_name":"The Cleric","floor":12,"gold_loss":35},{"damage_healed":0,"gold_gain":0,"player_choice":"Fought Mushrooms","damage_taken":0,"max_hp_gain":0,"max_hp_loss":0,"event_name":"Mushrooms","floor":13,"gold_loss":0},{"damage_healed":0,"gold_gain":0,"player_choice":"Became a Ghost","damage_taken":0,"max_hp_gain":0,"max_hp_loss":33,"event_name":"Ghosts","floor":19,"gold_loss":0,"cards_obtained":["Ghostly","Ghostly","Ghostly"]},{"damage_healed":0,"gold_gain":0,"player_choice":"Obtain J.A.X.","damage_taken":0,"max_hp_gain":0,"max_hp_loss":0,"event_name":"Drug Dealer","floor":20,"gold_loss":0,"cards_obtained":["J.A.X."]},{"damage_healed":0,"gold_gain":50,"player_choice":"Stole From Cult","damage_taken":0,"max_hp_gain":0,"max_hp_loss":0,"event_name":"Nest","floor":21,"gold_loss":0},{"damage_healed":0,"gold_gain":0,"player_choice":"Became a vampire","damage_taken":0,"max_hp_gain":0,"max_hp_loss":10,"event_name":"Vampires","floor":28,"gold_loss":0,"cards_obtained":["Bite","Bite","Bite","Bite","Bite"]},{"damage_healed":0,"gold_gain":0,"player_choice":"Bought 1 Potion","damage_taken":0,"max_hp_gain":0,"max_hp_loss":0,"event_name":"The Woman in Blue","floor":29,"gold_loss":0}],"is_beta":true,"boss_relics":[{"not_picked":["Black Star","Fusion Hammer"],"picked":"Busted Crown"}],"items_purged_floors":[],"is_endless":false,"potions_floor_spawned":[5,8,13,14,30],"killed_by":"Champ","ascension_level":20}