{"gold_per_floor":[215,235,245,5,5,5,40,52,52,77,77,34,54,84,84,156,156,167,167,180,105,105,105,105],"floor_reached":24,"playtime":981,"items_purged":["Strike_R"],"score":428,"play_id":"d4c9b5cd-13fe-4714-b66e-ff4dc8f1b9ed","local_time":"20181112171841","is_ascension_mode":true,"campfire_choices":[{"data":"Spot Weakness","floor":6,"key":"SMITH"},{"floor":11,"key":"REST"},{"data":"Clothesline","floor":15,"key":"SMITH"},{"data":"Brutality","floor":23,"key":"SMITH"}],"neow_cost":"NONE","seed_source_timestamp":4547125270742818,"circlet_count":0,"master_deck":["AscendersBane","Defend_R","Defend_R","Defend_R","Defend_R+1","Bash","Spot Weakness+1","Heavy Blade","Sword Boomerang","Armaments+1","Inflame","Inflame","Clothesline+1","Brutality+1","Fiend Fire+1","Infernal Blade+1","Disarm+1","True Grit"],"relics":["Burning Blood","Happy Flower","Matryoshka","Pantograph","Blue Candle","War Paint","Unceasing Top","Astrolabe"],"potions_floor_usage":[7,10,14,18,24],"damage_taken":[{"damage":7,"enemies":"2 Louse","floor":1,"turns":2},{"damage":9,"enemies":"Jaw Worm","floor":2,"turns":4},{"damage":6,"enemies":"Cultist","floor":3,"turns":4},{"damage":29,"enemies":"3 Sentries","floor":7,"turns":8},{"damage":11,"enemies":"2 Fungi Beasts","floor":8,"turns":4},{"damage":15,"enemies":"Lagavulin","floor":10,"turns":7},{"damage":3,"enemies":"Looter","floor":13,"turns":4},{"damage":36,"enemies":"3 Sentries","floor":14,"turns":8},{"damage":32,"enemies":"The Guardian","floor":16,"turns":11},{"damage":11,"enemies":"Spheric Guardian","floor":18,"turns":6},{"damage":20,"enemies":"2 Thieves","floor":20,"turns":4},{"damage":60,"enemies":"Slavers","floor":24,"turns":3}],"seed_played":"-1220683333444819716","potions_obtained":[{"floor":2,"key":"Dexterity Potion"},{"floor":8,"key":"EssenceOfSteel"},{"floor":10,"key":"EssenceOfSteel"},{"floor":14,"key":"Ancient Potion"},{"floor":18,"key":"Ancient Potion"},{"floor":19,"key":"BloodPotion"}],"is_trial":false,"path_per_floor":["M","M","M","$","?","R","E","M","T","E","R","$","M","E","R","B",null,"M","?","M","?","?","R","E"],"character_chosen":"IRONCLAD","items_purchased":["Happy Flower","Inflame"],"campfire_rested":1,"item_purchase_floors":[4,12],"current_hp_per_floor":[67,64,64,64,64,64,41,36,36,27,49,49,52,22,22,21,62,57,57,43,43,43,43,0],"gold":105,"neow_bonus":"HUNDRED_GOLD","is_prod":false,"is_daily":false,"chose_seed":false,"campfire_upgraded":3,"win_rate":0,"timestamp":1542071921,"path_taken":["M","M","M","$","?","R","E","M","T","E","R","$","M","E","R","BOSS","M","?","?","?","?","R","E"],"build_version":"2018-11-08","purchased_purges":1,"victory":false,"max_hp_per_floor":[75,75,75,75,75,75,75,75,75,75,75,75,75,75,75,75,75,75,75,75,75,75,75,75],"card_choices":[{"not_picked":["Thunderclap","True Grit"],"picked":"Spot Weakness","floor":1},{"not_picked":["Inflame","Iron Wave"],"picked":"Heavy Blade","floor":2},{"not_picked":["Wild Strike","Iron Wave"],"picked":"Sword Boomerang","floor":3},{"not_picked":["Flex","Body Slam"],"picked":"Armaments","floor":7},{"not_picked":["Clash","Perfected Strike","Pummel"],"picked":"SKIP","floor":8},{"not_picked":["Rampage","Perfected Strike","Clash"],"picked":"SKIP","floor":10},{"not_picked":["Heavy Blade","Evolve"],"picked":"Inflame","floor":13},{"not_picked":["Clash","Sentinel"],"picked":"Clothesline","floor":14},{"not_picked":["Barricade","Exhume"],"picked":"Brutality","floor":16},{"not_picked":["Body Slam+1","Flex"],"picked":"True Grit","floor":18},{"not_picked":["Pommel Strike","Heavy Blade+1","Entrench"],"picked":"SKIP","floor":20}],"player_experience":1068478,"relics_obtained":[{"floor":7,"key":"Matryoshka"},{"floor":9,"key":"Pantograph"},{"floor":9,"key":"Blue Candle"},{"floor":10,"key":"War Paint"},{"floor":14,"key":"Unceasing Top"}],"event_choices":[{"damage_healed":0,"gold_gain":0,"player_choice":"Leave","damage_taken":0,"max_hp_gain":0,"max_hp_loss":0,"event_name":"The Cleric","floor":5,"gold_loss":0},{"damage_healed":0,"gold_gain":0,"player_choice":"Got Potions","damage_taken":0,"max_hp_gain":0,"max_hp_loss":0,"event_name":"Lab","floor":19,"gold_loss":0},{"cards_removed":["Strike_R"],"damage_healed":0,"gold_gain":0,"player_choice":"Gave Gold","damage_taken":0,"max_hp_gain":0,"max_hp_loss":0,"event_name":"Beggar","floor":21,"gold_loss":75},{"damage_healed":0,"gold_gain":0,"player_choice":"Ignored","damage_taken":0,"max_hp_gain":0,"max_hp_loss":0,"event_name":"Vampires","floor":22,"gold_loss":0}],"is_beta":true,"boss_relics":[{"not_picked":["Calling Bell","Lizard Tail"],"picked":"Astrolabe"}],"items_purged_floors":[4],"is_endless":false,"potions_floor_spawned":[2,8,10,14,18],"killed_by":"Slavers","ascension_level":20}