{"gold_per_floor":[118,138,138,57,8,8,19,49,75,90,90,20,39,52,52,150,150,150,65,65,65,65,65,65,65,65,65,65,65,65,65,65,65,65,65,65,65,65,65,65,65,65,65,65,65,65,16,16,16,16],"floor_reached":51,"playtime":3504,"items_purged":[],"score":843,"play_id":"e634c279-6d8b-4145-8ce5-5f92aaa67444","local_time":"20190319205518","is_ascension_mode":true,"campfire_choices":[{"data":"Poisoned Stab","floor":6,"key":"SMITH"},{"data":"Dodge and Roll","floor":11,"key":"SMITH"},{"floor":15,"key":"REST"},{"data":"A Thousand Cuts","floor":23,"key":"SMITH"},{"data":"Footwork","floor":25,"key":"SMITH"},{"data":"Leg Sweep","floor":29,"key":"SMITH"},{"data":"Malaise","floor":32,"key":"SMITH"},{"floor":40,"key":"REST"},{"data":"After Image","floor":42,"key":"SMITH"},{"data":"Backflip","floor":46,"key":"SMITH"},{"floor":49,"key":"REST"}],"neow_cost":"NONE","seed_source_timestamp":198637159605873,"circlet_count":0,"master_deck":["Defend_G","Defend_G","Defend_G+1","Defend_G+1","Defend_G","Strike_G","Strike_G","Strike_G","Strike_G+1","Strike_G","Survivor","Neutralize","Poisoned Stab+1","Deadly Poison+1","Well Laid Plans","Sucker Punch+1","Cloak And Dagger","Dodge and Roll+1","Backflip+1","Malaise+1","Flechettes","Backstab","A Thousand Cuts+1","Blur","Footwork+1","After Image+1","Leg Sweep+1","Noxious Fumes","Escape Plan+1","Die Die Die","Bouncing Flask","Well Laid Plans","Mind Blast","Acrobatics"],"relics":["Ring of the Snake","War Paint","Potion Belt","Ectoplasm","Ornamental Fan","Whetstone","Busted Crown","Orichalcum","Blue Candle","Bag of Preparation"],"potions_floor_usage":[8,16,16,31,33,33,33,35,39,41,50,50,50],"damage_taken":[{"damage":0,"enemies":"2 Louse","floor":1,"turns":3},{"damage":0,"enemies":"Cultist","floor":2,"turns":4},{"damage":8,"enemies":"Small Slimes","floor":7,"turns":3},{"damage":12,"enemies":"Gremlin Nob","floor":8,"turns":3},{"damage":6,"enemies":"Gremlin Gang","floor":10,"turns":5},{"damage":7,"enemies":"Large Slime","floor":13,"turns":7},{"damage":2,"enemies":"Blue Slaver","floor":14,"turns":3},{"damage":8,"enemies":"The Guardian","floor":16,"turns":9},{"damage":0,"enemies":"Chosen","floor":18,"turns":5},{"damage":2,"enemies":"3 Byrds","floor":21,"turns":6},{"damage":0,"enemies":"Cultist and Chosen","floor":27,"turns":7},{"damage":0,"enemies":"Centurion and Healer","floor":28,"turns":7},{"damage":5,"enemies":"Snake Plant","floor":30,"turns":6},{"damage":10,"enemies":"Shelled Parasite and Fungi","floor":31,"turns":6},{"damage":28,"enemies":"Champ","floor":33,"turns":13},{"damage":41,"enemies":"3 Darklings","floor":35,"turns":6},{"damage":1,"enemies":"Orb Walker","floor":36,"turns":5},{"damage":6,"enemies":"Spire Growth","floor":39,"turns":6},{"damage":5,"enemies":"Nemesis","floor":41,"turns":9},{"damage":7,"enemies":"Sphere and 2 Shapes","floor":44,"turns":6},{"damage":0,"enemies":"Transient","floor":48,"turns":5},{"damage":53,"enemies":"Donu and Deca","floor":50,"turns":14}],"seed_played":"1853119185295737983","potions_obtained":[{"floor":0,"key":"SneckoOil"},{"floor":0,"key":"SpeedPotion"},{"floor":0,"key":"SteroidPotion"},{"floor":2,"key":"AttackPotion"},{"floor":7,"key":"Swift Potion"},{"floor":16,"key":"Poison Potion"},{"floor":18,"key":"Regen Potion"},{"floor":21,"key":"Weak Potion"},{"floor":24,"key":"Regen Potion"},{"floor":24,"key":"PowerPotion"},{"floor":24,"key":"LiquidBronze"},{"floor":31,"key":"PowerPotion"},{"floor":36,"key":"PowerPotion"},{"floor":39,"key":"Energy Potion"},{"floor":44,"key":"GamblersBrew"},{"floor":48,"key":"EssenceOfSteel"}],"is_trial":false,"path_per_floor":["M","M","?","$","$","R","M","E","T","M","R","$","M","M","R","B",null,"M","?","$","M","?","R","?","R","T","M","M","R","M","M","R","B",null,"M","M","?","?","M","R","E","R","T","M","T","R","$","M","R","B",null],"character_chosen":"THE_SILENT","items_purchased":["Well Laid Plans","Sucker Punch","Malaise","Strength Potion"],"campfire_rested":3,"item_purchase_floors":[4,5,12,47],"current_hp_per_floor":[63,63,63,63,63,63,55,43,43,37,37,37,30,28,49,41,63,63,63,63,61,61,61,61,61,61,61,61,61,56,61,61,33,61,35,34,34,34,28,49,44,44,44,37,37,37,37,37,58,5],"gold":16,"neow_bonus":"THREE_SMALL_POTIONS","is_prod":false,"is_daily":false,"chose_seed":false,"campfire_upgraded":8,"win_rate":0,"timestamp":1553025318,"path_taken":["M","M","?","?","$","R","M","E","T","M","R","$","M","M","R","BOSS","M","?","$","M","?","R","?","R","T","M","M","R","?","M","R","BOSS","M","M","?","?","M","R","E","R","T","M","?","R","$","M","R","BOSS"],"build_version":"2019-03-15","purchased_purges":0,"victory":true,"max_hp_per_floor":[70,70,70,70,70,70,70,70,70,70,70,70,70,70,70,70,70,70,70,70,70,70,70,70,70,70,70,70,70,70,70,70,70,70,70,70,70,70,70,70,70,70,70,70,70,70,70,70,70,70],"card_choices":[{"not_picked":["Dagger Spray","Accuracy"],"picked":"Poisoned Stab","floor":1},{"not_picked":["Setup","Poisoned Stab"],"picked":"Deadly Poison","floor":2},{"not_picked":["Concentrate","Finisher"],"picked":"Cloak And Dagger","floor":7},{"not_picked":["Deadly Poison","Venomology"],"picked":"Dodge and Roll","floor":8},{"not_picked":["Cloak And Dagger","All Out Attack"],"picked":"Backflip","floor":10},{"not_picked":["Outmaneuver","Slice"],"picked":"Flechettes","floor":13},{"not_picked":["Underhanded Strike","Concentrate"],"picked":"Backstab","floor":14},{"not_picked":["Doppelganger","Wraith Form v2"],"picked":"A Thousand Cuts","floor":16},{"not_picked":["Calculated Gamble","Well Laid Plans"],"picked":"Blur","floor":18},{"not_picked":["Acrobatics+1","Deadly Poison+1"],"picked":"Footwork","floor":21},{"not_picked":["Cloak And Dagger","Sucker Punch+1"],"picked":"After Image","floor":27},{"not_picked":["Bane","Accuracy"],"picked":"Leg Sweep","floor":28},{"not_picked":["PiercingWail","Masterful Stab"],"picked":"Noxious Fumes","floor":30},{"not_picked":["Prepared","Skewer"],"picked":"Escape Plan+1","floor":31},{"not_picked":["Tools of the Trade","Venomology"],"picked":"Die Die Die","floor":33},{"not_picked":[],"picked":"Bouncing Flask","floor":35},{"not_picked":[],"picked":"Well Laid Plans","floor":36},{"not_picked":[],"picked":"Mind Blast","floor":37},{"not_picked":["All Out Attack"],"picked":"SKIP","floor":39},{"not_picked":[],"picked":"Acrobatics","floor":41},{"not_picked":["Flying Knee+1"],"picked":"SKIP","floor":44},{"not_picked":["Bane+1"],"picked":"SKIP","floor":48}],"player_experience":332990,"relics_obtained":[{"floor":8,"key":"War Paint"},{"floor":9,"key":"Potion Belt"},{"floor":26,"key":"Whetstone"},{"floor":41,"key":"Orichalcum"},{"floor":43,"key":"Blue Candle"},{"floor":45,"key":"Bag of Preparation"}],"event_choices":[{"damage_healed":0,"gold_gain":0,"player_choice":"Forge","damage_taken":0,"max_hp_gain":0,"max_hp_loss":0,"event_name":"Accursed Blacksmith","floor":3,"gold_loss":0,"cards_upgraded":["Deadly Poison"]},{"damage_healed":0,"gold_gain":0,"player_choice":"Obtained Relic","damage_taken":0,"relics_obtained":["Ornamental Fan"],"max_hp_gain":0,"max_hp_loss":0,"event_name":"Addict","floor":19,"gold_loss":85},{"damage_healed":0,"gold_gain":0,"player_choice":"Ignored","damage_taken":0,"max_hp_gain":0,"max_hp_loss":0,"event_name":"Ghosts","floor":22,"gold_loss":0},{"damage_healed":0,"gold_gain":0,"player_choice":"Got Potions","damage_taken":0,"max_hp_gain":0,"max_hp_loss":0,"event_name":"Lab","floor":24,"gold_loss":0},{"damage_healed":0,"gold_gain":0,"player_choice":"Memory 1","damage_taken":0,"max_hp_gain":0,"max_hp_loss":0,"event_name":"SensoryStone","floor":37,"gold_loss":0},{"damage_healed":0,"gold_gain":0,"player_choice":"Ignored","damage_taken":0,"max_hp_gain":0,"max_hp_loss":0,"event_name":"The Moai Head","floor":38,"gold_loss":0}],"is_beta":true,"boss_relics":[{"not_picked":["WristBlade","Runic Pyramid"],"picked":"Ectoplasm"},{"not_picked":["Cursed Key","Pandora\u0027s Box"],"picked":"Busted Crown"}],"items_purged_floors":[],"is_endless":false,"potions_floor_spawned":[2,7,16,18,21,31,36,39,44,48],"ascension_level":6}