{"gold_per_floor":[110,122,138,138,138,169,169,202,277,291,20,85,85,152,152,225,225,238,254,179,229,295,320,370,1,1,1,11,11,61,78,78,78],"floor_reached":33,"playtime":1684,"items_purged":["Strike_R","Strike_R"],"score":554,"play_id":"ef97d653-181c-4500-95be-a8206637d55c","local_time":"20190613212540","is_ascension_mode":true,"campfire_choices":[{"data":"Armaments","floor":7,"key":"SMITH"},{"data":"True Grit","floor":13,"key":"SMITH"},{"data":"Bash","floor":15,"key":"SMITH"},{"data":"Mayhem","floor":27,"key":"SMITH"},{"data":"Immolate","floor":29,"key":"SMITH"},{"floor":32,"key":"REST"}],"neow_cost":"NONE","seed_source_timestamp":4226005648669583,"circlet_count":0,"master_deck":["AscendersBane","Strike_R","Strike_R","Defend_R","Defend_R","Defend_R","Defend_R","Bash+1","Clothesline","Rage","Carnage","Armaments+1","Immolate+1","True Grit+1","Shrug It Off","Intimidate","True Grit","Feed","True Grit","Flame Barrier","Immolate","Fiend Fire","Mayhem+1","Inflame","Demon Form"],"relics":["Burning Blood","Omamori","Dead Branch","SsserpentHead","Potion Belt","Meat on the Bone","Question Card","Philosopher\u0027s Stone","Juzu Bracelet","The Courier"],"potions_floor_usage":[8,23,23,23],"damage_taken":[{"damage":7,"enemies":"Jaw Worm","floor":1,"turns":3},{"damage":4,"enemies":"2 Louse","floor":2,"turns":3},{"damage":1,"enemies":"Cultist","floor":3,"turns":4},{"damage":32,"enemies":"Gremlin Nob","floor":6,"turns":4},{"damage":20,"enemies":"3 Sentries","floor":8,"turns":7},{"damage":10,"enemies":"Gremlin Gang","floor":10,"turns":5},{"damage":5,"enemies":"Large Slime","floor":12,"turns":6},{"damage":1,"enemies":"Lots of Slimes","floor":14,"turns":2},{"damage":32,"enemies":"The Guardian","floor":16,"turns":16},{"damage":26,"enemies":"Chosen","floor":18,"turns":7},{"damage":30,"enemies":"Shell Parasite","floor":19,"turns":5},{"damage":19,"enemies":"Sentry and Sphere","floor":22,"turns":5},{"damage":31,"enemies":"Slavers","floor":23,"turns":4},{"damage":22,"enemies":"Snake Plant","floor":28,"turns":3},{"damage":20,"enemies":"Shelled Parasite and Fungi","floor":31,"turns":4},{"damage":78,"enemies":"Collector","floor":33,"turns":6}],"seed_played":"-960794911144920130","potions_obtained":[{"floor":6,"key":"AttackPotion"},{"floor":8,"key":"Dexterity Potion"},{"floor":10,"key":"Ancient Potion"},{"floor":16,"key":"Strength Potion"},{"floor":19,"key":"AttackPotion"}],"is_trial":false,"path_per_floor":["M","M","M","?","?","E","R","E","T","M","$","M","R","M","R","B",null,"M","M","$","?","M","E","?","$","T","R","M","R","?","M","R","B"],"character_chosen":"IRONCLAD","items_purchased":["Immolate","True Grit","Shrug It Off","Mayhem","Inflame"],"campfire_rested":1,"item_purchase_floors":[11,11,11,25,25],"current_hp_per_floor":[67,69,74,63,63,37,37,23,23,31,31,44,44,49,49,35,65,48,40,40,40,39,26,26,26,26,26,22,22,22,20,44,0],"gold":78,"neow_bonus":"RANDOM_COMMON_RELIC","is_prod":false,"is_daily":false,"chose_seed":false,"campfire_upgraded":5,"win_rate":0,"timestamp":1560486340,"path_taken":["M","M","M","?","?","E","R","E","T","M","$","?","R","?","R","BOSS","M","M","$","?","?","E","?","$","T","R","M","R","?","M","R","BOSS"],"build_version":"2019-06-12","purchased_purges":2,"victory":false,"max_hp_per_floor":[75,75,75,75,75,75,75,75,75,75,75,75,75,75,75,75,75,78,82,82,82,82,82,82,82,82,82,82,82,82,82,82,82],"card_choices":[{"not_picked":["Twin Strike","Whirlwind"],"picked":"Clothesline","floor":1},{"not_picked":["Sentinel","Entrench"],"picked":"Rage","floor":2},{"not_picked":["Power Through","Heavy Blade"],"picked":"Carnage","floor":3},{"not_picked":["Dual Wield","Hemokinesis"],"picked":"Armaments","floor":6},{"not_picked":["Uppercut","Fire Breathing","Evolve"],"picked":"SKIP","floor":8},{"not_picked":["Body Slam","Cleave","Hemokinesis","Pommel Strike"],"picked":"SKIP","floor":10},{"not_picked":["Reckless Charge","Entrench","Havoc"],"picked":"Intimidate","floor":12},{"not_picked":["Warcry","Blood for Blood","Thunderclap"],"picked":"True Grit","floor":14},{"not_picked":["Reaper","Impervious","Bludgeon"],"picked":"Feed","floor":16},{"not_picked":["Headbutt","Warcry","Anger"],"picked":"True Grit","floor":18},{"not_picked":["Pummel","Iron Wave","Warcry"],"picked":"Flame Barrier","floor":19},{"not_picked":["Anger","Intimidate","Heavy Blade"],"picked":"Fiend Fire","floor":22},{"not_picked":["Headbutt","Perfected Strike","Metallicize","Dropkick"],"picked":"SKIP","floor":23},{"not_picked":["Havoc","Heavy Blade","Headbutt"],"picked":"Demon Form","floor":28},{"not_picked":["Sword Boomerang+1","Anger","Perfected Strike","Reckless Charge"],"picked":"SKIP","floor":31}],"player_experience":1357303,"relics_obtained":[{"floor":6,"key":"Potion Belt"},{"floor":8,"key":"Meat on the Bone"},{"floor":9,"key":"Question Card"},{"floor":23,"key":"Juzu Bracelet"},{"floor":26,"key":"The Courier"}],"event_choices":[{"damage_healed":0,"gold_gain":0,"player_choice":"Success","damage_taken":11,"relics_obtained":["Dead Branch"],"max_hp_gain":0,"max_hp_loss":0,"event_name":"Scrap Ooze","floor":4,"gold_loss":0},{"damage_healed":0,"gold_gain":0,"player_choice":"Trade","damage_taken":0,"relics_obtained":["SsserpentHead"],"max_hp_gain":0,"max_hp_loss":0,"event_name":"FaceTrader","floor":5,"gold_loss":0},{"damage_healed":0,"gold_gain":0,"player_choice":"Copied","damage_taken":0,"max_hp_gain":0,"max_hp_loss":0,"event_name":"Duplicator","floor":21,"gold_loss":0,"cards_obtained":["Immolate"]},{"damage_healed":0,"gold_gain":0,"player_choice":"Ignored","damage_taken":0,"max_hp_gain":0,"max_hp_loss":0,"event_name":"Beggar","floor":24,"gold_loss":0},{"cards_removed":["Strike_R"],"damage_healed":0,"gold_gain":0,"player_choice":"Purged","damage_taken":0,"max_hp_gain":0,"max_hp_loss":0,"event_name":"Purifier","floor":30,"gold_loss":0}],"is_beta":true,"boss_relics":[{"not_picked":["Tiny House","Eternal Feather"],"picked":"Philosopher\u0027s Stone"}],"items_purged_floors":[20,25],"is_endless":false,"potions_floor_spawned":[6,8,10,16,19,22],"killed_by":"Collector","ascension_level":20}