{"gold_per_floor":[112,112,112,130,130,158,158,185,257,287,9,23,43,59,59,132,132,142,152,24,36,36],"floor_reached":22,"playtime":825,"items_purged":["Defend_R"],"score":450,"play_id":"6d4149a0-9ee8-4e4d-a8d9-1559b8e1591b","local_time":"20190320013917","is_ascension_mode":true,"campfire_choices":[{"data":"Bash","floor":7,"key":"SMITH"},{"floor":15,"key":"REST"}],"neow_cost":"NONE","seed_source_timestamp":218363960177305,"circlet_count":0,"master_deck":["AscendersBane","Strike_R","Strike_R","Strike_R","Strike_R","Defend_R","Defend_R","Defend_R","Bash+1","Anger","Clothesline","Offering","Sword Boomerang","Headbutt","Perfected Strike","Burning Pact","Feed","Corruption","Evolve","Pommel Strike"],"relics":["Burning Blood","NeowsBlessing","Dream Catcher","FossilizedHelix","Vajra","Mummified Hand","Regal Pillow","Matryoshka","Philosopher\u0027s Stone"],"potions_floor_usage":[10,16,16,21,21,22],"damage_taken":[{"damage":0,"enemies":"Jaw Worm","floor":1,"turns":1},{"damage":0,"enemies":"2 Louse","floor":4,"turns":1},{"damage":0,"enemies":"Gremlin Nob","floor":6,"turns":1},{"damage":30,"enemies":"Lagavulin","floor":8,"turns":6},{"damage":6,"enemies":"Gremlin Nob","floor":10,"turns":3},{"damage":4,"enemies":"Small Slimes","floor":12,"turns":3},{"damage":12,"enemies":"Exordium Thugs","floor":13,"turns":3},{"damage":5,"enemies":"Lots of Slimes","floor":14,"turns":3},{"damage":38,"enemies":"Slime Boss","floor":16,"turns":8},{"damage":19,"enemies":"2 Thieves","floor":18,"turns":3},{"damage":12,"enemies":"Spheric Guardian","floor":19,"turns":3},{"damage":43,"enemies":"Snecko","floor":21,"turns":5},{"damage":27,"enemies":"Snake Plant","floor":22,"turns":1}],"seed_played":"1012837345102521942","potions_obtained":[{"floor":4,"key":"GamblersBrew"},{"floor":8,"key":"FearPotion"},{"floor":13,"key":"Energy Potion"},{"floor":16,"key":"BloodPotion"},{"floor":21,"key":"FearPotion"}],"is_trial":false,"path_per_floor":["M","?","?","M","?","E","R","E","T","E","$","M","M","M","R","B",null,"M","M","$","M","M"],"character_chosen":"IRONCLAD","items_purchased":["Matryoshka","Energy Potion"],"campfire_rested":1,"item_purchase_floors":[11,20],"current_hp_per_floor":[74,67,72,78,67,73,73,49,49,49,49,51,45,46,80,48,72,62,56,56,27,0],"gold":36,"neow_bonus":"THREE_ENEMY_KILL","is_prod":false,"is_daily":false,"chose_seed":false,"campfire_upgraded":1,"win_rate":0,"timestamp":1553042357,"path_taken":["M","?","?","M","?","E","R","E","T","E","$","M","M","M","R","BOSS","M","M","$","M","M"],"build_version":"2019-03-15","purchased_purges":1,"victory":false,"max_hp_per_floor":[75,75,80,80,80,80,80,80,80,80,80,80,80,80,80,80,80,83,83,83,83,83],"card_choices":[{"not_picked":["Wild Strike","Cleave"],"picked":"Anger","floor":1},{"not_picked":["Wild Strike","Twin Strike"],"picked":"Clothesline","floor":4},{"not_picked":["Anger","Heavy Blade","Clothesline"],"picked":"SKIP","floor":6},{"not_picked":["Hemokinesis","Blood for Blood"],"picked":"Offering","floor":8},{"not_picked":["Pommel Strike","Sentinel"],"picked":"Sword Boomerang","floor":10},{"not_picked":["Bloodletting","Dual Wield"],"picked":"Headbutt","floor":12},{"not_picked":["Heavy Blade","Anger"],"picked":"Perfected Strike","floor":13},{"not_picked":["Wild Strike","Body Slam"],"picked":"Burning Pact","floor":14},{"not_picked":["Brutality","Reaper"],"picked":"Feed","floor":16},{"not_picked":["Reckless Charge","Flex"],"picked":"Corruption","floor":18},{"not_picked":["Iron Wave","Rupture"],"picked":"Evolve","floor":19},{"not_picked":["Perfected Strike","Combust"],"picked":"Pommel Strike","floor":21}],"player_experience":345107,"relics_obtained":[{"floor":6,"key":"FossilizedHelix"},{"floor":8,"key":"Vajra"},{"floor":9,"key":"Mummified Hand"},{"floor":10,"key":"Regal Pillow"}],"event_choices":[{"cards_removed":["Strike_R"],"damage_healed":0,"gold_gain":0,"player_choice":"Card Removal","damage_taken":7,"max_hp_gain":0,"max_hp_loss":0,"event_name":"Golden Wing","floor":2,"gold_loss":0},{"damage_healed":0,"gold_gain":0,"player_choice":"Donut","damage_taken":0,"max_hp_gain":5,"max_hp_loss":0,"event_name":"Big Fish","floor":3,"gold_loss":0},{"damage_healed":0,"gold_gain":0,"player_choice":"Success","damage_taken":11,"relics_obtained":["Dream Catcher"],"max_hp_gain":0,"max_hp_loss":0,"event_name":"Scrap Ooze","floor":5,"gold_loss":0}],"is_beta":true,"boss_relics":[{"not_picked":["Busted Crown","Coffee Dripper"],"picked":"Philosopher\u0027s Stone"}],"items_purged_floors":[20],"is_endless":false,"potions_floor_spawned":[4,8,13,16,21],"killed_by":"Snake Plant","ascension_level":19}