{"gold_per_floor":[113,124,144,46,65,91,91,108,108,108,122,149,168,188,188,292,292,310,298,298,332,55,55,71,71,71,90,27,27,27,44,44,146,146,163,163,175,85,100,100,0,0,23,23,23,40,56,56,56,56],"floor_reached":51,"playtime":4638,"items_purged":["Strike_R","Strike_R","Strike_R"],"score":661,"play_id":"f20f9896-b7d3-4259-969e-8d06e7e2afad","local_time":"20181104013158","is_ascension_mode":false,"campfire_choices":[{"floor":10,"key":"REST"},{"data":"Pommel Strike","floor":15,"key":"SMITH"},{"floor":23,"key":"REST"},{"floor":25,"key":"REST"},{"floor":29,"key":"REST"},{"floor":32,"key":"REST"},{"floor":40,"key":"REST"},{"data":"Body Slam","floor":42,"key":"SMITH"},{"data":"Offering","floor":49,"key":"SMITH"}],"neow_cost":"","seed_source_timestamp":146268568615033,"circlet_count":0,"master_deck":["Strike_R","Defend_R+1","Defend_R","Defend_R","Defend_R","Bash","Dropkick","Anger","Armaments+1","Iron Wave","Sever Soul","Offering+1","True Grit","Shrug It Off","Pommel Strike+1","Armaments","Barricade+1","Flex","Body Slam+1","Iron Wave","Feed","Shrug It Off+1","Fiend Fire","Juggernaut","Seeing Red+1","Armaments+1","Warcry+1","Flash of Steel"],"relics":["Burning Blood","Happy Flower","Question Card","Kunai","Runic Pyramid","WingedGreaves","Red Mask","Membership Card","Centennial Puzzle","Busted Crown","Lee\u0027s Waffle","Potion Belt"],"potions_floor_usage":[5,6,12,16,16,21,21,31,33,50,50],"damage_taken":[{"damage":1,"enemies":"Cultist","floor":1,"turns":3},{"damage":5,"enemies":"Small Slimes","floor":2,"turns":4},{"damage":8,"enemies":"Jaw Worm","floor":3,"turns":3},{"damage":0,"enemies":"Large Slime","floor":5,"turns":8},{"damage":46,"enemies":"3 Sentries","floor":6,"turns":11},{"damage":6,"enemies":"Red Slaver","floor":8,"turns":3},{"damage":6,"enemies":"Looter","floor":11,"turns":2},{"damage":15,"enemies":"Gremlin Nob","floor":12,"turns":3},{"damage":6,"enemies":"Exordium Wildlife","floor":13,"turns":2},{"damage":7,"enemies":"Blue Slaver","floor":14,"turns":3},{"damage":40,"enemies":"The Guardian","floor":16,"turns":6},{"damage":38,"enemies":"Spheric Guardian","floor":18,"turns":6},{"damage":7,"enemies":"2 Thieves","floor":19,"turns":4},{"damage":44,"enemies":"Masked Bandits","floor":21,"turns":5},{"damage":21,"enemies":"Shelled Parasite and Fungi","floor":24,"turns":7},{"damage":13,"enemies":"Snake Plant","floor":27,"turns":4},{"damage":10,"enemies":"3 Cultists","floor":31,"turns":7},{"damage":23,"enemies":"Champ","floor":33,"turns":12},{"damage":44,"enemies":"3 Darklings","floor":35,"turns":5},{"damage":8,"enemies":"3 Shapes","floor":37,"turns":5},{"damage":24,"enemies":"Sphere and 2 Shapes","floor":39,"turns":6},{"damage":6,"enemies":"3 Darklings","floor":46,"turns":8},{"damage":23,"enemies":"Spire Growth","floor":47,"turns":5},{"damage":34,"enemies":"Awakened One","floor":50,"turns":13}],"seed_played":"3574568358838186714","potions_obtained":[{"floor":2,"key":"EssenceOfSteel"},{"floor":5,"key":"GamblersBrew"},{"floor":8,"key":"BloodPotion"},{"floor":11,"key":"Strength Potion"},{"floor":13,"key":"FairyPotion"},{"floor":14,"key":"FearPotion"},{"floor":16,"key":"Fire Potion"},{"floor":19,"key":"Fire Potion"},{"floor":24,"key":"Block Potion"},{"floor":27,"key":"AttackPotion"},{"floor":37,"key":"SteroidPotion"},{"floor":46,"key":"Explosive Potion"}],"is_trial":false,"path_per_floor":["M","M","M","$","M","E","?","M","T","R","M","E","M","M","R","B",null,"M","M","?","?","$","R","M","R","T","M","$","R","?","M","R","B",null,"M","?","M","?","M","R","$","R","T","?","$","M","M","?","R","B",null],"character_chosen":"IRONCLAD","items_purchased":["Armaments","Membership Card","Feed","Lee\u0027s Waffle"],"campfire_rested":6,"item_purchase_floors":[4,22,22,41],"current_hp_per_floor":[80,80,78,78,80,40,40,40,40,64,64,63,63,62,62,28,80,48,47,47,9,9,33,21,45,45,38,38,62,62,62,87,74,91,53,53,54,54,40,69,105,105,105,105,105,105,92,92,92,64],"gold":56,"neow_bonus":"","is_prod":false,"is_daily":false,"chose_seed":false,"campfire_upgraded":3,"win_rate":0.0,"timestamp":1541291518,"path_taken":["M","M","M","?","M","E","?","M","T","R","?","E","M","M","R","BOSS","M","M","?","?","?","R","M","R","T","M","$","R","?","M","R","BOSS","M","?","M","?","?","R","$","R","T","?","$","M","M","?","R","BOSS"],"build_version":"2018-11-02","purchased_purges":3,"victory":true,"max_hp_per_floor":[80,80,80,80,80,80,80,80,80,80,80,80,80,80,80,80,80,80,80,80,80,80,80,83,83,83,83,83,83,83,87,87,91,91,91,91,94,94,98,98,105,105,105,105,105,105,109,109,109,109],"card_choices":[{"not_picked":["Flex","Clash"],"picked":"Dropkick","floor":1},{"not_picked":["Cleave","Anger"],"picked":"Body Slam","floor":2},{"not_picked":["Cleave","Rupture"],"picked":"Anger","floor":3},{"not_picked":["Pummel","Second Wind"],"picked":"Iron Wave","floor":5},{"not_picked":["Power Through","Cleave"],"picked":"Sever Soul","floor":6},{"not_picked":["Warcry","Shrug It Off"],"picked":"Offering","floor":8},{"not_picked":["Headbutt","Thunderclap","Shockwave"],"picked":"True Grit","floor":11},{"not_picked":["True Grit","Rage","Sword Boomerang"],"picked":"Shrug It Off","floor":12},{"not_picked":["Bloodletting","Thunderclap","Headbutt"],"picked":"Pommel Strike","floor":13},{"not_picked":["Reckless Charge","Cleave","Twin Strike"],"picked":"Armaments","floor":14},{"not_picked":["Offering","Double Tap","Juggernaut"],"picked":"Barricade","floor":16},{"not_picked":["Dropkick","Clothesline+1","Anger"],"picked":"Flex","floor":18},{"not_picked":["Warcry","Thunderclap","Clothesline"],"picked":"Body Slam","floor":19},{"not_picked":["True Grit","Twin Strike","Pommel Strike"],"picked":"Iron Wave","floor":21},{"not_picked":["Clash","Pommel Strike","Body Slam","Sword Boomerang"],"picked":"SKIP","floor":24},{"not_picked":["Clash","Pommel Strike","Body Slam","Sword Boomerang"],"picked":"SKIP","floor":24},{"not_picked":["Dropkick","Anger","Reckless Charge+1"],"picked":"Shrug It Off+1","floor":27},{"not_picked":["Clash+1","Sword Boomerang","Thunderclap"],"picked":"Fiend Fire","floor":31},{"not_picked":["Berserk","Offering","Reaper"],"picked":"Juggernaut","floor":33},{"not_picked":["Infernal Blade"],"picked":"Seeing Red+1","floor":35},{"not_picked":["Thunderclap+1","Cleave"],"picked":"SKIP","floor":37},{"not_picked":["Hemokinesis"],"picked":"Armaments+1","floor":39},{"not_picked":["Bloodletting+1"],"picked":"Warcry+1","floor":46},{"not_picked":["Sever Soul","Pommel Strike"],"picked":"SKIP","floor":47},{"not_picked":["Impatience"],"picked":"Flash of Steel","floor":48}],"player_experience":0,"relics_obtained":[{"floor":6,"key":"Happy Flower"},{"floor":9,"key":"Question Card"},{"floor":12,"key":"Kunai"},{"floor":21,"key":"Red Mask"},{"floor":26,"key":"Centennial Puzzle"},{"floor":43,"key":"Potion Belt"}],"event_choices":[{"damage_healed":0,"gold_gain":0,"player_choice":"Upgraded","damage_taken":0,"max_hp_gain":0,"max_hp_loss":0,"event_name":"Upgrade Shrine","floor":7,"gold_loss":0,"cards_upgraded":["Armaments"]},{"damage_healed":0,"gold_gain":0,"player_choice":"Opened","damage_taken":0,"relics_obtained":["WingedGreaves"],"max_hp_gain":0,"max_hp_loss":0,"event_name":"The Mausoleum","floor":20,"gold_loss":0},{"damage_healed":0,"gold_gain":0,"player_choice":"Fought Bandits","damage_taken":0,"max_hp_gain":0,"max_hp_loss":0,"event_name":"Masked Bandits","floor":21,"gold_loss":0},{"damage_healed":0,"gold_gain":0,"player_choice":"Forge","damage_taken":0,"max_hp_gain":0,"max_hp_loss":0,"event_name":"Accursed Blacksmith","floor":30,"gold_loss":0,"cards_upgraded":["Barricade"]},{"cards_removed":["Body Slam"],"damage_healed":0,"gold_gain":0,"player_choice":"Removed Attack","damage_taken":0,"max_hp_gain":0,"max_hp_loss":0,"event_name":"Falling","floor":36,"gold_loss":0},{"cards_removed":["Strike_R"],"damage_healed":0,"gold_gain":0,"player_choice":"Upgrade and Remove","damage_taken":0,"max_hp_gain":0,"max_hp_loss":0,"event_name":"Designer","floor":38,"gold_loss":90,"cards_upgraded":["Defend_R"]},{"damage_healed":0,"gold_gain":0,"player_choice":"Ignored","damage_taken":0,"max_hp_gain":0,"max_hp_loss":0,"event_name":"Mysterious Sphere","floor":44,"gold_loss":0},{"damage_healed":0,"gold_gain":0,"player_choice":"Memory 1","damage_taken":0,"max_hp_gain":0,"max_hp_loss":0,"event_name":"SensoryStone","floor":48,"gold_loss":0}],"is_beta":true,"boss_relics":[{"not_picked":["Runic Cube","Black Star"],"picked":"Runic Pyramid"},{"not_picked":["Lizard Tail","Fusion Hammer"],"picked":"Busted Crown"}],"items_purged_floors":[4,22,28],"is_endless":false,"potions_floor_spawned":[2,5,8,11,13,14,16,19,24,27,37,46],"ascension_level":0}