{"gold_per_floor":[15,15,36,36,52,95,95,120,147,147,170,6,31,31,31,156,156,169,169,44,65,89,89,89,108,131,131],"floor_reached":27,"playtime":2133,"items_purged":[],"score":240,"play_id":"899927bf-67b2-4507-a1ab-2afe9c002414","local_time":"20190811230123","is_ascension_mode":false,"campfire_choices":[{"data":"Coolheaded","floor":7.0,"key":"SMITH"},{"floor":10.0,"key":"RECALL"},{"floor":15.0,"key":"REST"},{"floor":23.0,"key":"REST"}],"neow_cost":"NO_GOLD","seed_source_timestamp":0,"circlet_count":0,"master_deck":["Strike_B","Strike_B","Strike_B","Strike_B","Defend_B","Defend_B+1","Defend_B","Defend_B","Zap+1","Dualcast","Ball Lightning","Coolheaded+1","Sweeping Beam","Self Repair","Defragment","Ball Lightning","Rebound","Reboot","Conserve Battery","Multi-Cast","Writhe","Regret","Ball Lightning+1","FTL+1","Ball Lightning+1","Glacier","Sweeping Beam+1","Core Surge+1"],"special_seed":0,"relics":["Golden Idol","Pen Nib","Bag of Marbles","Calling Bell","War Paint","Molten Egg 2","Gambling Chip","Nloth\u0027s Gift","Boot"],"potions_floor_usage":[27],"damage_taken":[{"damage":3.0,"enemies":"2 Louse","floor":1.0,"turns":4.0},{"damage":6.0,"enemies":"Jaw Worm","floor":3.0,"turns":3.0},{"damage":0.0,"enemies":"Cultist","floor":5.0,"turns":3.0},{"damage":11.0,"enemies":"Gremlin Nob","floor":6.0,"turns":4.0},{"damage":6.0,"enemies":"3 Louse","floor":8.0,"turns":3.0},{"damage":0.0,"enemies":"Exordium Thugs","floor":11.0,"turns":4.0},{"damage":11.0,"enemies":"Large Slime","floor":13.0,"turns":5.0},{"damage":11.0,"enemies":"The Guardian","floor":16.0,"turns":11.0},{"damage":30.0,"enemies":"3 Byrds","floor":18.0,"turns":4.0},{"damage":15.0,"enemies":"Shell Parasite","floor":21.0,"turns":5.0},{"damage":20.0,"enemies":"Shelled Parasite and Fungi","floor":22.0,"turns":7.0},{"damage":21,"enemies":"3 Cultists","floor":25,"turns":5},{"damage":52,"enemies":"Gremlin Leader","floor":27,"turns":5}],"seed_played":"2886053855369444674","potions_obtained":[{"floor":3.0,"key":"GamblersBrew"},{"floor":6.0,"key":"Energy Potion"},{"floor":8.0,"key":"Swift Potion"},{"floor":13.0,"key":"Ancient Potion"}],"is_trial":false,"path_per_floor":["M","?","M","T","M","E","R","M","T","R","M","$","M","$","R","B",null,"M","?","$","M","M","R","?","M","T","E"],"character_chosen":"DEFECT","items_purchased":["Rebound","Reboot","FTL+1","Ball Lightning+1"],"campfire_rested":2,"item_purchase_floors":[12,12,20,20],"current_hp_per_floor":[86,64,58,58,58,47,47,48,48,48,55,55,51,51,77,66,89,59,59,59,51,38,64,64,43,43,0],"gold":131,"neow_bonus":"TWENTY_PERCENT_HP_BONUS","is_prod":false,"is_daily":false,"chose_seed":false,"campfire_upgraded":1,"win_rate":0,"timestamp":1565553683,"path_taken":["M","?","M","?","M","E","R","M","T","R","M","?","M","$","R","BOSS","M","?","$","M","M","R","?","M","T","E"],"build_version":"2019-07-17","purchased_purges":0,"victory":false,"max_hp_per_floor":[89,89,89,89,89,89,89,89,89,89,89,89,89,89,89,89,89,89,89,89,89,89,89,89,89,89,89],"card_choices":[{"not_picked":["Steam","Barrage"],"picked":"Ball Lightning","floor":1.0},{"not_picked":["Leap","Tempest"],"picked":"Coolheaded","floor":3.0},{"not_picked":["Redo","Barrage"],"picked":"Sweeping Beam","floor":5.0},{"not_picked":["Lockon","Sweeping Beam"],"picked":"Self Repair","floor":6.0},{"not_picked":["Ball Lightning","Turbo"],"picked":"Defragment","floor":8.0},{"not_picked":["Compile Driver","Hello World"],"picked":"Ball Lightning","floor":11.0},{"not_picked":["Steam","Fission"],"picked":"Conserve Battery","floor":13.0},{"not_picked":["Fission","Hyperbeam"],"picked":"Multi-Cast","floor":16.0},{"not_picked":["Hologram","Consume"],"picked":"Ball Lightning+1","floor":18.0},{"not_picked":["Gash+1","Reinforced Body"],"picked":"Glacier","floor":21.0},{"not_picked":["Double Energy","Leap"],"picked":"Sweeping Beam+1","floor":22.0},{"not_picked":["Hello World+1","Rip and Tear+1"],"picked":"Core Surge+1","floor":25}],"player_experience":63645,"relics_obtained":[{"floor":6.0,"key":"Pen Nib"},{"floor":9.0,"key":"Bag of Marbles"},{"floor":17.0,"key":"War Paint"},{"floor":17.0,"key":"Molten Egg 2"},{"floor":17.0,"key":"Gambling Chip"},{"floor":26,"key":"Boot"}],"event_choices":[{"damage_healed":0.0,"max_hp_gain":0.0,"max_hp_loss":0.0,"gold_gain":0.0,"event_name":"Golden Idol","player_choice":"Take Damage","floor":2.0,"gold_loss":0.0,"damage_taken":22.0,"relics_obtained":["Golden Idol"]},{"cards_removed":["Normality"],"damage_healed":0.0,"max_hp_gain":0.0,"max_hp_loss":0.0,"gold_gain":0.0,"event_name":"Back to Basics","player_choice":"Elegance","floor":19.0,"gold_loss":0.0,"damage_taken":0.0},{"damage_healed":0.0,"max_hp_gain":0.0,"max_hp_loss":0.0,"gold_gain":0.0,"event_name":"N\u0027loth","player_choice":"Traded Relic","floor":24.0,"relics_lost":["Cracked Core"],"gold_loss":0.0,"damage_taken":0.0,"relics_obtained":["Nloth\u0027s Gift"]}],"is_beta":false,"boss_relics":[{"not_picked":["Empty Cage","Coffee Dripper"],"picked":"Calling Bell"}],"items_purged_floors":[],"is_endless":false,"potions_floor_spawned":[3,6,8,13],"killed_by":"Gremlin Leader","ascension_level":0}