{"gold_per_floor":[110,35,35,50,65,398,398,398,398,398,413,413,342,371,371,474,474,485,410,410,102,121,121,151,165,165,193,219,238,253,253,253,350,350,360,428,443,453,520,550,550,575,575,251,251,311,311,328,328,328],"floor_reached":51,"playtime":2523,"items_purged":["Decay","Seeing Red","Berserk+1"],"score":807,"play_id":"912f20fb-18c3-491e-b8b0-b024457c8e00","local_time":"20181222135101","is_ascension_mode":false,"campfire_choices":[{"data":"Uppercut","floor":8,"key":"SMITH"},{"data":"Berserk","floor":10,"key":"SMITH"},{"data":"Perfected Strike","floor":12,"key":"SMITH"},{"floor":15,"key":"RECALL"},{"data":"Pommel Strike","floor":23,"key":"SMITH"},{"data":"Shrug It Off","floor":32,"key":"SMITH"},{"data":"Twin Strike","floor":41,"key":"SMITH"},{"floor":45,"key":"REST"},{"data":"Perfected Strike","floor":47,"key":"SMITH"},{"data":"Feel No Pain","floor":49,"key":"SMITH"}],"neow_cost":"CURSE","seed_source_timestamp":726804900885994,"circlet_count":0,"master_deck":["Strike_R","Strike_R","Strike_R","Strike_R","Strike_R","Defend_R","Bash","Shrug It Off+1","Warcry","Pommel Strike+1","Uppercut+1","Perfected Strike+1","Feel No Pain+1","Thunderclap","Impervious","Headbutt","Twin Strike+1","True Grit+1","True Grit+1","Perfected Strike+1","Warcry+1","Power Through+1","Reaper","Shrug It Off+1","Body Slam+1","Perfected Strike+1","Pommel Strike","Perfected Strike+1","Sword Boomerang+1","Headbutt+1"],"relics":["Burning Blood","Nunchaku","Old Coin","Pantograph","Red Skull","Velvet Choker","Brimstone","Regal Pillow","Toxic Egg 2","Mummified Hand","Red Mask","SsserpentHead","Lizard Tail","Meat on the Bone","Bronze Scales","Bottled Tornado","Bag of Marbles"],"potions_floor_usage":[6,24,37,50,50,50,50,50],"damage_taken":[{"damage":9,"enemies":"Small Slimes","floor":1,"turns":3},{"damage":1,"enemies":"Cultist","floor":4,"turns":3},{"damage":16,"enemies":"Jaw Worm","floor":5,"turns":2},{"damage":17,"enemies":"Lagavulin","floor":6,"turns":6},{"damage":8,"enemies":"Red Slaver","floor":11,"turns":4},{"damage":28,"enemies":"Gremlin Nob","floor":14,"turns":4},{"damage":26,"enemies":"Hexaghost","floor":16,"turns":7},{"damage":25,"enemies":"Shell Parasite","floor":18,"turns":6},{"damage":17,"enemies":"2 Thieves","floor":22,"turns":2},{"damage":14,"enemies":"Book of Stabbing","floor":24,"turns":3},{"damage":13,"enemies":"Sentry and Sphere","floor":25,"turns":4},{"damage":4,"enemies":"Gremlin Leader","floor":27,"turns":4},{"damage":12,"enemies":"Masked Bandits","floor":28,"turns":3},{"damage":12,"enemies":"Shelled Parasite and Fungi","floor":29,"turns":3},{"damage":0,"enemies":"3 Cultists","floor":30,"turns":4},{"damage":26,"enemies":"Collector","floor":33,"turns":6},{"damage":27,"enemies":"3 Darklings","floor":35,"turns":4},{"damage":0,"enemies":"Orb Walker","floor":36,"turns":2},{"damage":0,"enemies":"Spire Growth","floor":37,"turns":3},{"damage":13,"enemies":"Jaw Worm Horde","floor":38,"turns":3},{"damage":15,"enemies":"4 Shapes","floor":39,"turns":5},{"damage":11,"enemies":"Giant Head","floor":40,"turns":6},{"damage":52,"enemies":"Reptomancer","floor":42,"turns":4},{"damage":35,"enemies":"Maw","floor":46,"turns":5},{"damage":15,"enemies":"Sphere and 2 Shapes","floor":48,"turns":3},{"damage":99,"enemies":"Donu and Deca","floor":50,"turns":6}],"seed_played":"-3208619067743634754","potions_obtained":[{"floor":1,"key":"SpeedPotion"},{"floor":6,"key":"Fire Potion"},{"floor":16,"key":"AttackPotion"},{"floor":18,"key":"Fire Potion"},{"floor":27,"key":"Strength Potion"},{"floor":28,"key":"LiquidBronze"},{"floor":29,"key":"AttackPotion"},{"floor":37,"key":"Dexterity Potion"},{"floor":48,"key":"EntropicBrew"}],"is_trial":false,"path_per_floor":["M","$","?","M","M","E","?","R","T","R","M","R","$","E","R","B",null,"M","?","?","$","M","R","E","M","T","E","?","M","M","?","R","B",null,"M","M","M","M","M","E","R","E","T","$","R","M","R","M","R","B",null],"character_chosen":"IRONCLAD","items_purchased":["Feel No Pain","Brimstone","Perfected Strike","Bag of Marbles"],"campfire_rested":1,"item_purchase_floors":[13,21,44,44],"current_hp_per_floor":[77,77,77,80,70,59,64,64,64,64,62,62,62,40,40,45,85,66,66,66,66,55,55,47,40,40,42,36,30,36,36,36,41,85,85,85,85,78,69,64,64,30,30,30,70,53,53,56,56,45],"gold":328,"neow_bonus":"ONE_RARE_RELIC","is_prod":false,"is_daily":false,"chose_seed":false,"campfire_upgraded":8,"win_rate":0,"timestamp":1545515461,"path_taken":["M","$","?","M","?","E","?","R","T","R","M","R","?","E","R","BOSS","M","?","?","$","?","R","E","M","T","E","?","M","M","?","R","BOSS","M","?","M","M","?","E","R","E","T","$","R","?","R","M","R","BOSS"],"build_version":"2018-12-20","purchased_purges":3,"victory":true,"max_hp_per_floor":[80,80,80,80,80,80,85,85,85,85,85,85,85,85,85,85,85,85,85,85,85,85,85,85,85,85,85,85,85,85,85,85,85,85,85,85,85,85,85,85,85,85,85,85,85,85,85,85,85,85],"card_choices":[{"not_picked":["Rampage","Armaments"],"picked":"Shrug It Off","floor":1},{"not_picked":["Reckless Charge","Body Slam"],"picked":"Warcry","floor":4},{"not_picked":["Heavy Blade","Reckless Charge"],"picked":"Pommel Strike","floor":5},{"not_picked":["Seeing Red","Bloodletting"],"picked":"Uppercut","floor":6},{"not_picked":["Infernal Blade","Juggernaut"],"picked":"Perfected Strike","floor":11},{"not_picked":["Rage","Uppercut"],"picked":"Thunderclap","floor":14},{"not_picked":["Limit Break","Juggernaut"],"picked":"Impervious","floor":16},{"not_picked":["Clash","Thunderclap+1"],"picked":"Headbutt","floor":18},{"not_picked":["Flame Barrier+1","Heavy Blade"],"picked":"Twin Strike","floor":22},{"not_picked":["Spot Weakness","Metallicize"],"picked":"True Grit+1","floor":24},{"not_picked":["Cleave","Berserk","Anger"],"picked":"SKIP","floor":25},{"not_picked":["Cleave","Berserk","Anger"],"picked":"SKIP","floor":25},{"not_picked":["Clothesline+1","Rupture"],"picked":"True Grit+1","floor":27},{"not_picked":["Clash+1","Clothesline"],"picked":"Perfected Strike+1","floor":28},{"not_picked":["Headbutt","Heavy Blade"],"picked":"Warcry+1","floor":29},{"not_picked":["Demon Form","Heavy Blade"],"picked":"Power Through+1","floor":30},{"not_picked":["Demon Form","Immolate"],"picked":"Reaper","floor":33},{"not_picked":["Headbutt","Infernal Blade+1"],"picked":"Shrug It Off+1","floor":35},{"not_picked":["Warcry+1","Hemokinesis+1","Burning Pact+1"],"picked":"SKIP","floor":36},{"not_picked":["Clothesline","Pummel"],"picked":"Body Slam+1","floor":37},{"not_picked":["Flex+1","Clothesline"],"picked":"Perfected Strike+1","floor":38},{"not_picked":["Warcry+1","Havoc+1","Exhume+1"],"picked":"SKIP","floor":39},{"not_picked":["Flex+1","Sentinel+1","Clash"],"picked":"SKIP","floor":40},{"not_picked":["Flame Barrier+1","Brutality"],"picked":"Pommel Strike","floor":42},{"not_picked":["Whirlwind+1","Armaments+1"],"picked":"Sword Boomerang+1","floor":46},{"not_picked":["Uppercut","Heavy Blade+1"],"picked":"Headbutt+1","floor":48}],"player_experience":787602,"relics_obtained":[{"floor":6,"key":"Old Coin"},{"floor":9,"key":"Pantograph"},{"floor":14,"key":"Red Skull"},{"floor":24,"key":"Regal Pillow"},{"floor":26,"key":"Toxic Egg 2"},{"floor":27,"key":"Mummified Hand"},{"floor":28,"key":"Red Mask"},{"floor":40,"key":"Meat on the Bone"},{"floor":42,"key":"Bronze Scales"},{"floor":43,"key":"Bottled Tornado"}],"event_choices":[{"damage_healed":0,"gold_gain":0,"cards_transformed":["Defend_R"],"player_choice":"Transformed","damage_taken":0,"max_hp_gain":0,"max_hp_loss":0,"event_name":"Transmorgrifier","floor":3,"gold_loss":0,"cards_obtained":["Berserk"]},{"damage_healed":0,"gold_gain":0,"player_choice":"Donut","damage_taken":0,"max_hp_gain":5,"max_hp_loss":0,"event_name":"Big Fish","floor":7,"gold_loss":0},{"cards_removed":["Defend_R"],"damage_healed":0,"gold_gain":0,"player_choice":"Gave Gold","damage_taken":0,"max_hp_gain":0,"max_hp_loss":0,"event_name":"Beggar","floor":19,"gold_loss":75},{"damage_healed":0,"gold_gain":0,"cards_transformed":["Defend_R"],"player_choice":"Transformed","damage_taken":0,"max_hp_gain":0,"max_hp_loss":0,"event_name":"Transmorgrifier","floor":20,"gold_loss":0,"cards_obtained":["Seeing Red"]},{"damage_healed":0,"gold_gain":0,"player_choice":"Fought Bandits","damage_taken":0,"max_hp_gain":0,"max_hp_loss":0,"event_name":"Masked Bandits","floor":28,"gold_loss":0},{"damage_healed":0,"gold_gain":0,"player_choice":"Trade","damage_taken":0,"relics_obtained":["SsserpentHead"],"max_hp_gain":0,"max_hp_loss":0,"event_name":"FaceTrader","floor":31,"gold_loss":0}],"is_beta":false,"boss_relics":[{"not_picked":["Fusion Hammer","Calling Bell"],"picked":"Velvet Choker"},{"not_picked":["Sozu","Runic Dome"],"picked":"Lizard Tail"}],"items_purged_floors":[2,21,44],"is_endless":false,"potions_floor_spawned":[1,6,16,18,27,28,29,37,38,48],"ascension_level":0}