{"gold_per_floor":[210,221,53,128,142,142,176,176,176,202,213,213,248,266,266,344,344,357,377,389,405,49,49,84,84,84,117,133,48,48,60,60,137,137,152,152,152,13,30,30,43,43,43,43,43,74,74,85,85,85,85],"floor_reached":52,"playtime":3242,"items_purged":["Strike_R","Strike_R+1"],"score":1855,"play_id":"20ce7815-8b8e-4512-8bcd-725e78c6c485","local_time":"20190112011931","is_ascension_mode":true,"campfire_choices":[{"data":"Immolate","floor":6,"key":"SMITH"},{"floor":8,"key":"REST"},{"floor":12,"key":"REST"},{"data":"Bash","floor":15,"key":"SMITH"},{"data":"Battle Trance","floor":23,"key":"SMITH"},{"floor":25,"key":"REST"},{"data":"True Grit","floor":32,"key":"SMITH"},{"data":"Corruption","floor":40,"key":"SMITH"},{"data":"Juggernaut","floor":42,"key":"SMITH"},{"floor":47,"key":"REST"},{"floor":49,"key":"REST"}],"neow_cost":"NONE","seed_source_timestamp":440215816611176,"circlet_count":0,"master_deck":["AscendersBane","Strike_R+1","Strike_R+1","Strike_R+1","Defend_R+1","Defend_R+1","Defend_R+1","Defend_R+1","Bash+1","Iron Wave","Headbutt","Immolate+1","Evolve","Battle Trance+1","Feed","Feel No Pain","Disarm","Shockwave","Shrug It Off","Juggernaut+1","Spot Weakness","Disarm","Reckless Charge","Heavy Blade+1","True Grit+1","Feed+1","Secret Weapon","Corruption+1","Rage"],"relics":["Burning Blood","Ginger","Singing Bowl","Centennial Puzzle","Shovel","Velvet Choker","Self Forming Clay","Regal Pillow","Molten Egg 2","Vajra","Mercury Hourglass","Cursed Key","Paper Frog"],"potions_floor_usage":[7,16,21,27,50],"damage_taken":[{"damage":7,"enemies":"Cultist","floor":1,"turns":4},{"damage":14,"enemies":"Small Slimes","floor":2,"turns":5},{"damage":0,"enemies":"2 Louse","floor":5,"turns":2},{"damage":55,"enemies":"Gremlin Nob","floor":7,"turns":5},{"damage":30,"enemies":"Lagavulin","floor":10,"turns":7},{"damage":0,"enemies":"Exordium Wildlife","floor":11,"turns":1},{"damage":11,"enemies":"Gremlin Nob","floor":13,"turns":3},{"damage":3,"enemies":"Blue Slaver","floor":14,"turns":2},{"damage":36,"enemies":"Slime Boss","floor":16,"turns":9},{"damage":7,"enemies":"3 Byrds","floor":18,"turns":4},{"damage":5,"enemies":"Chosen","floor":19,"turns":4},{"damage":16,"enemies":"Snake Plant","floor":20,"turns":4},{"damage":7,"enemies":"Centurion and Healer","floor":21,"turns":4},{"damage":37,"enemies":"Slavers","floor":24,"turns":5},{"damage":29,"enemies":"Book of Stabbing","floor":27,"turns":4},{"damage":4,"enemies":"3 Cultists","floor":28,"turns":4},{"damage":15,"enemies":"Snake Plant","floor":31,"turns":4},{"damage":56,"enemies":"Automaton","floor":33,"turns":8},{"damage":0,"enemies":"Orb Walker","floor":35,"turns":3},{"damage":12,"enemies":"3 Darklings","floor":39,"turns":3},{"damage":25,"enemies":"Maw","floor":41,"turns":6},{"damage":54,"enemies":"Nemesis","floor":46,"turns":7},{"damage":9,"enemies":"Spire Growth","floor":48,"turns":5},{"damage":63,"enemies":"Time Eater","floor":50,"turns":13},{"damage":50,"enemies":"Donu and Deca","floor":51,"turns":8}],"seed_played":"-6823096838110685278","potions_obtained":[{"floor":2,"key":"BloodPotion"},{"floor":10,"key":"SteroidPotion"},{"floor":14,"key":"LiquidBronze"},{"floor":18,"key":"Swift Potion"},{"floor":21,"key":"Fruit Juice"},{"floor":28,"key":"Block Potion"},{"floor":39,"key":"Ancient Potion"}],"is_trial":false,"path_per_floor":["M","M","$","?","M","R","E","R","T","E","M","R","E","M","R","B",null,"M","M","M","M","$","R","E","R","T","E","M","?","?","M","R","B",null,"M","?","?","$","M","R","M","R","T","?","T","E","R","M","R","B","B",null],"character_chosen":"IRONCLAD","items_purchased":["Immolate","Evolve","Self Forming Clay","Corruption"],"campfire_rested":5,"item_purchase_floors":[3,3,22,38],"current_hp_per_floor":[67,59,59,48,54,54,12,34,34,13,19,42,37,43,43,16,67,69,70,63,70,70,70,41,86,86,63,70,70,70,66,66,16,87,98,92,92,92,88,88,74,74,74,74,74,26,77,80,126,69,25],"gold":85,"neow_bonus":"HUNDRED_GOLD","is_prod":false,"is_daily":false,"chose_seed":false,"campfire_upgraded":6,"win_rate":0,"timestamp":1547284771,"path_taken":["M","M","$","?","M","R","E","R","T","E","M","R","E","M","R","BOSS","M","M","M","M","$","R","E","R","T","E","M","?","?","M","R","BOSS","M","?","?","$","M","R","M","R","T","?","?","E","R","M","R","BOSS","BOSS"],"build_version":"2019-01-10","purchased_purges":2,"victory":true,"max_hp_per_floor":[75,75,75,75,75,75,75,75,75,78,78,78,78,81,81,84,84,87,87,90,98,98,98,100,100,100,100,105,105,105,110,110,110,110,115,119,119,119,121,121,126,126,126,120,120,120,120,126,126,126,126],"card_choices":[{"not_picked":["Sword Boomerang","Flame Barrier"],"picked":"Iron Wave","floor":1},{"not_picked":["Pommel Strike","True Grit"],"picked":"Headbutt","floor":2},{"not_picked":["Wild Strike","Inflame"],"picked":"Battle Trance","floor":5},{"not_picked":["Ghostly Armor","Metallicize"],"picked":"Feed","floor":7},{"not_picked":["Rupture","Warcry"],"picked":"Feel No Pain","floor":10},{"not_picked":["Wild Strike","Body Slam"],"picked":"Disarm","floor":11},{"not_picked":["Wild Strike","Thunderclap"],"picked":"Shockwave","floor":13},{"not_picked":["Bloodletting","Clothesline"],"picked":"Shrug It Off","floor":14},{"not_picked":["Exhume","Impervious"],"picked":"Juggernaut","floor":16},{"not_picked":["Dual Wield","Sword Boomerang+1"],"picked":"Spot Weakness","floor":18},{"not_picked":["Flex","Iron Wave"],"picked":"Disarm","floor":19},{"not_picked":["Shockwave","Blood for Blood"],"picked":"Reckless Charge","floor":20},{"not_picked":["Perfected Strike","Iron Wave"],"picked":"Heavy Blade+1","floor":21},{"not_picked":["Shockwave","Pummel","Dropkick"],"picked":"Singing Bowl","floor":24},{"not_picked":["Combust","Body Slam+1"],"picked":"True Grit","floor":27},{"not_picked":["Clothesline+1","Pommel Strike+1","Twin Strike+1"],"picked":"Singing Bowl","floor":28},{"not_picked":["Clash+1","Perfected Strike+1","Second Wind"],"picked":"Singing Bowl","floor":31},{"not_picked":["Exhume","Dark Embrace"],"picked":"Feed+1","floor":33},{"not_picked":["Perfected Strike+1","True Grit","Sentinel+1"],"picked":"Singing Bowl","floor":35},{"not_picked":["Madness","Bandage Up","Impatience"],"picked":"Singing Bowl","floor":36},{"not_picked":["Purity","Panacea"],"picked":"Secret Weapon","floor":36},{"not_picked":["Bandage Up","Dramatic Entrance+1","Thinking Ahead"],"picked":"Singing Bowl","floor":36},{"not_picked":["Flame Barrier","Body Slam+1","Anger+1"],"picked":"Singing Bowl","floor":39},{"not_picked":["Rampage+1","Flex","Armaments"],"picked":"Singing Bowl","floor":41},{"not_picked":["Entrench+1","Uppercut+1"],"picked":"Rage","floor":46},{"not_picked":["Pummel+1","Iron Wave+1","Headbutt+1"],"picked":"Singing Bowl","floor":48}],"player_experience":1164464,"relics_obtained":[{"floor":7,"key":"Ginger"},{"floor":9,"key":"Singing Bowl"},{"floor":10,"key":"Centennial Puzzle"},{"floor":13,"key":"Shovel"},{"floor":24,"key":"Regal Pillow"},{"floor":26,"key":"Molten Egg 2"},{"floor":27,"key":"Vajra"},{"floor":46,"key":"Paper Frog"}],"event_choices":[{"damage_healed":0,"gold_gain":75,"player_choice":"Gather Gold","damage_taken":11,"max_hp_gain":0,"max_hp_loss":0,"event_name":"World of Goop","floor":4,"gold_loss":0},{"damage_healed":0,"gold_gain":0,"player_choice":"Obtained Relic","damage_taken":0,"relics_obtained":["Mercury Hourglass"],"max_hp_gain":0,"max_hp_loss":0,"event_name":"Addict","floor":29,"gold_loss":85},{"damage_healed":0,"gold_gain":0,"player_choice":"Simplicity","damage_taken":0,"max_hp_gain":0,"max_hp_loss":0,"event_name":"Back to Basics","floor":30,"gold_loss":0,"cards_upgraded":["Strike_R","Strike_R","Strike_R","Strike_R","Defend_R","Defend_R","Defend_R","Defend_R"]},{"damage_healed":0,"gold_gain":0,"player_choice":"Memory 3","damage_taken":10,"max_hp_gain":0,"max_hp_loss":0,"event_name":"SensoryStone","floor":36,"gold_loss":0},{"damage_healed":0,"gold_gain":0,"player_choice":"Ignored","damage_taken":0,"max_hp_gain":0,"max_hp_loss":0,"event_name":"Tomb of Lord Red Mask","floor":37,"gold_loss":0},{"damage_healed":0,"gold_gain":0,"player_choice":"Max HP","damage_taken":0,"max_hp_gain":0,"max_hp_loss":6,"event_name":"Winding Halls","floor":44,"gold_loss":0}],"is_beta":true,"boss_relics":[{"not_picked":["Orrery","Black Blood"],"picked":"Velvet Choker"},{"not_picked":["Calling Bell","Pandora\u0027s Box"],"picked":"Cursed Key"}],"items_purged_floors":[22,38],"is_endless":false,"potions_floor_spawned":[2,10,14,18,20,21,28,39,46,48],"ascension_level":20}