{"gold_per_floor":[112,43,62,62,82,108,73,99,99,99,99,126,49,69,69,168,168,178,52,65,65,65,65,99,99,99,99,126,141,141],"floor_reached":30,"playtime":2065,"items_purged":[],"score":327,"play_id":"845b7a42-c720-447f-a2c7-70f0eb401b9b","local_time":"20190313011425","is_ascension_mode":true,"campfire_choices":[{"floor":11,"key":"REST"},{"floor":15,"key":"REST"},{"floor":23,"key":"REST"},{"floor":25,"key":"REST"},{"data":"Caltrops","floor":27,"key":"SMITH"}],"neow_cost":"NONE","seed_source_timestamp":251019769270876,"circlet_count":0,"master_deck":["Defend_G","Defend_G","Defend_G","Defend_G","Defend_G","Strike_G","Strike_G","Strike_G","Strike_G","Strike_G","Survivor","Neutralize","Slice","Infinite Blades","Caltrops+1","After Image","Adrenaline","Mind Blast","PiercingWail","Footwork","Storm of Steel","Dagger Throw","Acrobatics","Well Laid Plans","RitualDagger","Necronomicurse","PiercingWail+1","Accuracy+1"],"relics":["Ring of the Snake","NeowsBlessing","Happy Flower","Singing Bowl","Bottled Lightning","Tingsha","HoveringKite","Necronomicon","PreservedInsect","StoneCalendar","The Specimen"],"potions_floor_usage":[6,16,28,29],"damage_taken":[{"damage":0,"enemies":"Small Slimes","floor":1,"turns":1},{"damage":0,"enemies":"Cultist","floor":3,"turns":1},{"damage":0,"enemies":"Jaw Worm","floor":5,"turns":1},{"damage":44,"enemies":"Gremlin Nob","floor":6,"turns":6},{"damage":23,"enemies":"Lagavulin","floor":8,"turns":9},{"damage":22,"enemies":"3 Sentries","floor":12,"turns":9},{"damage":15,"enemies":"3 Louse","floor":14,"turns":3},{"damage":20,"enemies":"Hexaghost","floor":16,"turns":13},{"damage":2,"enemies":"Chosen","floor":18,"turns":6},{"damage":22,"enemies":"2 Thieves","floor":20,"turns":5},{"damage":29,"enemies":"Book of Stabbing","floor":24,"turns":6},{"damage":14,"enemies":"Gremlin Leader","floor":28,"turns":4},{"damage":12,"enemies":"Snake Plant","floor":29,"turns":2},{"damage":19,"enemies":"3 Cultists","floor":30,"turns":5}],"seed_played":"4877966339027596658","potions_obtained":[{"floor":1,"key":"Explosive Potion"},{"floor":14,"key":"EssenceOfSteel"},{"floor":24,"key":"Block Potion"},{"floor":28,"key":"SkillPotion"}],"is_trial":false,"path_per_floor":["M","$","M","?","M","E","?","E","T","?","R","E","$","M","R","B",null,"M","$","M","?","?","R","E","R","T","R","E","M","M"],"character_chosen":"THE_SILENT","items_purchased":["Infinite Blades","Footwork","Acrobatics","Well Laid Plans"],"campfire_rested":4,"item_purchase_floors":[2,13,19,19],"current_hp_per_floor":[70,70,70,70,70,26,43,20,20,20,41,19,19,6,27,7,72,70,70,50,44,28,50,21,43,43,43,29,19,0],"gold":141,"neow_bonus":"THREE_ENEMY_KILL","is_prod":false,"is_daily":false,"chose_seed":false,"campfire_upgraded":1,"win_rate":0,"timestamp":1552436065,"path_taken":["M","$","M","?","?","E","?","E","T","?","R","E","$","?","R","BOSS","M","$","M","?","?","R","E","R","T","R","E","M","M"],"build_version":"2019-02-06","purchased_purges":0,"victory":false,"max_hp_per_floor":[70,70,70,70,70,70,70,70,70,70,70,70,70,72,72,72,72,72,72,74,74,74,74,74,74,74,74,74,76,76],"card_choices":[{"not_picked":["Heel Hook","Choke"],"picked":"Slice","floor":1},{"not_picked":["Outmaneuver","Sucker Punch"],"picked":"Blade Dance","floor":3},{"not_picked":["Blur","Sucker Punch","Caltrops"],"picked":"SKIP","floor":5},{"not_picked":["Blur","Sucker Punch"],"picked":"Caltrops","floor":5},{"not_picked":["Leg Sweep","Flying Knee"],"picked":"After Image","floor":6},{"not_picked":["Sucker Punch","All Out Attack"],"picked":"Adrenaline","floor":8},{"not_picked":["Dodge and Roll","Flying Knee"],"picked":"PiercingWail","floor":12},{"not_picked":["Poisoned Stab","Dodge and Roll","Prepared"],"picked":"Singing Bowl","floor":14},{"not_picked":["Die Die Die","Malaise"],"picked":"Storm of Steel","floor":16},{"not_picked":["Bane","Sucker Punch"],"picked":"Dagger Throw","floor":18},{"not_picked":["PiercingWail","Sucker Punch","Poisoned Stab"],"picked":"Singing Bowl","floor":20},{"not_picked":["Endless Agony","Heel Hook"],"picked":"PiercingWail+1","floor":24},{"not_picked":["Tactician","Finisher"],"picked":"Accuracy+1","floor":28},{"not_picked":["Slice","Bane","Masterful Stab+1"],"picked":"Singing Bowl","floor":29}],"player_experience":232954,"relics_obtained":[{"floor":6,"key":"Happy Flower"},{"floor":8,"key":"Singing Bowl"},{"floor":9,"key":"Bottled Lightning"},{"floor":12,"key":"Tingsha"},{"floor":22,"key":"Necronomicon"},{"floor":24,"key":"PreservedInsect"},{"floor":26,"key":"StoneCalendar"},{"floor":28,"key":"The Specimen"}],"event_choices":[{"cards_removed":["Blade Dance"],"damage_healed":5,"gold_gain":0,"player_choice":"Offered Common","damage_taken":0,"max_hp_gain":0,"max_hp_loss":0,"event_name":"Bonfire Elementals","floor":4,"gold_loss":0},{"cards_removed":["Blade Dance"],"damage_healed":5,"gold_gain":0,"player_choice":"Offered Special","damage_taken":0,"max_hp_gain":0,"max_hp_loss":0,"event_name":"Bonfire Elementals","floor":4,"gold_loss":0},{"damage_healed":17,"gold_gain":0,"player_choice":"Healed","damage_taken":0,"max_hp_gain":0,"max_hp_loss":0,"event_name":"The Cleric","floor":7,"gold_loss":35},{"damage_healed":0,"gold_gain":0,"player_choice":"1 cards matched","damage_taken":0,"max_hp_gain":0,"max_hp_loss":0,"event_name":"Match and Keep!","floor":10,"gold_loss":0,"cards_obtained":["Mind Blast"]},{"damage_healed":0,"gold_gain":0,"player_choice":"Joined the Cult","damage_taken":6,"max_hp_gain":0,"max_hp_loss":0,"event_name":"Nest","floor":21,"gold_loss":0,"cards_obtained":["RitualDagger"]},{"damage_healed":0,"gold_gain":0,"player_choice":"Obtained Book","damage_taken":16,"max_hp_gain":0,"max_hp_loss":0,"event_name":"Cursed Tome","floor":22,"gold_loss":0}],"is_beta":true,"boss_relics":[{"not_picked":["Runic Dome","Empty Cage"],"picked":"HoveringKite"}],"items_purged_floors":[],"is_endless":false,"potions_floor_spawned":[1,14,24,28],"killed_by":"3 Cultists","ascension_level":3}