{"gold_per_floor":[112,130,130,142,67,97,97,127,173,201,92,167,167,177,177,254,254,272,272,288,10,10,10,10,10,10,26,26,26,26,26,26,26],"floor_reached":33,"playtime":1626,"items_purged":["Strike_R"],"score":543,"play_id":"6480557e-5ae3-49bc-bae9-b131df903224","local_time":"20181110171949","is_ascension_mode":true,"campfire_choices":[{"data":"Clothesline","floor":7.0,"key":"SMITH"},{"floor":13.0,"key":"REST"},{"data":"Armaments","floor":15.0,"key":"SMITH"},{"data":"Havoc","floor":23.0,"key":"SMITH"},{"data":"Fiend Fire","floor":29.0,"key":"SMITH"},{"floor":32.0,"key":"DIG"}],"neow_cost":"NONE","seed_source_timestamp":0,"circlet_count":0,"master_deck":["AscendersBane","Defend_R","Defend_R","Defend_R","Defend_R+1","Bash+1","Twin Strike","Headbutt","Clothesline+1","Flame Barrier+1","Shockwave","Brutality+1","Feel No Pain","Armaments+1","Shrug It Off","Fiend Fire+1","Havoc+1","Intimidate","RitualDagger","Dropkick","Bite","Bite","Bite","Bite","Bite","Decay"],"special_seed":0,"relics":["Burning Blood","Meat on the Bone","War Paint","Bronze Scales","Blue Candle","Sozu","Gremlin Horn","Bird Faced Urn","Shovel","Bottled Flame"],"potions_floor_usage":[],"damage_taken":[{"damage":4.0,"enemies":"Small Slimes","floor":1.0,"turns":4.0},{"damage":1.0,"enemies":"Cultist","floor":2.0,"turns":3.0},{"damage":9.0,"enemies":"Jaw Worm","floor":4.0,"turns":4.0},{"damage":39.0,"enemies":"Lagavulin","floor":6.0,"turns":10.0},{"damage":35.0,"enemies":"3 Sentries","floor":8.0,"turns":10.0},{"damage":31.0,"enemies":"Lagavulin","floor":10.0,"turns":8.0},{"damage":1.0,"enemies":"2 Fungi Beasts","floor":14.0,"turns":3.0},{"damage":39.0,"enemies":"Hexaghost","floor":16.0,"turns":11.0},{"damage":16.0,"enemies":"Spheric Guardian","floor":18.0,"turns":6.0},{"damage":15.0,"enemies":"2 Thieves","floor":20.0,"turns":4.0},{"damage":15.0,"enemies":"Snecko","floor":27.0,"turns":6.0},{"damage":93,"enemies":"Collector","floor":33,"turns":8}],"seed_played":"-8826147242320139004","potions_obtained":[{"floor":2.0,"key":"BloodPotion"},{"floor":6.0,"key":"SteroidPotion"},{"floor":16.0,"key":"AttackPotion"}],"is_trial":false,"path_per_floor":["M","M","?","M","$","E","R","E","T","E","$","?","R","M","R","B",null,"M","?","M","$","?","R","$","?","T","M","?","R","T","?","R","B"],"character_chosen":"IRONCLAD","items_purchased":["Feel No Pain","Armaments","Gremlin Horn"],"campfire_rested":1,"item_purchase_floors":[11,11,21],"current_hp_per_floor":[70,75,75,72,72,51,51,34,34,23,23,12,34,53,53,34,65,57,57,50,50,44,44,44,44,44,53,53,53,53,53,53,0],"gold":26,"neow_bonus":"UPGRADE_CARD","is_prod":false,"is_daily":false,"chose_seed":false,"campfire_upgraded":4,"win_rate":0,"timestamp":1541899189,"path_taken":["M","M","?","?","$","E","R","E","T","E","$","?","R","M","R","BOSS","M","?","?","$","?","R","$","?","T","?","?","R","?","?","R","BOSS"],"build_version":"2018-11-08","purchased_purges":1,"victory":false,"max_hp_per_floor":[75,75,75,75,75,75,75,75,75,75,75,75,75,75,75,75,75,75,75,75,75,75,75,75,75,75,75,75,75,75,75,75,75],"card_choices":[{"not_picked":["Clash","True Grit"],"picked":"Twin Strike","floor":1.0},{"not_picked":["Twin Strike","Flex"],"picked":"Headbutt","floor":2.0},{"not_picked":["Warcry","Body Slam"],"picked":"Clothesline","floor":4.0},{"not_picked":["Pommel Strike","Warcry"],"picked":"Flame Barrier","floor":6.0},{"not_picked":["Shockwave","Rage","Twin Strike"],"picked":"SKIP","floor":8.0},{"not_picked":["Rage","Twin Strike"],"picked":"Shockwave","floor":8.0},{"not_picked":["Carnage","Flex"],"picked":"Brutality","floor":10.0},{"not_picked":["Clothesline","Anger"],"picked":"Shrug It Off","floor":14.0},{"not_picked":["Brutality","Reaper"],"picked":"Fiend Fire","floor":16.0},{"not_picked":["Clash","Iron Wave"],"picked":"Havoc","floor":18.0},{"not_picked":["Armaments","Dropkick"],"picked":"Intimidate","floor":20.0},{"not_picked":["Warcry","Thunderclap"],"picked":"Dropkick","floor":27.0}],"player_experience":1048965,"relics_obtained":[{"floor":6.0,"key":"War Paint"},{"floor":8.0,"key":"Bronze Scales"},{"floor":9.0,"key":"Blood Vial"},{"floor":10.0,"key":"Blue Candle"},{"floor":26.0,"key":"Bird Faced Urn"},{"floor":30.0,"key":"Shovel"},{"floor":32.0,"key":"Bottled Flame"}],"event_choices":[{"damage_healed":0.0,"max_hp_gain":0.0,"max_hp_loss":0.0,"gold_gain":0.0,"event_name":"WeMeetAgain","player_choice":"Gave Potion","floor":3.0,"gold_loss":0.0,"damage_taken":0.0,"relics_obtained":["Meat on the Bone"]},{"damage_healed":0.0,"max_hp_gain":0.0,"max_hp_loss":0.0,"gold_gain":75.0,"event_name":"World of Goop","player_choice":"Gather Gold","floor":12.0,"gold_loss":0.0,"damage_taken":11.0},{"cards_removed":["Strike_R"],"damage_healed":0.0,"max_hp_gain":0.0,"max_hp_loss":0.0,"gold_gain":0.0,"event_name":"Bonfire Elementals","player_choice":"Offered Basic","floor":19.0,"gold_loss":0.0,"damage_taken":0.0},{"damage_healed":0.0,"max_hp_gain":0.0,"max_hp_loss":0.0,"gold_gain":0.0,"event_name":"Nest","player_choice":"Joined the Cult","floor":22.0,"gold_loss":0.0,"damage_taken":6.0,"cards_obtained":["RitualDagger"]},{"damage_healed":0.0,"max_hp_gain":0.0,"max_hp_loss":0.0,"gold_gain":0.0,"event_name":"Upgrade Shrine","player_choice":"Upgraded","floor":25.0,"gold_loss":0.0,"damage_taken":0.0,"cards_upgraded":["Brutality"]},{"damage_healed":0.0,"max_hp_gain":0.0,"max_hp_loss":0.0,"gold_gain":0.0,"event_name":"Vampires","player_choice":"Became a vampire (Vial)","floor":28.0,"relics_lost":["Blood Vial"],"gold_loss":0.0,"damage_taken":0.0,"cards_obtained":["Bite","Bite","Bite","Bite","Bite"]},{"damage_healed":0.0,"max_hp_gain":0.0,"max_hp_loss":0.0,"gold_gain":0.0,"event_name":"Forgotten Altar","player_choice":"Smashed Altar","floor":31.0,"gold_loss":0.0,"damage_taken":0.0,"cards_obtained":["Decay"]}],"is_beta":true,"boss_relics":[{"not_picked":["Black Star","Eternal Feather"],"picked":"Sozu"}],"items_purged_floors":[5],"is_endless":false,"potions_floor_spawned":[2,6,16,20,27],"killed_by":"Collector","ascension_level":20}