{"gold_per_floor":[109,109,1,21,39,39,55,55,82,95,95,126,126,126],"floor_reached":14,"playtime":908,"items_purged":[],"score":200,"play_id":"edc35025-f3b3-4761-99b7-bd6a5341ecb6","local_time":"20190917224743","is_ascension_mode":true,"campfire_choices":[{"data":"Neutralize","floor":8,"key":"SMITH"},{"data":"Skewer","floor":11,"key":"SMITH"},{"floor":13,"key":"REST"}],"neow_cost":"NONE","seed_source_timestamp":38533850808300,"circlet_count":0,"master_deck":["AscendersBane","Strike_G","Strike_G","Strike_G","Strike_G","Defend_G","Defend_G","Defend_G","Defend_G","Defend_G","Survivor","Neutralize+1","Predator","Footwork","Dagger Spray","Dagger Spray","Crippling Poison","Skewer+1","Footwork"],"special_seed":0,"relics":["Ring of the Snake","Smiling Mask","Lantern","Blood Vial"],"potions_floor_usage":[6,10],"damage_taken":[{"damage":6.0,"enemies":"Cultist","floor":1.0,"turns":5.0},{"damage":7.0,"enemies":"Small Slimes","floor":4.0,"turns":4.0},{"damage":0.0,"enemies":"2 Louse","floor":5.0,"turns":2.0},{"damage":0,"enemies":"Lagavulin","floor":6,"turns":1},{"damage":5,"enemies":"Large Slime","floor":7,"turns":7},{"damage":9,"enemies":"Exordium Wildlife","floor":10,"turns":4},{"damage":30,"enemies":"3 Sentries","floor":12,"turns":10},{"damage":24,"enemies":"Gremlin Nob","floor":14,"turns":3}],"seed_played":"1294419869910760028","potions_obtained":[{"floor":1.0,"key":"SmokeBomb"},{"floor":5.0,"key":"SpeedPotion"}],"is_trial":false,"path_per_floor":["M","?","$","M","M","E","M","R","T","M","R","E","R","E"],"character_chosen":"THE_SILENT","items_purchased":["Footwork","Dagger Spray"],"campfire_rested":1,"item_purchase_floors":[3,3],"current_hp_per_floor":[53,53,53,46,46,46,41,41,41,32,32,2,21,0],"gold":126,"neow_bonus":"RANDOM_COMMON_RELIC","is_prod":false,"is_daily":false,"chose_seed":false,"campfire_upgraded":2,"win_rate":0,"timestamp":1568753263,"path_taken":["M","?","$","M","M","E","?","R","T","M","R","E","R","E"],"build_version":"2019-09-16v2","purchased_purges":0,"victory":false,"max_hp_per_floor":[66,66,66,66,66,66,66,66,66,66,66,66,66,66],"card_choices":[{"not_picked":["Caltrops","Underhanded Strike"],"picked":"Predator","floor":1.0},{"not_picked":["Endless Agony","Flechettes","Outmaneuver"],"picked":"SKIP","floor":4.0},{"not_picked":["Infinite Blades","Backflip"],"picked":"Dagger Spray","floor":5.0},{"not_picked":["Setup","Dagger Spray"],"picked":"Crippling Poison","floor":7},{"not_picked":["Outmaneuver","Acrobatics"],"picked":"Skewer","floor":10},{"not_picked":["Blur","Cloak And Dagger"],"picked":"Footwork","floor":12}],"player_experience":713963,"relics_obtained":[{"floor":9,"key":"Lantern"},{"floor":12,"key":"Blood Vial"}],"event_choices":[{"cards_removed":["Strike_G"],"damage_healed":0.0,"max_hp_gain":0.0,"max_hp_loss":0.0,"gold_gain":0.0,"event_name":"Purifier","player_choice":"Purged","floor":2.0,"gold_loss":0.0,"damage_taken":0.0}],"is_beta":true,"boss_relics":[],"items_purged_floors":[],"is_endless":false,"potions_floor_spawned":[1,5,6],"killed_by":"Gremlin Nob","ascension_level":20}