{"gold_per_floor":[113,125,139,139,155,181,181,245,271,297,312,328,328,353,353,353],"floor_reached":16,"playtime":580,"items_purged":[],"score":244,"play_id":"53625cce-185c-448a-b36e-f117071d14cb","local_time":"20190606004851","is_ascension_mode":true,"campfire_choices":[{"floor":7,"key":"REST"},{"data":"Armaments","floor":13,"key":"SMITH"},{"floor":15,"key":"REST"}],"neow_cost":"NONE","seed_source_timestamp":3548101221854271,"circlet_count":0,"master_deck":["AscendersBane","Strike_R","Strike_R","Strike_R","Strike_R+1","Strike_R+1","Defend_R","Defend_R","Defend_R","Defend_R","Bash+1","Anger","True Grit","Exhume","Sword Boomerang","Rampage","Armaments+1","Carnage","Iron Wave"],"relics":["Burning Blood","Art of War","Whetstone","Tiny Chest","Bag of Preparation","Lantern","Orichalcum"],"potions_floor_usage":[6,8,10,11],"damage_taken":[{"damage":4,"enemies":"Small Slimes","floor":1,"turns":5},{"damage":7,"enemies":"Jaw Worm","floor":2,"turns":5},{"damage":1,"enemies":"Cultist","floor":3,"turns":3},{"damage":24,"enemies":"Exordium Wildlife","floor":5,"turns":7},{"damage":32,"enemies":"Gremlin Nob","floor":6,"turns":4},{"damage":35,"enemies":"3 Sentries","floor":8,"turns":8},{"damage":8,"enemies":"Gremlin Nob","floor":10,"turns":3},{"damage":9,"enemies":"Blue Slaver","floor":11,"turns":4},{"damage":10,"enemies":"Gremlin Gang","floor":12,"turns":4},{"damage":38,"enemies":"Slime Boss","floor":16,"turns":5}],"seed_played":"-6702686077431397264","potions_obtained":[{"floor":3,"key":"Explosive Potion"},{"floor":5,"key":"Swift Potion"},{"floor":8,"key":"Strength Potion"},{"floor":10,"key":"Regen Potion"},{"floor":12,"key":"Dexterity Potion"}],"is_trial":false,"path_per_floor":["M","M","M","?","M","E","R","E","T","E","M","M","R","T","R","B"],"character_chosen":"IRONCLAD","items_purchased":[],"campfire_rested":2,"item_purchase_floors":[],"current_hp_per_floor":[70,69,74,63,45,19,41,12,12,10,19,15,15,15,37,0],"gold":353,"neow_bonus":"UPGRADE_CARD","is_prod":false,"is_daily":false,"chose_seed":false,"campfire_upgraded":1,"win_rate":0,"timestamp":1559807331,"path_taken":["M","M","M","?","M","E","R","E","T","E","M","M","R","?","R","BOSS"],"build_version":"2019-06-05","purchased_purges":0,"victory":false,"max_hp_per_floor":[75,75,75,75,75,75,75,75,75,75,75,75,75,75,75,75],"card_choices":[{"not_picked":["Warcry","Iron Wave"],"picked":"Anger","floor":1},{"not_picked":["Entrench","Hemokinesis"],"picked":"True Grit","floor":2},{"not_picked":["Flex","Second Wind"],"picked":"Exhume","floor":3},{"not_picked":["True Grit","Second Wind"],"picked":"Sword Boomerang","floor":5},{"not_picked":["Havoc","Searing Blow"],"picked":"Rampage","floor":6},{"not_picked":["Exhume","Pummel","Havoc"],"picked":"SKIP","floor":8},{"not_picked":["Clothesline","Searing Blow"],"picked":"Armaments","floor":10},{"not_picked":["Havoc","Corruption"],"picked":"Carnage","floor":11},{"not_picked":["Reckless Charge","Warcry"],"picked":"Iron Wave","floor":12}],"player_experience":1309179,"relics_obtained":[{"floor":6,"key":"Whetstone"},{"floor":8,"key":"Tiny Chest"},{"floor":9,"key":"Bag of Preparation"},{"floor":10,"key":"Lantern"},{"floor":14,"key":"Orichalcum"}],"event_choices":[{"damage_healed":0,"gold_gain":0,"player_choice":"Success","damage_taken":11,"relics_obtained":["Art of War"],"max_hp_gain":0,"max_hp_loss":0,"event_name":"Scrap Ooze","floor":4,"gold_loss":0}],"is_beta":true,"boss_relics":[],"items_purged_floors":[],"is_endless":false,"potions_floor_spawned":[3,5,8,10,12],"killed_by":"Slime Boss","ascension_level":20}