{"gold_per_floor":[116,130,130,130,146,477,496,496,496,45,45],"floor_reached":11,"playtime":403,"items_purged":[],"score":142,"play_id":"59bc2e68-01f4-4e7a-913b-11cbad98f18a","local_time":"20190314154039","is_ascension_mode":true,"campfire_choices":[{"floor":8,"key":"REST"}],"neow_cost":"NONE","seed_source_timestamp":391056418045338,"circlet_count":0,"master_deck":["AscendersBane","Strike_R","Strike_R","Strike_R","Strike_R","Strike_R","Defend_R","Defend_R","Defend_R","Defend_R","Bash+1","Clothesline","Shrug It Off","Flex","Iron Wave","Reaper"],"relics":["Burning Blood","NeowsBlessing","Smiling Mask","Old Coin","Toxic Egg 2","Paper Frog"],"potions_floor_usage":[6,6,6,7],"damage_taken":[{"damage":0,"enemies":"Small Slimes","floor":1,"turns":1},{"damage":0,"enemies":"Jaw Worm","floor":2,"turns":1},{"damage":0,"enemies":"Cultist","floor":5,"turns":1},{"damage":56,"enemies":"Gremlin Nob","floor":6,"turns":5},{"damage":7,"enemies":"Looter","floor":7,"turns":3},{"damage":54,"enemies":"3 Sentries","floor":11,"turns":10}],"seed_played":"-1639173790865624578","potions_obtained":[{"floor":1,"key":"Poison Potion"},{"floor":5,"key":"EntropicBrew"},{"floor":6,"key":"AttackPotion"}],"is_trial":false,"path_per_floor":["M","M","?","?","M","E","M","R","T","$","E"],"character_chosen":"IRONCLAD","items_purchased":["Paper Frog","Reaper"],"campfire_rested":1,"item_purchase_floors":[10,10],"current_hp_per_floor":[74,75,75,75,75,25,24,46,46,46,0],"gold":45,"neow_bonus":"THREE_ENEMY_KILL","is_prod":false,"is_daily":false,"chose_seed":false,"campfire_upgraded":0,"win_rate":0,"timestamp":1552574439,"path_taken":["M","M","?","?","M","E","M","R","T","$","E"],"build_version":"2019-02-06","purchased_purges":0,"victory":false,"max_hp_per_floor":[75,75,75,75,75,75,75,75,75,75,75],"card_choices":[{"not_picked":["Heavy Blade","Warcry"],"picked":"Clothesline","floor":1},{"not_picked":["Shrug It Off","Corruption","Rupture"],"picked":"SKIP","floor":2},{"not_picked":["Corruption","Rupture"],"picked":"Shrug It Off","floor":2},{"not_picked":["Corruption","Havoc"],"picked":"Flex","floor":5},{"not_picked":["Perfected Strike","Searing Blow"],"picked":"Iron Wave","floor":6},{"not_picked":["Clothesline","Rage","Flex"],"picked":"SKIP","floor":7}],"player_experience":279589,"relics_obtained":[{"floor":6,"key":"Old Coin"},{"floor":9,"key":"Toxic Egg 2"}],"event_choices":[{"damage_healed":0,"gold_gain":0,"player_choice":"Grow","damage_taken":0,"max_hp_gain":0,"max_hp_loss":0,"event_name":"Living Wall","floor":3,"gold_loss":0,"cards_upgraded":["Bash"]},{"damage_healed":0,"gold_gain":0,"player_choice":"Gave Potion","damage_taken":0,"relics_obtained":["Smiling Mask"],"max_hp_gain":0,"max_hp_loss":0,"event_name":"WeMeetAgain","floor":4,"gold_loss":0}],"is_beta":true,"boss_relics":[],"items_purged_floors":[],"is_endless":false,"potions_floor_spawned":[1,5,6],"killed_by":"3 Sentries","ascension_level":19}