{"gold_per_floor":[211,226,237,237,108,108,136,7,54,66,85,105,105,119,119,192,192,203,222,239,254,270,270,220,220,220,220,232,244,260,40,40,40],"floor_reached":33,"playtime":1958,"items_purged":["Strike_B","Strike_B"],"score":510,"play_id":"47d11599-91e5-4063-b761-d2d76f865efc","local_time":"20190317012405","is_ascension_mode":true,"campfire_choices":[{"data":"Go for the Eyes","floor":6.0,"key":"SMITH"},{"floor":13.0,"key":"REST"},{"data":"Loop","floor":15.0,"key":"SMITH"},{"floor":23.0,"key":"REST"},{"data":"Zap","floor":25.0,"key":"SMITH"},{"floor":27.0,"key":"REST"},{"floor":32.0,"key":"REST"}],"neow_cost":"NONE","seed_source_timestamp":336383131535923,"circlet_count":0,"master_deck":["AscendersBane","Strike_B","Strike_B","Defend_B","Defend_B","Defend_B","Defend_B","Zap+1","Dualcast","Compile Driver","Go for the Eyes+1","Loop+1","Cold Snap","Cold Snap","Ball Lightning","Leap","FTL","Leap","Seek","FTL","Go for the Eyes","Electrodynamics","Shame","Coolheaded+1","Steam","Ball Lightning"],"special_seed":0,"relics":["Cracked Core","Anchor","Happy Flower","Cursed Key","Pantograph","PreservedInsect"],"potions_floor_usage":[],"damage_taken":[{"damage":7.0,"enemies":"Jaw Worm","floor":1.0,"turns":3.0},{"damage":1.0,"enemies":"Cultist","floor":2.0,"turns":3.0},{"damage":4.0,"enemies":"Small Slimes","floor":3.0,"turns":3.0},{"damage":30.0,"enemies":"Lagavulin","floor":7.0,"turns":7.0},{"damage":4.0,"enemies":"Blue Slaver","floor":10.0,"turns":4.0},{"damage":2.0,"enemies":"Red Slaver","floor":11.0,"turns":4.0},{"damage":4.0,"enemies":"3 Louse","floor":12.0,"turns":3.0},{"damage":0.0,"enemies":"Blue Slaver","floor":14.0,"turns":3.0},{"damage":22.0,"enemies":"Hexaghost","floor":16.0,"turns":11.0},{"damage":23.0,"enemies":"3 Byrds","floor":18.0,"turns":6.0},{"damage":6.0,"enemies":"2 Thieves","floor":19.0,"turns":4.0},{"damage":4.0,"enemies":"Snake Plant","floor":20.0,"turns":5.0},{"damage":6.0,"enemies":"3 Cultists","floor":21.0,"turns":6.0},{"damage":4.0,"enemies":"Snecko","floor":22.0,"turns":7.0},{"damage":9.0,"enemies":"Centurion and Healer","floor":28.0,"turns":6.0},{"damage":20.0,"enemies":"Shelled Parasite and Fungi","floor":29.0,"turns":5.0},{"damage":7.0,"enemies":"3 Cultists","floor":30.0,"turns":3.0},{"damage":79,"enemies":"Champ","floor":33,"turns":14}],"seed_played":"3709780847566053651","potions_obtained":[{"floor":1.0,"key":"PowerPotion"},{"floor":4.0,"key":"Weak Potion"},{"floor":12.0,"key":"LiquidBronze"},{"floor":16.0,"key":"Block Potion"},{"floor":18.0,"key":"Fire Potion"},{"floor":19.0,"key":"SkillPotion"},{"floor":21.0,"key":"PowerPotion"}],"is_trial":false,"path_per_floor":["M","M","M","?","$","R","E","$","T","M","M","M","R","M","R","B",null,"M","M","M","M","M","R","?","R","T","R","M","M","M","$","R","B"],"character_chosen":"DEFECT","items_purchased":["Cold Snap","Cold Snap","PreservedInsect","Ball Lightning"],"campfire_rested":4,"item_purchase_floors":[5,8,31,31],"current_hp_per_floor":[57,56,52,52,52,52,22,22,22,18,16,12,33,33,33,11,56,33,27,23,17,13,34,34,34,34,55,46,26,19,19,40,0],"gold":40,"neow_bonus":"HUNDRED_GOLD","is_prod":false,"is_daily":false,"chose_seed":false,"campfire_upgraded":3,"win_rate":0,"timestamp":1552811045,"path_taken":["M","M","M","?","?","R","E","$","T","M","M","M","R","M","R","BOSS","M","M","M","M","M","R","?","R","T","R","M","M","M","?","R","BOSS"],"build_version":"2019-01-23","purchased_purges":2,"victory":false,"max_hp_per_floor":[71,71,71,71,71,71,71,71,71,71,71,71,71,71,71,71,71,71,71,71,71,71,71,71,71,71,71,71,71,71,71,71,71],"card_choices":[{"not_picked":["Fusion","Beam Cell"],"picked":"Compile Driver","floor":1.0},{"not_picked":["Turbo","Barrage"],"picked":"Go for the Eyes","floor":2.0},{"not_picked":["Rebound","White Noise"],"picked":"Loop","floor":3.0},{"not_picked":["Skim","Darkness","Capacitor"],"picked":"SKIP","floor":7.0},{"not_picked":["Coolheaded","Rebound"],"picked":"Ball Lightning","floor":10.0},{"not_picked":["Darkness","Hologram"],"picked":"Leap","floor":11.0},{"not_picked":["Gash","Go for the Eyes"],"picked":"FTL","floor":12.0},{"not_picked":["Melter","Go for the Eyes"],"picked":"Leap","floor":14.0},{"not_picked":["Meteor Strike","All For One"],"picked":"Seek","floor":16.0},{"not_picked":["Gash","Darkness","Force Field"],"picked":"SKIP","floor":18.0},{"not_picked":["Barrage","Turbo","Compile Driver"],"picked":"SKIP","floor":19.0},{"not_picked":["Streamline","Blizzard"],"picked":"FTL","floor":20.0},{"not_picked":["Hello World","Sweeping Beam"],"picked":"Go for the Eyes","floor":21.0},{"not_picked":["Chill+1","Conserve Battery"],"picked":"Electrodynamics","floor":22.0},{"not_picked":["Turbo","Gash","Chaos"],"picked":"SKIP","floor":28.0},{"not_picked":["Thunder Strike","Hologram"],"picked":"Coolheaded+1","floor":29.0},{"not_picked":["Cold Snap","Rebound"],"picked":"Steam","floor":30.0}],"player_experience":1070254,"relics_obtained":[{"floor":7.0,"key":"Anchor"},{"floor":9.0,"key":"Happy Flower"},{"floor":26.0,"key":"Pantograph"}],"event_choices":[{"damage_healed":0.0,"max_hp_gain":0.0,"max_hp_loss":0.0,"gold_gain":0.0,"event_name":"Lab","player_choice":"Got Potions","floor":4.0,"gold_loss":0.0,"damage_taken":0.0},{"damage_healed":0.0,"max_hp_gain":0.0,"max_hp_loss":0.0,"gold_gain":0.0,"event_name":"The Joust","player_choice":"Bet on Murderer","floor":24.0,"gold_loss":50.0,"damage_taken":0.0}],"is_beta":false,"boss_relics":[{"not_picked":["Empty Cage","Velvet Choker"],"picked":"Cursed Key"}],"items_purged_floors":[5,8],"is_endless":false,"potions_floor_spawned":[1,12,16,18,19,21],"killed_by":"Champ","ascension_level":20}