{"gold_per_floor":[112,162,173,189,199,199,254,266,266,266],"floor_reached":10,"playtime":426,"items_purged":[],"score":133,"play_id":"eb297e2d-e364-4f10-915f-e6d91e00acbf","local_time":"20181110030530","is_ascension_mode":true,"campfire_choices":[{"data":"Neutralize","floor":6,"key":"SMITH"}],"neow_cost":"NONE","seed_source_timestamp":4323690736795298,"circlet_count":0,"master_deck":["AscendersBane","Defend_G","Defend_G","Defend_G","Defend_G","Defend_G","Strike_G","Strike_G","Strike_G","Strike_G","Strike_G","Survivor","Neutralize+1","Quick Slash","Well Laid Plans","Backstab","Skewer","Dagger Throw","Sucker Punch"],"relics":["Ring of the Snake","NeowsBlessing","Tiny Chest","Tough Bandages"],"potions_floor_usage":[5,10],"damage_taken":[{"damage":0,"enemies":"2 Louse","floor":1,"turns":1},{"damage":0,"enemies":"Cultist","floor":3,"turns":1},{"damage":0,"enemies":"Small Slimes","floor":4,"turns":1},{"damage":17,"enemies":"Exordium Thugs","floor":5,"turns":6},{"damage":27,"enemies":"3 Sentries","floor":7,"turns":8},{"damage":2,"enemies":"Lots of Slimes","floor":8,"turns":4},{"damage":15,"enemies":"Lagavulin","floor":10,"turns":4}],"seed_played":"7921106495542991879","potions_obtained":[{"floor":3,"key":"GamblersBrew"},{"floor":4,"key":"SneckoOil"},{"floor":5,"key":"Weak Potion"}],"is_trial":false,"path_per_floor":["M","?","M","M","M","R","E","M","T","E"],"character_chosen":"THE_SILENT","items_purchased":[],"campfire_rested":0,"item_purchase_floors":[],"current_hp_per_floor":[59,59,59,59,42,42,15,13,13,0],"gold":266,"neow_bonus":"THREE_ENEMY_KILL","is_prod":false,"is_daily":false,"chose_seed":false,"campfire_upgraded":1,"win_rate":0,"timestamp":1541847930,"path_taken":["M","?","?","M","M","R","E","M","T","E"],"build_version":"2018-11-08","purchased_purges":0,"victory":false,"max_hp_per_floor":[66,66,66,66,66,66,66,66,66,66],"card_choices":[{"not_picked":["Deflect","Bouncing Flask"],"picked":"Quick Slash","floor":1},{"not_picked":["Deflect","Backstab"],"picked":"Well Laid Plans","floor":3},{"not_picked":["Finisher","PiercingWail"],"picked":"Backstab","floor":4},{"not_picked":["Slice","Bouncing Flask"],"picked":"Skewer","floor":5},{"not_picked":["Riddle With Holes","Escape Plan"],"picked":"Dagger Throw","floor":7},{"not_picked":["Poisoned Stab","Crippling Poison"],"picked":"Sucker Punch","floor":8}],"player_experience":1046089,"relics_obtained":[{"floor":7,"key":"Tiny Chest"},{"floor":9,"key":"Tough Bandages"}],"event_choices":[{"damage_healed":0,"gold_gain":50,"player_choice":"Pray","damage_taken":0,"max_hp_gain":0,"max_hp_loss":0,"event_name":"Golden Shrine","floor":2,"gold_loss":0}],"is_beta":true,"boss_relics":[],"items_purged_floors":[],"is_endless":false,"potions_floor_spawned":[3,4,5],"killed_by":"Lagavulin","ascension_level":18}