{"gold_per_floor":[119,129,51,62,62,87,87,37,37,37,47,81,101,117,117,217,217,230,249,24,24,24,52,52,63,90,105,105,120,45,62,62,166,166,180,180,24,37,49,49],"floor_reached":40,"playtime":2870,"items_purged":["Strike_B"],"score":420,"play_id":"3cdd929f-3afc-45a7-a1d0-84045592e36f","local_time":"20181106225206","is_ascension_mode":false,"campfire_choices":[{"data":"Zap","floor":7,"key":"SMITH"},{"floor":15,"key":"REST"},{"floor":24,"key":"REST"},{"floor":28,"key":"REST"},{"floor":32,"key":"REST"}],"neow_cost":"NONE","seed_source_timestamp":397655199520736,"circlet_count":0,"master_deck":["Strike_B","Strike_B","Strike_B","Defend_B","Defend_B","Defend_B","Zap+1","Dualcast","Reboot","Leap","Leap","Static Discharge","Conserve Battery","Coolheaded","Fission","BootSequence","Deep Breath+1","Melter","Reboot","Redo","Hello World","Seek","Aggregate+1","Conserve Battery+1","Capacitor","Darkness","Ball Lightning+1","Stack+1","Rip and Tear+1","Biased Cognition","Darkness+1","Steam Power+1"],"relics":["Cracked Core","Shuriken","Mercury Hourglass","Pen Nib","Fusion Hammer","Lantern","Molten Egg 2","PreservedInsect","Cursed Key","War Paint"],"potions_floor_usage":[11,12,16,16,25,29,35],"damage_taken":[{"damage":1,"enemies":"Jaw Worm","floor":1,"turns":3},{"damage":1,"enemies":"Cultist","floor":2,"turns":3},{"damage":0,"enemies":"2 Louse","floor":4,"turns":2},{"damage":19,"enemies":"Lagavulin","floor":6,"turns":6},{"damage":2,"enemies":"Large Slime","floor":11,"turns":6},{"damage":20,"enemies":"Gremlin Nob","floor":12,"turns":4},{"damage":0,"enemies":"2 Fungi Beasts","floor":13,"turns":2},{"damage":0,"enemies":"Looter","floor":14,"turns":3},{"damage":37,"enemies":"The Guardian","floor":16,"turns":8},{"damage":4,"enemies":"3 Byrds","floor":18,"turns":3},{"damage":14,"enemies":"2 Thieves","floor":19,"turns":3},{"damage":42,"enemies":"Book of Stabbing","floor":23,"turns":6},{"damage":0,"enemies":"Centurion and Healer","floor":25,"turns":6},{"damage":3,"enemies":"Chosen and Byrds","floor":27,"turns":4},{"damage":2,"enemies":"3 Cultists","floor":29,"turns":4},{"damage":11,"enemies":"Snecko","floor":31,"turns":6},{"damage":45,"enemies":"Automaton","floor":33,"turns":9},{"damage":17,"enemies":"3 Shapes","floor":35,"turns":4},{"damage":15,"enemies":"3 Darklings","floor":38,"turns":6},{"damage":28,"enemies":"Sphere and 2 Shapes","floor":39,"turns":5},{"damage":83,"enemies":"Giant Head","floor":40,"turns":8}],"seed_played":"-4319213588702219845","potions_obtained":[{"floor":2,"key":"Regen Potion"},{"floor":6,"key":"AttackPotion"},{"floor":11,"key":"SkillPotion"},{"floor":13,"key":"Ancient Potion"},{"floor":16,"key":"FairyPotion"},{"floor":23,"key":"GamblersBrew"},{"floor":27,"key":"Explosive Potion"},{"floor":33,"key":"Block Potion"}],"is_trial":false,"path_per_floor":["M","M","$","M","$","E","R","?","T","?","M","E","M","M","R","B",null,"M","M","$","?","?","E","R","M","T","M","R","M","$","M","R","B",null,"M","?","$","M","M","E"],"character_chosen":"DEFECT","items_purchased":["Static Discharge","Capacitor","Lantern","War Paint"],"campfire_rested":4,"item_purchase_floors":[3,20,20,37],"current_hp_per_floor":[74,73,73,73,73,54,54,54,54,54,64,44,44,44,66,29,75,71,57,57,57,57,15,37,37,37,34,56,54,54,43,65,20,75,58,58,58,43,15,0],"gold":49,"neow_bonus":"ONE_RANDOM_RARE_CARD","is_prod":false,"is_daily":false,"chose_seed":false,"campfire_upgraded":1,"win_rate":0.0,"timestamp":1541541126,"path_taken":["M","M","$","M","$","E","R","?","T","?","?","E","M","M","R","BOSS","M","M","$","?","?","E","R","M","T","M","R","M","$","M","R","BOSS","M","?","$","M","M","E"],"build_version":"2018-11-05","purchased_purges":1,"victory":false,"max_hp_per_floor":[75,75,75,75,75,75,75,75,75,75,75,75,75,75,75,75,75,75,75,75,75,75,75,75,75,75,75,75,75,75,75,75,75,75,75,75,75,75,75,75],"card_choices":[{"not_picked":["Ball Lightning","Gash"],"picked":"Leap","floor":1},{"not_picked":["Beam Cell","Stack"],"picked":"Leap","floor":2},{"not_picked":["Hologram","Double Energy"],"picked":"Conserve Battery","floor":4},{"not_picked":["Hologram","Cold Snap"],"picked":"Coolheaded","floor":6},{"not_picked":["Barrage","Leap"],"picked":"Melter","floor":11},{"not_picked":["Sweeping Beam","Barrage"],"picked":"Reboot","floor":12},{"not_picked":["Sweeping Beam","Go for the Eyes"],"picked":"Redo","floor":13},{"not_picked":["Conserve Battery","Cold Snap"],"picked":"Hello World","floor":14},{"not_picked":["Creative AI","Buffer"],"picked":"Seek","floor":16},{"not_picked":["Tempest","Gash"],"picked":"Aggregate","floor":18},{"not_picked":["Glacier","Beam Cell"],"picked":"Conserve Battery+1","floor":19},{"not_picked":["Leap+1","Go for the Eyes"],"picked":"Ball Lightning+1","floor":23},{"not_picked":["Sweeping Beam+1","Doom and Gloom+1"],"picked":"Go for the Eyes+1","floor":25},{"not_picked":["Skim+1","Rebound+1"],"picked":"Stack+1","floor":27},{"not_picked":["Compile Driver+1","Coolheaded","Cold Snap+1"],"picked":"SKIP","floor":29},{"not_picked":["Streamline+1","Gash+1"],"picked":"Rip and Tear+1","floor":31},{"not_picked":["Echo Form","Machine Learning"],"picked":"Biased Cognition","floor":33},{"not_picked":["Chill+1","Coolheaded"],"picked":"Darkness+1","floor":35},{"not_picked":["Stack+1","Genetic Algorithm+1"],"picked":"Steam Power+1","floor":38},{"not_picked":["Steam","Hologram","Compile Driver+1"],"picked":"SKIP","floor":39}],"player_experience":30383,"relics_obtained":[{"floor":6,"key":"Shuriken"},{"floor":9,"key":"Mercury Hourglass"},{"floor":12,"key":"Pen Nib"},{"floor":23,"key":"Molten Egg 2"},{"floor":26,"key":"PreservedInsect"}],"event_choices":[{"cards_removed":["Defend_B"],"damage_healed":0,"gold_gain":0,"player_choice":"Card Removal","damage_taken":0,"max_hp_gain":0,"max_hp_loss":0,"event_name":"The Cleric","floor":8,"gold_loss":50},{"damage_healed":0,"gold_gain":0,"player_choice":"3 cards matched","damage_taken":0,"max_hp_gain":0,"max_hp_loss":0,"event_name":"Match and Keep!","floor":10,"gold_loss":0,"cards_obtained":["Fission","BootSequence","Deep Breath"]},{"damage_healed":0,"gold_gain":0,"player_choice":"Read","damage_taken":0,"max_hp_gain":0,"max_hp_loss":0,"event_name":"The Library","floor":21,"gold_loss":0,"cards_obtained":["Darkness"]},{"damage_healed":0,"gold_gain":0,"player_choice":"Ignored","damage_taken":0,"max_hp_gain":0,"max_hp_loss":0,"event_name":"Ghosts","floor":22,"gold_loss":0},{"cards_removed":["Go for the Eyes"],"damage_healed":0,"gold_gain":0,"player_choice":"Removed Attack","damage_taken":0,"max_hp_gain":0,"max_hp_loss":0,"event_name":"Falling","floor":36,"gold_loss":0}],"is_beta":true,"boss_relics":[{"not_picked":["Philosopher\u0027s Stone","Runic Dome"],"picked":"Fusion Hammer"},{"not_picked":["Eternal Feather","Velvet Choker"],"picked":"Cursed Key"}],"items_purged_floors":[30],"is_endless":false,"potions_floor_spawned":[2,6,11,13,16,23,27,33],"killed_by":"Giant Head","ascension_level":0}