{"gold_per_floor":[15,35,35,0,0,0,11,11,11,43,55,55,90,107,107,184,184,203,203,222,222,242,242,262,297,297,297,314,239,272,61,61,61],"floor_reached":33,"playtime":2364,"items_purged":[],"score":615,"play_id":"384bd77f-16e3-45cb-a488-4458f9a4b3a5","local_time":"20190424014754","is_ascension_mode":true,"campfire_choices":[{"data":"Bash","floor":6.0,"key":"SMITH"},{"data":"Anger","floor":8.0,"key":"SMITH"},{"data":"Combust","floor":12.0,"key":"SMITH"},{"floor":15.0,"key":"REST"},{"data":"Ghostly","floor":23.0,"key":"SMITH"},{"data":"Strike_R","floor":27.0,"key":"PURGE"},{"data":"Ghostly","floor":32.0,"key":"SMITH"}],"neow_cost":"NO_GOLD","seed_source_timestamp":290016108794708,"circlet_count":0,"master_deck":["AscendersBane","Strike_R","Strike_R","Strike_R","Defend_R+1","Defend_R","Defend_R","Defend_R","Bash+1","Anger+1","Shrug It Off+1","Clothesline","Combust+1","Evolve","Shrug It Off","Corruption","Offering","Spot Weakness","Ghostly+1","Ghostly+1","Ghostly","Flame Barrier","Havoc","Flame Barrier","Headbutt","Feed","True Grit","Ghostly+1"],"special_seed":0,"relics":["Burning Blood","Meat on the Bone","Champion Belt","War Paint","Mercury Hourglass","Runic Pyramid","Peace Pipe","Happy Flower","Du-Vu Doll","DollysMirror"],"potions_floor_usage":[33,33],"damage_taken":[{"damage":6.0,"enemies":"2 Louse","floor":1.0,"turns":4.0},{"damage":9.0,"enemies":"Jaw Worm","floor":2.0,"turns":4.0},{"damage":0.0,"enemies":"Cultist","floor":7.0,"turns":3.0},{"damage":49.0,"enemies":"3 Sentries","floor":10.0,"turns":11.0},{"damage":15.0,"enemies":"Large Slime","floor":11.0,"turns":6.0},{"damage":14.0,"enemies":"Gremlin Nob","floor":13.0,"turns":4.0},{"damage":2.0,"enemies":"Blue Slaver","floor":14.0,"turns":4.0},{"damage":53.0,"enemies":"Slime Boss","floor":16.0,"turns":8.0},{"damage":13.0,"enemies":"3 Byrds","floor":18.0,"turns":4.0},{"damage":15.0,"enemies":"Spheric Guardian","floor":20.0,"turns":5.0},{"damage":16.0,"enemies":"Shelled Parasite and Fungi","floor":22.0,"turns":6.0},{"damage":21.0,"enemies":"Sentry and Sphere","floor":24.0,"turns":6.0},{"damage":22.0,"enemies":"Book of Stabbing","floor":25.0,"turns":5.0},{"damage":14.0,"enemies":"Chosen and Byrds","floor":28.0,"turns":6.0},{"damage":33.0,"enemies":"Gremlin Leader","floor":30.0,"turns":5.0},{"damage":35,"enemies":"Automaton","floor":33,"turns":12}],"seed_played":"-3106047619175054368","potions_obtained":[{"floor":2.0,"key":"EssenceOfSteel"},{"floor":7.0,"key":"Weak Potion"},{"floor":11.0,"key":"Regen Potion"},{"floor":13.0,"key":"LiquidBronze"},{"floor":16.0,"key":"FearPotion"},{"floor":21.0,"key":"Fruit Juice"},{"floor":21.0,"key":"BloodPotion"},{"floor":22.0,"key":"PowerPotion"},{"floor":25.0,"key":"Weak Potion"},{"floor":30.0,"key":"SpeedPotion"}],"is_trial":false,"path_per_floor":["M","M","?","?","?","R","M","R","T","E","M","R","E","M","R","B",null,"M","?","M","?","M","R","M","E","T","R","M","?","E","$","R","B"],"character_chosen":"IRONCLAD","items_purchased":["DollysMirror"],"campfire_rested":1,"item_purchase_floors":[31],"current_hp_per_floor":[82,79,61,83,83,83,89,89,89,58,61,61,53,57,83,51,80,73,44,35,40,42,42,39,35,35,35,39,39,24,24,24,0],"gold":61,"neow_bonus":"TWENTY_PERCENT_HP_BONUS","is_prod":false,"is_daily":false,"chose_seed":false,"campfire_upgraded":5,"win_rate":0,"timestamp":1556063274,"path_taken":["M","M","?","?","?","R","M","R","T","E","M","R","E","M","R","BOSS","M","?","M","?","M","R","?","E","T","R","M","?","E","$","R","BOSS"],"build_version":"2019-04-21","purchased_purges":0,"victory":false,"max_hp_per_floor":[89,89,89,89,89,89,89,89,89,89,89,89,89,89,89,89,89,89,44,44,49,49,49,49,49,49,49,49,49,49,49,49,49],"card_choices":[{"not_picked":["Armaments","Warcry"],"picked":"Anger","floor":1.0},{"not_picked":["Flex","Twin Strike"],"picked":"Shrug It Off","floor":2.0},{"not_picked":["Flex","Offering"],"picked":"Clothesline","floor":7.0},{"not_picked":["Clash","Ghostly Armor"],"picked":"Combust","floor":10.0},{"not_picked":["Warcry","Hemokinesis"],"picked":"Evolve","floor":11.0},{"not_picked":["Body Slam","Rupture"],"picked":"Shrug It Off","floor":13.0},{"not_picked":["Reckless Charge","Dropkick"],"picked":"Corruption","floor":14.0},{"not_picked":["Brutality","Limit Break"],"picked":"Offering","floor":16.0},{"not_picked":["Perfected Strike","Disarm"],"picked":"Spot Weakness","floor":18.0},{"not_picked":["Pommel Strike","Twin Strike"],"picked":"Flame Barrier","floor":20.0},{"not_picked":["Whirlwind","Sword Boomerang"],"picked":"Havoc","floor":22.0},{"not_picked":["Corruption","Intimidate"],"picked":"Flame Barrier","floor":24.0},{"not_picked":["Rampage","Shockwave"],"picked":"Headbutt","floor":25.0},{"not_picked":["Spot Weakness","Clothesline"],"picked":"Feed","floor":28.0},{"not_picked":["Heavy Blade","Sentinel"],"picked":"True Grit","floor":30.0}],"player_experience":492043,"relics_obtained":[{"floor":9.0,"key":"Champion Belt"},{"floor":10.0,"key":"War Paint"},{"floor":13.0,"key":"Mercury Hourglass"},{"floor":25.0,"key":"Peace Pipe"},{"floor":26.0,"key":"Happy Flower"},{"floor":30.0,"key":"Du-Vu Doll"}],"event_choices":[{"damage_healed":0.0,"max_hp_gain":0.0,"max_hp_loss":0.0,"gold_gain":0.0,"event_name":"Scrap Ooze","player_choice":"Success","floor":3.0,"gold_loss":0.0,"damage_taken":18.0,"relics_obtained":["Meat on the Bone"]},{"damage_healed":22.0,"max_hp_gain":0.0,"max_hp_loss":0.0,"gold_gain":0.0,"event_name":"The Cleric","player_choice":"Healed","floor":4.0,"gold_loss":35.0,"damage_taken":0.0},{"damage_healed":0.0,"max_hp_gain":0.0,"max_hp_loss":0.0,"gold_gain":0.0,"event_name":"Liars Game","player_choice":"Ignored","floor":5.0,"gold_loss":0.0,"damage_taken":0.0},{"damage_healed":0.0,"max_hp_gain":0.0,"max_hp_loss":45.0,"gold_gain":0.0,"event_name":"Ghosts","player_choice":"Became a Ghost","floor":19.0,"gold_loss":0.0,"damage_taken":0.0,"cards_obtained":["Ghostly","Ghostly","Ghostly"]},{"damage_healed":0.0,"max_hp_gain":0.0,"max_hp_loss":0.0,"gold_gain":0.0,"event_name":"Lab","player_choice":"Got Potions","floor":21.0,"gold_loss":0.0,"damage_taken":0.0},{"cards_removed":["Strike_R"],"damage_healed":0.0,"max_hp_gain":0.0,"max_hp_loss":0.0,"gold_gain":0.0,"event_name":"Beggar","player_choice":"Gave Gold","floor":29.0,"gold_loss":75.0,"damage_taken":0.0}],"is_beta":true,"boss_relics":[{"not_picked":["White Beast Statue","Runic Cube"],"picked":"Runic Pyramid"}],"items_purged_floors":[],"is_endless":false,"potions_floor_spawned":[2,7,11,13,16,22,24,25,30],"killed_by":"Automaton","ascension_level":20}