{"gold_per_floor":[112,122,139,58,58,85,85,85,112,112,7,7,20,20,20,91,91,108,108,33,43,43,69,69,69,92,120,120,145,145,157,157,157],"floor_reached":33,"playtime":1500,"items_purged":["Strike_R"],"score":598,"play_id":"29ff2de1-bc8d-4317-b83f-1a675e5169c9","local_time":"20190402155607","is_ascension_mode":true,"campfire_choices":[{"data":"Juggernaut","floor":8,"key":"SMITH"},{"data":"Bash","floor":10,"key":"SMITH"},{"data":"Disarm","floor":12,"key":"SMITH"},{"floor":15,"key":"REST"},{"data":"Clothesline","floor":25,"key":"SMITH"},{"floor":28,"key":"REST"},{"floor":32,"key":"REST"}],"neow_cost":"NONE","seed_source_timestamp":3620897928083548,"circlet_count":0,"master_deck":["AscendersBane","Strike_R+1","Strike_R","Defend_R","Defend_R","Defend_R","Defend_R","Bash+1","Disarm+1","Iron Wave","Combust","Juggernaut+1","Body Slam","Feel No Pain","Shrug It Off+1","Rage","Immolate+1","Clothesline+1","Barricade","Dark Embrace","Headbutt","Flame Barrier","Flame Barrier"],"relics":["Burning Blood","NeowsBlessing","Pocketwatch","Unceasing Top","Happy Flower","Snecko Eye","Strawberry","Lantern","Art of War","Prayer Wheel"],"potions_floor_usage":[6,23,23,27,29,33],"damage_taken":[{"damage":0,"enemies":"Cultist","floor":1,"turns":1},{"damage":0,"enemies":"Jaw Worm","floor":2,"turns":1},{"damage":0,"enemies":"2 Louse","floor":3,"turns":1},{"damage":29,"enemies":"Gremlin Nob","floor":6,"turns":4},{"damage":0,"enemies":"Blue Slaver","floor":13,"turns":5},{"damage":7,"enemies":"Slime Boss","floor":16,"turns":8},{"damage":29,"enemies":"2 Thieves","floor":18,"turns":4},{"damage":2,"enemies":"3 Byrds","floor":21,"turns":3},{"damage":17,"enemies":"Slavers","floor":23,"turns":3},{"damage":13,"enemies":"Book of Stabbing","floor":27,"turns":3},{"damage":59,"enemies":"Slavers","floor":29,"turns":7},{"damage":0,"enemies":"Centurion and Healer","floor":31,"turns":3},{"damage":69,"enemies":"Collector","floor":33,"turns":7}],"seed_played":"6565815051081130400","potions_obtained":[{"floor":1,"key":"Energy Potion"},{"floor":6,"key":"FearPotion"},{"floor":16,"key":"Explosive Potion"},{"floor":23,"key":"Swift Potion"},{"floor":27,"key":"Energy Potion"},{"floor":31,"key":"Poison Potion"}],"is_trial":false,"path_per_floor":["M","M","M","$","?","E","T","R","T","R","$","R","M","?","R","B",null,"M","?","$","M","$","E","$","R","T","E","R","E","?","M","R","B"],"character_chosen":"IRONCLAD","items_purchased":["Juggernaut","Feel No Pain","Shrug It Off"],"campfire_rested":3,"item_purchase_floors":[4,11,11],"current_hp_per_floor":[74,75,75,75,75,52,52,52,52,52,52,52,58,35,57,56,70,47,47,47,51,51,47,47,47,47,40,64,11,11,17,41,0],"gold":157,"neow_bonus":"THREE_ENEMY_KILL","is_prod":false,"is_daily":false,"chose_seed":false,"campfire_upgraded":4,"win_rate":0,"timestamp":1554245767,"path_taken":["M","?","M","$","?","E","?","R","T","R","$","R","M","?","R","BOSS","M","?","?","M","$","E","$","R","T","E","R","E","?","M","R","BOSS"],"build_version":"2019-03-15","purchased_purges":1,"victory":false,"max_hp_per_floor":[75,75,75,75,75,75,75,75,75,75,75,75,75,75,75,75,75,75,75,75,75,75,82,82,82,82,82,82,82,82,82,82,82],"card_choices":[{"not_picked":["Clash","Sword Boomerang"],"picked":"Disarm","floor":1},{"not_picked":["Anger","Entrench"],"picked":"Iron Wave","floor":2},{"not_picked":["Perfected Strike","Twin Strike"],"picked":"Combust","floor":3},{"not_picked":["Anger","Heavy Blade"],"picked":"Body Slam","floor":6},{"not_picked":["Iron Wave","Clothesline"],"picked":"Rage","floor":13},{"not_picked":["Offering","Reaper"],"picked":"Immolate","floor":16},{"not_picked":["Flex","Wild Strike"],"picked":"Clothesline","floor":18},{"not_picked":["Flex","Entrench"],"picked":"Barricade","floor":21},{"not_picked":["Armaments","Fire Breathing","Flex+1"],"picked":"SKIP","floor":23},{"not_picked":["Seeing Red","Heavy Blade","Bloodletting"],"picked":"SKIP","floor":27},{"not_picked":["Reckless Charge+1","Limit Break","Body Slam"],"picked":"SKIP","floor":29},{"not_picked":["Clash","Wild Strike"],"picked":"Flame Barrier","floor":31},{"not_picked":["Thunderclap","Spot Weakness"],"picked":"Flame Barrier","floor":31}],"player_experience":1251200,"relics_obtained":[{"floor":6,"key":"Pocketwatch"},{"floor":7,"key":"Unceasing Top"},{"floor":9,"key":"Happy Flower"},{"floor":23,"key":"Strawberry"},{"floor":26,"key":"Lantern"},{"floor":27,"key":"Art of War"},{"floor":29,"key":"Prayer Wheel"}],"event_choices":[{"damage_healed":0,"gold_gain":0,"player_choice":"Leave","damage_taken":0,"max_hp_gain":0,"max_hp_loss":0,"event_name":"The Cleric","floor":5,"gold_loss":0},{"damage_healed":0,"gold_gain":0,"player_choice":"Entered Light","damage_taken":23,"max_hp_gain":0,"max_hp_loss":0,"event_name":"Shining Light","floor":14,"gold_loss":0,"cards_upgraded":["Shrug It Off","Strike_R"]},{"damage_healed":0,"gold_gain":0,"player_choice":"Upgraded","damage_taken":0,"max_hp_gain":0,"max_hp_loss":0,"event_name":"Upgrade Shrine","floor":19,"gold_loss":0,"cards_upgraded":["Immolate"]},{"damage_healed":0,"gold_gain":0,"cards_transformed":["Strike_R","Strike_R"],"player_choice":"Became Test Subject","damage_taken":0,"max_hp_gain":0,"max_hp_loss":0,"event_name":"Drug Dealer","floor":30,"gold_loss":0,"cards_obtained":["Dark Embrace","Headbutt"]}],"is_beta":true,"boss_relics":[{"not_picked":["Sozu","Ectoplasm"],"picked":"Snecko Eye"}],"items_purged_floors":[20],"is_endless":false,"potions_floor_spawned":[1,6,16,21,23,27,31],"killed_by":"Collector","ascension_level":20}