{"gold_per_floor":[113,130,130,130,150,185,185,185,185,200,211,211,225,241,241,315,315,334,334,334,350,363,363,363,363,363,363,379,379,406,59,59,131,131,151,151,165,165,181,181,81,81,81,2,14,14,49,60,60,60,60],"floor_reached":52,"playtime":7580,"items_purged":["Strike_G","Strike_G"],"score":1979,"play_id":"1050fdaa-2046-4bf8-a635-0300fbc1a7d4","local_time":"20190318125417","is_ascension_mode":true,"campfire_choices":[{"data":"Skewer","floor":7.0,"key":"SMITH"},{"floor":15.0,"key":"REST"},{"floor":23.0,"key":"REST"},{"data":"Night Terror","floor":25.0,"key":"SMITH"},{"data":"Catalyst","floor":27.0,"key":"SMITH"},{"data":"Ghostly","floor":32,"key":"SMITH"},{"data":"Ghostly","floor":40,"key":"SMITH"},{"data":"Ghostly","floor":42,"key":"SMITH"},{"data":"Leg Sweep","floor":46,"key":"SMITH"},{"data":"Neutralize","floor":49,"key":"SMITH"}],"neow_cost":"NONE","seed_source_timestamp":7082253359755,"circlet_count":0,"master_deck":["AscendersBane","Defend_G","Defend_G","Defend_G","Defend_G","Strike_G+1","Survivor+1","Neutralize+1","Footwork+1","Deadly Poison","Skewer+1","Catalyst+1","Leg Sweep+1","Backstab","Night Terror+1","Terror+1","Noxious Fumes+1","After Image+1","Well Laid Plans","Well Laid Plans+1","Ghostly+1","Ghostly+1","Ghostly+1","Night Terror","Noxious Fumes+1","Parasite"],"special_seed":0,"relics":["Ring of the Snake","Art of War","Pantograph","Strawberry","Mummified Hand","Orichalcum","Astrolabe","Blue Candle","Frozen Egg 2","Gremlin Horn","Snecko Eye","Molten Egg 2","Pen Nib"],"potions_floor_usage":[39],"damage_taken":[{"damage":8.0,"enemies":"Jaw Worm","floor":1.0,"turns":8.0},{"damage":0.0,"enemies":"2 Louse","floor":2.0,"turns":4.0},{"damage":0.0,"enemies":"Cultist","floor":5.0,"turns":4.0},{"damage":12.0,"enemies":"3 Sentries","floor":6.0,"turns":8.0},{"damage":6.0,"enemies":"3 Louse","floor":10.0,"turns":4.0},{"damage":9.0,"enemies":"Exordium Wildlife","floor":11.0,"turns":6.0},{"damage":1.0,"enemies":"2 Fungi Beasts","floor":13.0,"turns":4.0},{"damage":1.0,"enemies":"Blue Slaver","floor":14.0,"turns":4.0},{"damage":4.0,"enemies":"The Guardian","floor":16.0,"turns":14.0},{"damage":32.0,"enemies":"Chosen","floor":18.0,"turns":6.0},{"damage":10.0,"enemies":"3 Byrds","floor":21.0,"turns":4.0},{"damage":9.0,"enemies":"Snecko","floor":22.0,"turns":5.0},{"damage":3.0,"enemies":"Centurion and Healer","floor":28.0,"turns":5.0},{"damage":11,"enemies":"Book of Stabbing","floor":30,"turns":7},{"damage":0,"enemies":"Champ","floor":33,"turns":15},{"damage":0,"enemies":"3 Shapes","floor":35,"turns":6},{"damage":3,"enemies":"Orb Walker","floor":37,"turns":6},{"damage":2,"enemies":"Maw","floor":39,"turns":10},{"damage":0,"enemies":"Sphere and 2 Shapes","floor":45,"turns":8},{"damage":3,"enemies":"Reptomancer","floor":47,"turns":8},{"damage":0,"enemies":"Writhing Mass","floor":48,"turns":6},{"damage":32,"enemies":"Donu and Deca","floor":50,"turns":10},{"damage":30,"enemies":"Awakened One","floor":51,"turns":18}],"seed_played":"221554463133971796","potions_obtained":[{"floor":1.0,"key":"AttackPotion"},{"floor":6.0,"key":"Explosive Potion"},{"floor":13.0,"key":"SpeedPotion"},{"floor":21.0,"key":"Regen Potion"},{"floor":30,"key":"Regen Potion"},{"floor":39,"key":"Fruit Juice"}],"is_trial":false,"path_per_floor":["M","M","?","?","M","E","R","?","T","M","M","T","M","M","R","B",null,"M","?","?","M","M","R","?","R","T","R","M","?","E","$","R","B",null,"M","?","M","?","M","R","$","R","T","$","M","R","E","M","R","B","B",null],"character_chosen":"THE_SILENT","items_purchased":["Gremlin Horn","GhostInAJar"],"campfire_rested":2,"item_purchase_floors":[31,44],"current_hp_per_floor":[51,51,31,31,31,19,19,26,26,20,11,11,10,9,30,51,68,36,36,15,5,10,33,33,33,33,33,30,30,19,19,19,39,39,39,39,36,36,39,39,39,39,39,39,39,39,36,36,36,10,5],"gold":60,"neow_bonus":"RANDOM_COMMON_RELIC","is_prod":false,"is_daily":false,"chose_seed":false,"campfire_upgraded":8,"win_rate":0,"timestamp":1552928057,"path_taken":["M","M","?","?","M","E","R","?","T","M","M","?","M","?","R","BOSS","M","?","?","M","M","R","?","R","T","R","?","?","E","?","R","BOSS","M","?","M","?","M","R","$","R","T","?","?","R","E","M","R","BOSS","BOSS"],"build_version":"2019-01-23","purchased_purges":2,"victory":true,"max_hp_per_floor":[66,66,66,66,66,66,66,73,73,73,73,73,73,73,73,73,73,73,73,78,78,78,78,78,78,78,78,78,39,39,39,39,39,39,39,39,39,37,42,42,42,42,42,42,42,42,42,42,42,42,42],"card_choices":[{"not_picked":["PiercingWail","Poisoned Stab"],"picked":"Footwork","floor":1.0},{"not_picked":["Flying Knee","Finisher"],"picked":"All Out Attack","floor":2.0},{"not_picked":["Expertise","Choke"],"picked":"Deadly Poison","floor":5.0},{"not_picked":["Bane","Blade Dance"],"picked":"Skewer","floor":6.0},{"not_picked":["Dagger Throw","Poisoned Stab","Cloak And Dagger"],"picked":"SKIP","floor":10.0},{"not_picked":["Accuracy","Outmaneuver"],"picked":"Catalyst","floor":11.0},{"not_picked":["Expertise","Heel Hook"],"picked":"Leg Sweep","floor":13.0},{"not_picked":["Choke","Accuracy"],"picked":"Backstab","floor":14.0},{"not_picked":["Grand Finale","Wraith Form v2"],"picked":"Night Terror","floor":16.0},{"not_picked":["Masterful Stab","Bane+1","Prepared"],"picked":"SKIP","floor":18.0},{"not_picked":["Dodge and Roll","Slice"],"picked":"Well Laid Plans+1","floor":21.0},{"not_picked":["Slice","Accuracy","Eviscerate"],"picked":"SKIP","floor":22.0},{"not_picked":["Quick Slash","Slice","Heel Hook"],"picked":"SKIP","floor":28.0},{"not_picked":["Flying Knee","Dagger Throw","Deflect"],"picked":"SKIP","floor":30},{"not_picked":["Tools of the Trade+1","Malaise"],"picked":"Night Terror","floor":33},{"not_picked":["Dagger Throw","Cloak And Dagger","Infinite Blades+1"],"picked":"SKIP","floor":35},{"not_picked":["Backflip","Slice+1","Dagger Spray"],"picked":"SKIP","floor":37},{"not_picked":["Quick Slash","Storm of Steel","Prepared+1"],"picked":"SKIP","floor":39},{"not_picked":["Dagger Spray+1","Dodge and Roll","Acrobatics"],"picked":"SKIP","floor":45},{"not_picked":["Underhanded Strike+1","PiercingWail"],"picked":"Noxious Fumes+1","floor":47},{"not_picked":["Dagger Throw+1","Finisher+1","Dodge and Roll"],"picked":"SKIP","floor":48}],"player_experience":417293,"relics_obtained":[{"floor":6.0,"key":"Pantograph"},{"floor":9.0,"key":"Mummified Hand"},{"floor":12.0,"key":"Orichalcum"},{"floor":26.0,"key":"Blue Candle"},{"floor":30,"key":"Frozen Egg 2"},{"floor":43,"key":"Molten Egg 2"},{"floor":47,"key":"Pen Nib"}],"event_choices":[{"damage_healed":0.0,"max_hp_gain":0.0,"max_hp_loss":0.0,"gold_gain":0.0,"event_name":"Shining Light","player_choice":"Entered Light","floor":3.0,"gold_loss":0.0,"damage_taken":20.0,"cards_upgraded":["Survivor","Strike_G"]},{"damage_healed":0.0,"max_hp_gain":0.0,"max_hp_loss":0.0,"gold_gain":0.0,"event_name":"Living Wall","player_choice":"Grow","floor":4.0,"gold_loss":0.0,"damage_taken":0.0,"cards_upgraded":["Footwork"]},{"damage_healed":0.0,"max_hp_gain":0.0,"max_hp_loss":0.0,"gold_gain":0.0,"event_name":"Big Fish","player_choice":"Box","floor":8.0,"gold_loss":0.0,"damage_taken":0.0,"relics_obtained":["Strawberry"],"cards_obtained":["Regret"]},{"damage_healed":0.0,"max_hp_gain":0.0,"max_hp_loss":0.0,"gold_gain":0.0,"event_name":"The Library","player_choice":"Read","floor":19.0,"gold_loss":0.0,"damage_taken":0.0,"cards_obtained":["Well Laid Plans"]},{"damage_healed":0.0,"max_hp_gain":5.0,"max_hp_loss":0.0,"gold_gain":0.0,"event_name":"Forgotten Altar","player_choice":"Shed Blood","floor":20.0,"gold_loss":0.0,"damage_taken":26.0},{"cards_removed":["Regret"],"damage_healed":0.0,"max_hp_gain":0.0,"max_hp_loss":0.0,"gold_gain":0.0,"event_name":"Purifier","player_choice":"Purged","floor":24.0,"gold_loss":0.0,"damage_taken":0.0},{"damage_healed":0.0,"max_hp_gain":0.0,"max_hp_loss":39.0,"gold_gain":0.0,"event_name":"Ghosts","player_choice":"Became a Ghost","floor":29.0,"gold_loss":0.0,"damage_taken":0.0,"cards_obtained":["Ghostly","Ghostly","Ghostly"]},{"cards_removed":["All Out Attack"],"damage_healed":0,"gold_gain":0,"player_choice":"Removed Attack","damage_taken":0,"max_hp_gain":0,"max_hp_loss":0,"event_name":"Falling","floor":36,"gold_loss":0},{"damage_healed":0,"gold_gain":0,"player_choice":"Max HP","damage_taken":0,"max_hp_gain":0,"max_hp_loss":2,"event_name":"Winding Halls","floor":38,"gold_loss":0}],"is_beta":false,"boss_relics":[{"not_picked":["Lizard Tail","Ring of the Serpent"],"picked":"Astrolabe"},{"not_picked":["Busted Crown","Empty Cage"],"picked":"Snecko Eye"}],"items_purged_floors":[31,41],"is_endless":false,"potions_floor_spawned":[1,6,13,21,30,39,45,48],"ascension_level":20}