{"gold_per_floor":[364,379,397,397,117,157,157,198,198,212,237,237],"floor_reached":12,"playtime":559,"items_purged":["Strike_G"],"score":167,"play_id":"519f4af1-fdbc-4864-bb03-73d2ef0e7b52","local_time":"20181024201321","is_ascension_mode":true,"campfire_choices":[{"data":"Neutralize","floor":7,"key":"SMITH"}],"neow_cost":"TEN_PERCENT_HP_LOSS","seed_source_timestamp":2912827290426394,"circlet_count":0,"master_deck":["Defend_G","Defend_G","Defend_G","Defend_G","Defend_G","Strike_G","Strike_G","Strike_G","Strike_G","Survivor","Neutralize+1","AscendersBane","Sucker Punch","Deadly Poison","Terror","Predator","Malaise","Noxious Fumes","Heel Hook"],"relics":["Ring of the Snake","Golden Idol","Snake Skull","Ginger","Question Card","Paper Crane"],"potions_floor_usage":[8,11],"damage_taken":[{"damage":2,"enemies":"2 Louse","floor":1,"turns":4},{"damage":0,"enemies":"Jaw Worm","floor":2,"turns":5},{"damage":0,"enemies":"Cultist","floor":3,"turns":4},{"damage":17,"enemies":"Gremlin Nob","floor":6,"turns":4},{"damage":19,"enemies":"3 Sentries","floor":8,"turns":9},{"damage":12,"enemies":"Gremlin Gang","floor":10,"turns":7},{"damage":1,"enemies":"Looter","floor":11,"turns":4},{"damage":5,"enemies":"3 Louse","floor":12,"turns":2}],"seed_played":"-7178403384069976788","potions_obtained":[{"floor":3,"key":"PowerPotion"},{"floor":8,"key":"SpeedPotion"},{"floor":10,"key":"Ancient Potion"}],"is_trial":false,"path_per_floor":["M","M","M","?","$","E","R","E","T","M","M"],"character_chosen":"THE_SILENT","items_purchased":["Snake Skull","Predator"],"campfire_rested":0,"item_purchase_floors":[5,5],"current_hp_per_floor":[57,57,57,54,54,37,37,18,18,6,5,0],"gold":237,"neow_bonus":"TWO_FIFTY_GOLD","is_prod":false,"is_daily":false,"chose_seed":false,"campfire_upgraded":1,"win_rate":0,"timestamp":1540437201,"path_taken":["M","M","M","?","$","E","R","E","T","?","M","M"],"build_version":"2018-10-23","purchased_purges":1,"victory":false,"max_hp_per_floor":[60,60,60,54,54,54,54,54,54,54,54,54],"card_choices":[{"not_picked":["Deadly Poison","Dodge and Roll"],"picked":"Sucker Punch","floor":1},{"not_picked":["Outmaneuver","Underhanded Strike"],"picked":"Deadly Poison","floor":2},{"not_picked":["Sucker Punch","Deflect"],"picked":"Terror","floor":3},{"not_picked":["Tactician","Acrobatics","Sucker Punch"],"picked":"SKIP","floor":6},{"not_picked":["Acrobatics","Expertise"],"picked":"Malaise","floor":8},{"not_picked":["Backflip","Blade Dance","Flechettes"],"picked":"Noxious Fumes","floor":10},{"not_picked":["Tactician","Acrobatics","Outmaneuver"],"picked":"Heel Hook","floor":11}],"player_experience":984943,"relics_obtained":[{"floor":6,"key":"Ginger"},{"floor":8,"key":"Question Card"},{"floor":9,"key":"Paper Crane"}],"event_choices":[{"damage_healed":0,"gold_gain":0,"player_choice":"Lose Max HP","damage_taken":0,"relics_obtained":["Golden Idol"],"max_hp_gain":0,"max_hp_loss":6,"event_name":"Golden Idol","floor":4,"gold_loss":0}],"is_beta":true,"boss_relics":[],"items_purged_floors":[5],"is_endless":false,"potions_floor_spawned":[3,8,10],"killed_by":"3 Louse","ascension_level":17}