{"gold_per_floor":[111,121,121,144,69,69,94,138,191,191,241,274,274,295,295,391,391,409,4,20,20,20,20,20],"floor_reached":24,"playtime":1362,"items_purged":[],"score":357,"play_id":"a6ccc019-79e5-48fb-b7d6-abc0c969cec4","local_time":"20190311212050","is_ascension_mode":true,"campfire_choices":[{"data":"Bash","floor":6,"key":"SMITH"},{"floor":13,"key":"REST"},{"data":"Infernal Blade","floor":15,"key":"SMITH"},{"data":"Apotheosis","floor":23,"key":"SMITH"}],"neow_cost":"CURSE","seed_source_timestamp":151307233960907,"circlet_count":0,"master_deck":["AscendersBane","Strike_R","Strike_R","Strike_R+1","Strike_R","Strike_R","Defend_R","Defend_R","Defend_R","Defend_R","Bash+1","Immolate","True Grit+1","Infernal Blade+1","Rage","Clothesline","Exhume","Iron Wave","Impervious","Flame Barrier","Apotheosis+1","Battle Trance","Havoc"],"relics":["Burning Blood","Golden Idol","The Courier","Boot","Regal Pillow","Velvet Choker","Bottled Lightning"],"potions_floor_usage":[8,12,24],"damage_taken":[{"damage":3,"enemies":"Cultist","floor":1,"turns":3},{"damage":7,"enemies":"Jaw Worm","floor":2,"turns":2},{"damage":11,"enemies":"Small Slimes","floor":4,"turns":3},{"damage":0,"enemies":"3 Louse","floor":7,"turns":1},{"damage":44,"enemies":"Gremlin Nob","floor":8,"turns":5},{"damage":15,"enemies":"3 Sentries","floor":12,"turns":6},{"damage":0,"enemies":"Lots of Slimes","floor":14,"turns":1},{"damage":33,"enemies":"The Guardian","floor":16,"turns":14},{"damage":1,"enemies":"Chosen","floor":18,"turns":2},{"damage":22,"enemies":"2 Thieves","floor":20,"turns":3},{"damage":50,"enemies":"Gremlin Leader","floor":24,"turns":7}],"seed_played":"-6255495891893232197","potions_obtained":[{"floor":4,"key":"BloodPotion"},{"floor":8,"key":"Ancient Potion"},{"floor":16,"key":"SmokeBomb"},{"floor":18,"key":"SpeedPotion"}],"is_trial":false,"path_per_floor":["M","M","?","M","?","R","M","E","T","?","?","E","R","M","R","B",null,"M","$","M","$","$","R","E"],"character_chosen":"IRONCLAD","items_purchased":["Apotheosis","Bottled Lightning","Battle Trance"],"campfire_rested":1,"item_purchase_floors":[19,19,19],"current_hp_per_floor":[71,70,68,63,63,63,68,36,36,16,16,7,42,48,48,21,56,61,61,45,45,45,45,0],"gold":20,"neow_bonus":"THREE_RARE_CARDS","is_prod":false,"is_daily":false,"chose_seed":false,"campfire_upgraded":3,"win_rate":0,"timestamp":1552335650,"path_taken":["M","M","?","M","?","R","M","E","T","?","?","E","R","M","R","BOSS","M","?","?","?","$","R","E"],"build_version":"2019-02-06","purchased_purges":0,"victory":false,"max_hp_per_floor":[75,75,68,68,68,68,68,68,68,68,68,68,68,68,68,68,68,68,68,68,68,68,68,68],"card_choices":[{"not_picked":["Fiend Fire","Demon Form"],"picked":"Immolate","floor":0},{"not_picked":["Havoc","Cleave"],"picked":"True Grit","floor":1},{"not_picked":["Blood for Blood","Thunderclap"],"picked":"Infernal Blade","floor":2},{"not_picked":["Perfected Strike","Carnage"],"picked":"Rage","floor":4},{"not_picked":["Power Through","Anger"],"picked":"Clothesline","floor":7},{"not_picked":["Anger","Thunderclap","Twin Strike"],"picked":"SKIP","floor":8},{"not_picked":["Fire Breathing","Twin Strike"],"picked":"Exhume","floor":12},{"not_picked":["Perfected Strike","Burning Pact"],"picked":"Iron Wave","floor":14},{"not_picked":["Dark Embrace","Barricade"],"picked":"Impervious","floor":16},{"not_picked":["Rampage","Clothesline"],"picked":"Flame Barrier","floor":18},{"not_picked":["Wild Strike","Twin Strike+1"],"picked":"Havoc","floor":20}],"player_experience":182761,"relics_obtained":[{"floor":8,"key":"The Courier"},{"floor":9,"key":"Boot"},{"floor":12,"key":"Regal Pillow"}],"event_choices":[{"damage_healed":0,"gold_gain":0,"player_choice":"Lose Max HP","damage_taken":0,"relics_obtained":["Golden Idol"],"max_hp_gain":0,"max_hp_loss":7,"event_name":"Golden Idol","floor":3,"gold_loss":0},{"cards_removed":["Decay"],"damage_healed":0,"gold_gain":0,"player_choice":"Card Removal","damage_taken":0,"max_hp_gain":0,"max_hp_loss":0,"event_name":"The Cleric","floor":5,"gold_loss":75},{"damage_healed":0,"gold_gain":0,"player_choice":"Entered Light","damage_taken":20,"max_hp_gain":0,"max_hp_loss":0,"event_name":"Shining Light","floor":10,"gold_loss":0,"cards_upgraded":["Strike_R","True Grit"]},{"damage_healed":0,"gold_gain":50,"player_choice":"Pray","damage_taken":0,"max_hp_gain":0,"max_hp_loss":0,"event_name":"Golden Shrine","floor":11,"gold_loss":0}],"is_beta":true,"boss_relics":[{"not_picked":["Tiny House","Pandora\u0027s Box"],"picked":"Velvet Choker"}],"items_purged_floors":[],"is_endless":false,"potions_floor_spawned":[4,8,16,18,20],"killed_by":"Gremlin Leader","ascension_level":15}