{"gold_per_floor":[112,123,141,141,154,154,183,183,230,263,263,27,47,77,77,152,152,163,163,183,142,67,67,96,96,121,139,13,30,30,59,59,59],"floor_reached":33,"playtime":1459,"items_purged":["Strike_R","Strike_R"],"score":656,"play_id":"449fc230-dbac-440b-89d2-d131c810df61","local_time":"20181115232602","is_ascension_mode":true,"campfire_choices":[{"data":"Clothesline","floor":6,"key":"SMITH"},{"data":"Uppercut","floor":11,"key":"SMITH"},{"data":"Brutality","floor":15,"key":"SMITH"},{"floor":23,"key":"REST"},{"floor":32,"key":"REST"}],"neow_cost":"NONE","seed_source_timestamp":4827888850873205,"circlet_count":0,"master_deck":["AscendersBane","Strike_R+1","Strike_R+1","Defend_R","Defend_R","Defend_R","Defend_R","Bash+1","Pommel Strike","Cleave","Clothesline+1","Shrug It Off","Uppercut+1","Pommel Strike+1","Feed+1","Brutality+1","Dropkick+1","Impervious","Spot Weakness","Ghostly Armor","Demon Form","Havoc","Metallicize"],"relics":["Black Blood","Red Skull","Lantern","Whetstone","Molten Egg 2","Pantograph","Strawberry","PreservedInsect","Paper Frog"],"potions_floor_usage":[7,16,24,29,31],"damage_taken":[{"damage":9,"enemies":"Jaw Worm","floor":1,"turns":4},{"damage":0,"enemies":"Small Slimes","floor":2,"turns":4},{"damage":4,"enemies":"2 Louse","floor":3,"turns":4},{"damage":0,"enemies":"Exordium Wildlife","floor":5,"turns":2},{"damage":26,"enemies":"3 Sentries","floor":7,"turns":5},{"damage":6,"enemies":"Gremlin Nob","floor":10,"turns":3},{"damage":16,"enemies":"Gremlin Gang","floor":13,"turns":5},{"damage":26,"enemies":"3 Sentries","floor":14,"turns":5},{"damage":59,"enemies":"The Guardian","floor":16,"turns":11},{"damage":35,"enemies":"Spheric Guardian","floor":18,"turns":6},{"damage":34,"enemies":"Shell Parasite","floor":20,"turns":7},{"damage":15,"enemies":"Gremlin Leader","floor":24,"turns":8},{"damage":44,"enemies":"Cultist and Chosen","floor":27,"turns":5},{"damage":16,"enemies":"3 Cultists","floor":29,"turns":4},{"damage":26,"enemies":"Slavers","floor":31,"turns":4},{"damage":86,"enemies":"Champ","floor":33,"turns":13}],"seed_played":"7661728755311018390","potions_obtained":[{"floor":1,"key":"Fire Potion"},{"floor":3,"key":"Swift Potion"},{"floor":10,"key":"PowerPotion"},{"floor":20,"key":"Fire Potion"},{"floor":27,"key":"FearPotion"}],"is_trial":false,"path_per_floor":["M","M","M","?","M","R","E","T","T","E","R","$","M","E","R","B",null,"M","?","M","$","?","R","E","$","T","M","$","M","?","E","R","B"],"character_chosen":"IRONCLAD","items_purchased":["Feed+1","Ghostly Armor","Havoc"],"campfire_rested":2,"item_purchase_floors":[12,21,28],"current_hp_per_floor":[72,78,80,80,82,82,62,62,62,62,62,62,56,40,40,16,75,54,54,34,34,34,64,70,70,70,36,36,34,34,18,53,0],"gold":59,"neow_bonus":"TEN_PERCENT_HP_BONUS","is_prod":false,"is_daily":false,"chose_seed":false,"campfire_upgraded":3,"win_rate":0,"timestamp":1542353162,"path_taken":["M","M","M","?","M","R","E","?","T","E","R","$","M","E","R","BOSS","M","?","M","$","?","R","E","?","T","M","$","?","?","E","R","BOSS"],"build_version":"2018-11-15","purchased_purges":2,"victory":false,"max_hp_per_floor":[82,82,82,82,82,82,82,82,82,82,82,82,86,90,90,94,94,98,98,102,102,102,102,113,113,113,113,113,117,117,117,117,117],"card_choices":[{"not_picked":["Searing Blow","Shrug It Off"],"picked":"Pommel Strike","floor":1},{"not_picked":["Perfected Strike","True Grit"],"picked":"Cleave","floor":2},{"not_picked":["Carnage","Bloodletting"],"picked":"Clothesline","floor":3},{"not_picked":["Iron Wave","Thunderclap"],"picked":"Shrug It Off","floor":5},{"not_picked":["Headbutt","Warcry"],"picked":"Uppercut","floor":7},{"not_picked":["Ghostly Armor","Heavy Blade"],"picked":"Pommel Strike","floor":10},{"not_picked":["Body Slam+1","Bloodletting"],"picked":"Brutality","floor":13},{"not_picked":["Warcry","Havoc"],"picked":"Dropkick+1","floor":14},{"not_picked":["Double Tap","Dark Embrace"],"picked":"Impervious","floor":16},{"not_picked":["Shrug It Off","Iron Wave+1"],"picked":"Spot Weakness","floor":18},{"not_picked":["Thunderclap+1","Pommel Strike+1","Anger+1"],"picked":"SKIP","floor":20},{"not_picked":["Exhume","Burning Pact"],"picked":"Demon Form","floor":24},{"not_picked":["Havoc","Shockwave","Seeing Red"],"picked":"SKIP","floor":27},{"not_picked":["Corruption","Headbutt+1"],"picked":"Metallicize","floor":29},{"not_picked":["Bludgeon+1","Pommel Strike+1","Fire Breathing"],"picked":"SKIP","floor":31}],"player_experience":1094261,"relics_obtained":[{"floor":7,"key":"Red Skull"},{"floor":8,"key":"Lantern"},{"floor":9,"key":"Whetstone"},{"floor":10,"key":"Molten Egg 2"},{"floor":14,"key":"Pantograph"},{"floor":24,"key":"Strawberry"},{"floor":26,"key":"PreservedInsect"},{"floor":31,"key":"Paper Frog"}],"event_choices":[{"damage_healed":0,"gold_gain":0,"player_choice":"Grow","damage_taken":0,"max_hp_gain":0,"max_hp_loss":0,"event_name":"Living Wall","floor":4,"gold_loss":0,"cards_upgraded":["Bash"]},{"damage_healed":0,"gold_gain":0,"player_choice":"Ignored","damage_taken":0,"max_hp_gain":0,"max_hp_loss":0,"event_name":"The Mausoleum","floor":19,"gold_loss":0},{"cards_removed":["Strike_R"],"damage_healed":0,"gold_gain":0,"player_choice":"Gave Gold","damage_taken":0,"max_hp_gain":0,"max_hp_loss":0,"event_name":"Beggar","floor":22,"gold_loss":75},{"damage_healed":0,"gold_gain":0,"player_choice":"Ignored","damage_taken":0,"max_hp_gain":0,"max_hp_loss":0,"event_name":"Cursed Tome","floor":30,"gold_loss":0}],"is_beta":true,"boss_relics":[{"not_picked":["White Beast Statue","Eternal Feather"],"picked":"Black Blood"}],"items_purged_floors":[12,28],"is_endless":false,"potions_floor_spawned":[1,3,10,20,27],"killed_by":"Champ","ascension_level":20}