{"gold_per_floor":[112,65,83,83,33,67,79,108,165,177,223,235,247,269,281,398,410,438,468,491,44,44,62,62,73,73,101,101,127,127,143,143,143],"floor_reached":33,"playtime":2681,"items_purged":[],"score":320,"play_id":"04e2409d-8617-42a1-a92e-b9f35a83920a","local_time":"20190807183257","is_ascension_mode":false,"campfire_choices":[{"floor":7,"key":"RECALL"},{"data":"Coolheaded","floor":10,"key":"SMITH"},{"data":"Glacier","floor":12,"key":"SMITH"},{"floor":15,"key":"REST"},{"floor":28,"key":"REST"},{"floor":30,"key":"REST"},{"floor":32,"key":"REST"}],"neow_cost":"NONE","seed_source_timestamp":1411894780623400,"circlet_count":0,"master_deck":["Strike_B","Strike_B","Strike_B","Strike_B","Defend_B","Defend_B","Defend_B","Defend_B","Zap","Dualcast","Compile Driver","Coolheaded+1","Rebound","Cold Snap","Glacier+1","Auto Shields","Go for the Eyes","Defragment","Enlightenment","Melter","Electrodynamics","Conserve Battery","Fusion","Defragment","Decay","Streamline+1","Redo","Sweeping Beam+1","Streamline"],"relics":["Cracked Core","NeowsBlessing","PreservedInsect","MawBank","Mercury Hourglass","Busted Crown","Happy Flower","Shuriken","Kunai","Dodecahedron","Ancient Tea Set"],"potions_floor_usage":[33,33,33],"damage_taken":[{"damage":0,"enemies":"Cultist","floor":1,"turns":1},{"damage":0,"enemies":"Jaw Worm","floor":3,"turns":1},{"damage":0,"enemies":"3 Sentries","floor":6,"turns":1},{"damage":0,"enemies":"Small Slimes","floor":8,"turns":3},{"damage":5,"enemies":"Lagavulin","floor":11,"turns":9},{"damage":7,"enemies":"Gremlin Gang","floor":14,"turns":3},{"damage":22,"enemies":"Slime Boss","floor":16,"turns":16},{"damage":0,"enemies":"Spheric Guardian","floor":18,"turns":3},{"damage":15,"enemies":"2 Thieves","floor":19,"turns":3},{"damage":20,"enemies":"Shelled Parasite and Fungi","floor":20,"turns":6},{"damage":0,"enemies":"Sentry and Sphere","floor":23,"turns":4},{"damage":0,"enemies":"Snecko","floor":25,"turns":5},{"damage":9,"enemies":"Gremlin Leader","floor":27,"turns":6},{"damage":19,"enemies":"Book of Stabbing","floor":29,"turns":6},{"damage":10,"enemies":"Shelled Parasite and Fungi","floor":31,"turns":7},{"damage":90,"enemies":"Champ","floor":33,"turns":14}],"seed_played":"6179216532055732050","potions_obtained":[{"floor":11,"key":"EssenceOfSteel"},{"floor":14,"key":"Strength Potion"},{"floor":16,"key":"Swift Potion"},{"floor":25,"key":"AttackPotion"}],"is_trial":false,"path_per_floor":["M","$","M","?","$","E","R","M","T","R","E","R","?","M","R","B",null,"M","M","M","$","?","M","$","M","T","E","R","E","R","M","R","B"],"character_chosen":"DEFECT","items_purchased":["Coolheaded","Cold Snap","Happy Flower","Shuriken","Defragment"],"campfire_rested":4,"item_purchase_floors":[2,5,21,21,21],"current_hp_per_floor":[75,75,75,63,63,63,63,63,63,63,58,58,58,51,73,51,75,75,60,40,40,40,40,40,40,40,31,53,34,56,46,68,0],"gold":143,"neow_bonus":"THREE_ENEMY_KILL","is_prod":false,"is_daily":false,"chose_seed":false,"campfire_upgraded":2,"win_rate":0,"timestamp":1565191977,"path_taken":["M","$","M","?","$","E","R","M","T","R","E","R","?","?","R","BOSS","M","M","M","$","?","M","$","M","T","E","R","E","R","M","R","BOSS"],"build_version":"2019-07-17","purchased_purges":0,"victory":false,"max_hp_per_floor":[75,75,75,75,75,75,75,75,75,75,75,75,75,75,75,75,75,75,75,75,75,75,75,75,75,75,75,75,75,75,75,75,75],"card_choices":[{"not_picked":["Aggregate","Hologram"],"picked":"Compile Driver","floor":1},{"not_picked":["Beam Cell","Force Field"],"picked":"Rebound","floor":3},{"not_picked":["White Noise","Barrage"],"picked":"Glacier","floor":6},{"not_picked":["Fusion","Stack"],"picked":"Auto Shields","floor":8},{"not_picked":["Compile Driver","Leap"],"picked":"Go for the Eyes","floor":11},{"not_picked":["Coolheaded","Leap"],"picked":"Melter","floor":14},{"not_picked":["Amplify","Creative AI"],"picked":"Electrodynamics","floor":16},{"not_picked":["Hologram"],"picked":"SKIP","floor":18},{"not_picked":[],"picked":"Conserve Battery","floor":19},{"not_picked":[],"picked":"Fusion","floor":20},{"not_picked":["Steam"],"picked":"SKIP","floor":23},{"not_picked":[],"picked":"Streamline+1","floor":25},{"not_picked":[],"picked":"Redo","floor":27},{"not_picked":[],"picked":"Sweeping Beam+1","floor":29},{"not_picked":[],"picked":"Streamline","floor":31}],"player_experience":58670,"relics_obtained":[{"floor":6,"key":"MawBank"},{"floor":11,"key":"Mercury Hourglass"},{"floor":26,"key":"Kunai"},{"floor":27,"key":"Dodecahedron"},{"floor":29,"key":"Ancient Tea Set"}],"event_choices":[{"damage_healed":0,"gold_gain":0,"player_choice":"Success","damage_taken":12,"relics_obtained":["PreservedInsect"],"max_hp_gain":0,"max_hp_loss":0,"event_name":"Scrap Ooze","floor":4,"gold_loss":0},{"damage_healed":0,"gold_gain":0,"player_choice":"2 cards matched","damage_taken":0,"max_hp_gain":0,"max_hp_loss":0,"event_name":"Match and Keep!","floor":13,"gold_loss":0,"cards_obtained":["Defragment","Enlightenment"]},{"damage_healed":0,"gold_gain":0,"player_choice":"2 cards matched","damage_taken":0,"max_hp_gain":0,"max_hp_loss":0,"event_name":"Match and Keep!","floor":13,"gold_loss":0,"cards_obtained":["Defragment","Enlightenment"]},{"damage_healed":0,"gold_gain":0,"player_choice":"Cursed","damage_taken":0,"max_hp_gain":0,"max_hp_loss":0,"event_name":"Wheel of Change","floor":22,"gold_loss":0,"cards_obtained":["Decay"]}],"is_beta":false,"boss_relics":[{"not_picked":["Astrolabe","Runic Dome"],"picked":"Busted Crown"}],"items_purged_floors":[],"is_endless":false,"potions_floor_spawned":[11,14,16,25],"killed_by":"Champ","ascension_level":0}