{"gold_per_floor":[218,232,232,249,266,266,298,298,298,223,258,258,258,283,283,356,356,373,388,8,0,0,0,0,18,42,42],"floor_reached":27,"playtime":1262,"items_purged":["Strike_G"],"score":435,"play_id":"f4ffdb5a-bde2-4122-b453-542a9c686cbc","local_time":"20181104024307","is_ascension_mode":true,"campfire_choices":[{"data":"Bouncing Flask","floor":6,"key":"SMITH"},{"floor":8,"key":"REST"},{"floor":12,"key":"REST"},{"data":"Storm of Steel","floor":13,"key":"SMITH"},{"floor":15,"key":"REST"},{"data":"Calculated Gamble","floor":23,"key":"SMITH"}],"neow_cost":"NONE","seed_source_timestamp":3803110781177190,"circlet_count":0,"master_deck":["AscendersBane","Survivor","Neutralize+1","Caltrops","Quick Slash","All Out Attack","Bouncing Flask+1","Storm of Steel+1","Well Laid Plans","Phantasmal Killer","Night Terror","Tactician","Caltrops","Acrobatics","Outmaneuver","Noxious Fumes","Skewer","Outmaneuver","Setup","Bane","Underhanded Strike","Calculated Gamble+1","Calculated Gamble+1"],"relics":["Ring of the Snake","Gremlin Horn","WingedGreaves","Dead Branch","Bronze Scales","Pandora\u0027s Box","The Specimen","Bottled Tornado","Omamori"],"potions_floor_usage":[11,27,27],"damage_taken":[{"damage":1,"enemies":"2 Louse","floor":1,"turns":4},{"damage":2,"enemies":"Small Slimes","floor":2,"turns":3},{"damage":3,"enemies":"Jaw Worm","floor":4,"turns":4},{"damage":3,"enemies":"Blue Slaver","floor":5,"turns":4},{"damage":24,"enemies":"Gremlin Nob","floor":7,"turns":4},{"damage":34,"enemies":"3 Sentries","floor":11,"turns":7},{"damage":15,"enemies":"Lagavulin","floor":14,"turns":5},{"damage":8,"enemies":"Slime Boss","floor":16,"turns":8},{"damage":13,"enemies":"Chosen","floor":18,"turns":5},{"damage":11,"enemies":"Spheric Guardian","floor":19,"turns":3},{"damage":15,"enemies":"3 Cultists","floor":25,"turns":4},{"damage":17,"enemies":"Snake Plant","floor":27,"turns":2}],"seed_played":"8335242057535851923","potions_obtained":[{"floor":1,"key":"EssenceOfSteel"},{"floor":4,"key":"GamblersBrew"},{"floor":7,"key":"Fire Potion"},{"floor":16,"key":"Poison Potion"},{"floor":18,"key":"Block Potion"}],"is_trial":false,"path_per_floor":["M","M","?","M","M","R","E","R","T","$","E","R","R","E","R","B",null,"M","M","$","?","$","R","T","M","T","M"],"character_chosen":"THE_SILENT","items_purchased":["The Specimen","Calculated Gamble"],"campfire_rested":3,"item_purchase_floors":[20,20],"current_hp_per_floor":[58,56,56,53,50,50,26,45,45,45,11,30,30,15,34,26,56,43,32,32,32,32,32,32,17,17,0],"gold":42,"neow_bonus":"HUNDRED_GOLD","is_prod":false,"is_daily":false,"chose_seed":false,"campfire_upgraded":3,"win_rate":0,"timestamp":1541328187,"path_taken":["M","M","?","M","M","R","E","R","T","$","E","R","R","E","R","BOSS","M","M","$","?","$","R","?","M","T","M"],"build_version":"2018-11-02","purchased_purges":1,"victory":false,"max_hp_per_floor":[66,66,66,66,66,66,66,66,66,66,66,66,66,66,66,66,66,66,66,66,66,66,66,66,66,66,66],"card_choices":[{"not_picked":["Flechettes","PiercingWail"],"picked":"Caltrops","floor":1},{"not_picked":["Flying Knee","Bane"],"picked":"Quick Slash","floor":2},{"not_picked":["Deflect","Endless Agony"],"picked":"All Out Attack","floor":4},{"not_picked":["Underhanded Strike","Reflex"],"picked":"Bouncing Flask","floor":5},{"not_picked":["Bullet Time","Escape Plan"],"picked":"Storm of Steel","floor":7},{"not_picked":["Dodge and Roll","Dagger Spray"],"picked":"Well Laid Plans","floor":11},{"not_picked":["Well Laid Plans","Poisoned Stab"],"picked":"Phantasmal Killer","floor":14},{"not_picked":["Bullet Time","Die Die Die"],"picked":"Night Terror","floor":16},{"not_picked":["Terror","Slice","Deadly Poison"],"picked":"SKIP","floor":18},{"not_picked":["Terror","Slice","Deadly Poison"],"picked":"SKIP","floor":18},{"not_picked":["Terror","Slice","Deadly Poison"],"picked":"SKIP","floor":18},{"not_picked":["Prepared","Backflip+1"],"picked":"Underhanded Strike","floor":19},{"not_picked":["Dash","Well Laid Plans"],"picked":"Calculated Gamble+1","floor":25}],"player_experience":1022772,"relics_obtained":[{"floor":7,"key":"Gremlin Horn"},{"floor":9,"key":"WingedGreaves"},{"floor":11,"key":"Dead Branch"},{"floor":14,"key":"Bronze Scales"},{"floor":24,"key":"Bottled Tornado"},{"floor":26,"key":"Omamori"}],"event_choices":[{"damage_healed":0,"gold_gain":0,"player_choice":"Grow","damage_taken":0,"max_hp_gain":0,"max_hp_loss":0,"event_name":"Living Wall","floor":3,"gold_loss":0,"cards_upgraded":["Neutralize"]},{"damage_healed":0,"gold_gain":0,"player_choice":"Paid Fearfully","damage_taken":0,"max_hp_gain":0,"max_hp_loss":0,"event_name":"Masked Bandits","floor":21,"gold_loss":8}],"is_beta":true,"boss_relics":[{"not_picked":["Black Star","Tiny House"],"picked":"Pandora\u0027s Box"}],"items_purged_floors":[10],"is_endless":false,"potions_floor_spawned":[1,4,7,16,18],"killed_by":"Snake Plant","ascension_level":18}