{"gold_per_floor":[111,18,35,49,60,60,87,87,114,114,134,164,214,229,229,306,306,321,336,336,62,79,79,93,93,93,105,105,122,122,154,154,231,231,251,261,261,261,96,130,148,148,148,176,7,0,0],"floor_reached":47,"playtime":3547,"items_purged":["Strike_G"],"score":1010,"play_id":"3c91c6b1-043b-4482-ad65-f30948620c5e","local_time":"20190726022946","is_ascension_mode":true,"campfire_choices":[{"data":"Noxious Fumes","floor":6.0,"key":"SMITH"},{"data":"Deadly Poison","floor":8.0,"key":"SMITH"},{"floor":15,"key":"REST"},{"floor":23,"key":"REST"},{"data":"Catalyst","floor":25,"key":"SMITH"},{"data":"Cloak And Dagger","floor":28,"key":"SMITH"},{"data":"Cloak And Dagger","floor":30,"key":"SMITH"},{"floor":32,"key":"REST"},{"data":"Calculated Gamble","floor":42,"key":"SMITH"}],"neow_cost":"NONE","seed_source_timestamp":2768194965173300,"circlet_count":0,"master_deck":["AscendersBane","Strike_G","Strike_G","Defend_G","Defend_G","Defend_G","Defend_G","Defend_G","Survivor","Calculated Gamble+1","Noxious Fumes+1","Cloak And Dagger+1","Dagger Spray","Flying Knee","Deadly Poison+1","Cloak And Dagger+1","Slice","Catalyst+1","Glass Knife","Finisher+1","Backflip+1","Riddle With Holes","Terror","Tools of the Trade","Blade Dance+1","Adrenaline","Tactician","Cloak And Dagger+1","Flash of Steel","Skewer","Sucker Punch","Sucker Punch+1","Distraction+1"],"special_seed":0,"relics":["Ring of the Snake","NeowsBlessing","Bag of Preparation","Boot","Lantern","Philosopher\u0027s Stone","Meat on the Bone","Kunai","Art of War","Black Star","Juzu Bracelet","Bronze Scales","Bottled Flame","Mercury Hourglass","Omamori","Happy Flower","Red Mask"],"potions_floor_usage":[24,27,31,40,44],"damage_taken":[{"damage":0.0,"enemies":"Small Slimes","floor":1.0,"turns":1.0},{"damage":0.0,"enemies":"Jaw Worm","floor":3.0,"turns":1.0},{"damage":0.0,"enemies":"2 Louse","floor":4.0,"turns":1.0},{"damage":11.0,"enemies":"Exordium Thugs","floor":5.0,"turns":4.0},{"damage":37.0,"enemies":"3 Sentries","floor":7.0,"turns":7.0},{"damage":1.0,"enemies":"3 Louse","floor":11.0,"turns":3.0},{"damage":0,"enemies":"2 Fungi Beasts","floor":14,"turns":3},{"damage":12,"enemies":"Hexaghost","floor":16,"turns":8},{"damage":0,"enemies":"Chosen","floor":18,"turns":3},{"damage":32,"enemies":"Shell Parasite","floor":19,"turns":5},{"damage":18,"enemies":"Centurion and Healer","floor":22,"turns":5},{"damage":9,"enemies":"Snake Plant","floor":24,"turns":3},{"damage":2,"enemies":"Cultist and Chosen","floor":27,"turns":4},{"damage":17,"enemies":"3 Cultists","floor":29,"turns":5},{"damage":13,"enemies":"Slavers","floor":31,"turns":4},{"damage":35,"enemies":"Champ","floor":33,"turns":12},{"damage":16,"enemies":"3 Shapes","floor":35,"turns":5},{"damage":0,"enemies":"Orb Walker","floor":36,"turns":2},{"damage":30,"enemies":"Nemesis","floor":40,"turns":6},{"damage":0,"enemies":"Maw","floor":41,"turns":4},{"damage":30,"enemies":"Reptomancer","floor":44,"turns":7},{"damage":16,"enemies":"Spire Growth","floor":47,"turns":4}],"seed_played":"644715093524399889","potions_obtained":[{"floor":1.0,"key":"AttackPotion"},{"floor":3.0,"key":"GamblersBrew"},{"floor":19,"key":"LiquidBronze"},{"floor":22,"key":"Weak Potion"},{"floor":27,"key":"Weak Potion"},{"floor":36,"key":"GamblersBrew"},{"floor":41,"key":"GamblersBrew"}],"is_trial":false,"path_per_floor":["M","$","M","M","M","R","E","R","T","?","M","?","T","M","R","B",null,"M","M","?","$","M","R","M","R","T","M","R","M","R","E","R","B",null,"M","M","?","?","$","E","M","R","T","E","$","?","M"],"character_chosen":"THE_SILENT","items_purchased":["Noxious Fumes","Cloak And Dagger","Meat on the Bone","Skewer","Sucker Punch","Happy Flower"],"campfire_rested":3,"item_purchase_floors":[2,2,21,39,39,45],"current_hp_per_floor":[59,59,59,59,48,48,11,11,11,4,3,3,3,3,22,10,52,52,20,20,20,14,33,36,36,36,34,34,29,29,28,47,24,56,40,40,40,40,40,22,34,34,34,16,16,16,0],"gold":0,"neow_bonus":"THREE_ENEMY_KILL","is_prod":false,"is_daily":false,"chose_seed":false,"campfire_upgraded":6,"win_rate":0,"timestamp":1564133386,"path_taken":["M","$","M","M","M","R","E","R","T","?","M","?","?","M","R","BOSS","M","M","?","?","?","R","M","R","T","M","R","M","R","E","R","BOSS","M","M","?","?","?","E","M","R","T","E","$","?","M"],"build_version":"2019-07-18","purchased_purges":1,"victory":false,"max_hp_per_floor":[66,66,66,66,66,66,66,66,66,66,66,66,66,66,66,66,66,66,66,66,66,66,66,66,66,66,66,66,66,66,66,66,66,66,66,66,66,66,66,66,66,66,66,66,66,66,66],"card_choices":[{"not_picked":["Underhanded Strike","Dodge and Roll"],"picked":"Calculated Gamble","floor":1.0},{"not_picked":["Quick Slash","Acrobatics"],"picked":"Dagger Spray","floor":3.0},{"not_picked":["Quick Slash","Acrobatics"],"picked":"Flying Knee","floor":4.0},{"not_picked":["Dash","Setup"],"picked":"Deadly Poison","floor":5.0},{"not_picked":["Night Terror","Riddle With Holes"],"picked":"Cloak And Dagger","floor":7.0},{"not_picked":["Outmaneuver","Flying Knee"],"picked":"Slice","floor":11.0},{"not_picked":["Slice","Poisoned Stab"],"picked":"Catalyst","floor":14},{"not_picked":["Venomology","Night Terror"],"picked":"Glass Knife","floor":16},{"not_picked":["Predator","Blur"],"picked":"Finisher+1","floor":18},{"not_picked":["Dagger Throw","Backstab"],"picked":"Backflip+1","floor":19},{"not_picked":["Backflip","Acrobatics+1"],"picked":"Riddle With Holes","floor":22},{"not_picked":["Slice","Backflip","Finisher+1"],"picked":"SKIP","floor":24},{"not_picked":["Tactician","Slice"],"picked":"Terror","floor":27},{"not_picked":["Reflex","Sucker Punch"],"picked":"Tools of the Trade","floor":29},{"not_picked":["Masterful Stab","Poisoned Stab"],"picked":"Blade Dance+1","floor":31},{"not_picked":["Malaise","Wraith Form v2"],"picked":"Adrenaline","floor":33},{"not_picked":["Eviscerate","Acrobatics"],"picked":"Tactician","floor":35},{"not_picked":["Dagger Throw+1","Dagger Spray"],"picked":"Cloak And Dagger+1","floor":36},{"not_picked":["HandOfGreed","Good Instincts"],"picked":"Flash of Steel","floor":38},{"not_picked":["Bane+1","Setup"],"picked":"Sucker Punch+1","floor":40},{"not_picked":["Bane+1","Blur"],"picked":"Distraction+1","floor":41},{"not_picked":["Blur","Finisher+1","Accuracy"],"picked":"SKIP","floor":44}],"player_experience":3488604,"relics_obtained":[{"floor":7.0,"key":"Bag of Preparation"},{"floor":9.0,"key":"Boot"},{"floor":13,"key":"Lantern"},{"floor":26,"key":"Kunai"},{"floor":31,"key":"Art of War"},{"floor":40,"key":"Juzu Bracelet"},{"floor":40,"key":"Bronze Scales"},{"floor":43,"key":"Bottled Flame"},{"floor":44,"key":"Mercury Hourglass"},{"floor":44,"key":"Omamori"}],"event_choices":[{"cards_removed":["Strike_G"],"damage_healed":0.0,"max_hp_gain":0.0,"max_hp_loss":0.0,"gold_gain":0.0,"event_name":"Golden Wing","player_choice":"Card Removal","floor":10.0,"gold_loss":0.0,"damage_taken":7.0},{"damage_healed":0,"gold_gain":30,"player_choice":"Searched \u00272\u0027 times","damage_taken":0,"max_hp_gain":0,"max_hp_loss":0,"event_name":"Dead Adventurer","floor":12,"gold_loss":0},{"cards_removed":["Strike_G"],"damage_healed":0,"gold_gain":0,"player_choice":"Purged","damage_taken":0,"max_hp_gain":0,"max_hp_loss":0,"event_name":"Purifier","floor":20,"gold_loss":0},{"cards_removed":["Neutralize"],"damage_healed":0,"gold_gain":0,"player_choice":"Removed Attack","damage_taken":0,"max_hp_gain":0,"max_hp_loss":0,"event_name":"Falling","floor":37,"gold_loss":0},{"damage_healed":0,"gold_gain":0,"player_choice":"Memory 1","damage_taken":0,"max_hp_gain":0,"max_hp_loss":0,"event_name":"SensoryStone","floor":38,"gold_loss":0},{"damage_healed":0,"gold_gain":0,"player_choice":"Paid","damage_taken":0,"relics_obtained":["Red Mask"],"max_hp_gain":0,"max_hp_loss":0,"event_name":"Tomb of Lord Red Mask","floor":46,"gold_loss":7}],"is_beta":true,"boss_relics":[{"not_picked":["Eternal Feather","Pandora\u0027s Box"],"picked":"Philosopher\u0027s Stone"},{"not_picked":["Orrery","Tiny House"],"picked":"Black Star"}],"items_purged_floors":[39],"is_endless":false,"potions_floor_spawned":[1,3,4,19,22,27,36,41],"killed_by":"Spire Growth","ascension_level":20}