{"gold_per_floor":[215,233,251,251,251,251,426,440,440,7,7,82,111,127,127,228,228,241,253,272,58,74,74,107,120,120,137,97,0,16,16,16,116,116,135,155,155,173,6,6,6,17,40,40,40,65,65,85,85,85],"floor_reached":51,"playtime":2500,"items_purged":["Doubt","Strike_G","Strike_G","Defend_G"],"score":689,"play_id":"862dd590-fee4-4f51-a6ed-a6e60cbac16c","local_time":"20190917025715","is_ascension_mode":false,"campfire_choices":[{"data":"Neutralize","floor":6.0,"key":"SMITH"},{"data":"Blur","floor":11.0,"key":"SMITH"},{"floor":15.0,"key":"REST"},{"data":"Backflip","floor":23.0,"key":"SMITH"},{"data":"Deadly Poison","floor":32.0,"key":"SMITH"},{"data":"Crippling Poison","floor":40.0,"key":"SMITH"},{"data":"Madness","floor":45.0,"key":"SMITH"},{"data":"Madness","floor":47.0,"key":"SMITH"},{"data":"Backflip","floor":49,"key":"SMITH"}],"neow_cost":"NONE","seed_source_timestamp":404240994574600,"circlet_count":0,"master_deck":["Strike_G+1","Strike_G","Defend_G+1","Defend_G","Survivor+1","Neutralize+1","Leg Sweep+1","Backflip+1","Blur+1","Deadly Poison+1","Sadistic Nature+1","Crippling Poison+1","Deadly Poison+1","Noxious Fumes+1","Poisoned Stab","Noxious Fumes+1","Backflip+1","Footwork+1","Footwork+1","Madness+1","Madness+1","Parasite","Caltrops+1","Well Laid Plans+1"],"special_seed":0,"relics":["Ring of the Snake","Frozen Egg 2","Membership Card","TungstenRod","Odd Mushroom","Empty Cage","Eternal Feather","Ginger","Turnip","Sozu","DollysMirror","Vajra","Molten Egg 2"],"potions_floor_usage":[50,50],"damage_taken":[{"damage":0.0,"enemies":"2 Louse","floor":1.0,"turns":2.0},{"damage":0.0,"enemies":"Jaw Worm","floor":2.0,"turns":5.0},{"damage":0.0,"enemies":"Cultist","floor":3.0,"turns":5.0},{"damage":4.0,"enemies":"Exordium Wildlife","floor":8.0,"turns":11.0},{"damage":9.0,"enemies":"The Mushroom Lair","floor":13.0,"turns":6.0},{"damage":0.0,"enemies":"Large Slime","floor":14.0,"turns":6.0},{"damage":39.0,"enemies":"Slime Boss","floor":16.0,"turns":18.0},{"damage":6.0,"enemies":"Spheric Guardian","floor":18.0,"turns":6.0},{"damage":0.0,"enemies":"Chosen","floor":19.0,"turns":4.0},{"damage":0.0,"enemies":"Centurion and Healer","floor":20.0,"turns":9.0},{"damage":0.0,"enemies":"Shelled Parasite and Fungi","floor":22.0,"turns":7.0},{"damage":3.0,"enemies":"Book of Stabbing","floor":24.0,"turns":6.0},{"damage":5.0,"enemies":"Snake Plant","floor":25.0,"turns":3.0},{"damage":1.0,"enemies":"Chosen and Byrds","floor":27.0,"turns":4.0},{"damage":2.0,"enemies":"Shelled Parasite and Fungi","floor":30.0,"turns":5.0},{"damage":23.0,"enemies":"Automaton","floor":33.0,"turns":9.0},{"damage":8.0,"enemies":"3 Shapes","floor":35.0,"turns":4.0},{"damage":1.0,"enemies":"3 Darklings","floor":36.0,"turns":4.0},{"damage":0.0,"enemies":"Sphere and 2 Shapes","floor":38.0,"turns":5.0},{"damage":0.0,"enemies":"Writhing Mass","floor":42.0,"turns":5.0},{"damage":8.0,"enemies":"Reptomancer","floor":46.0,"turns":5.0},{"damage":10,"enemies":"3 Darklings","floor":48,"turns":5},{"damage":29,"enemies":"Awakened One","floor":50,"turns":13}],"seed_played":"-4105224028217635413","potions_obtained":[{"floor":2.0,"key":"SkillPotion"},{"floor":3.0,"key":"EssenceOfSteel"},{"floor":13.0,"key":"EntropicBrew"},{"floor":19.0,"key":"Block Potion"},{"floor":25.0,"key":"SpeedPotion"}],"is_trial":false,"path_per_floor":["M","M","M","?","?","R","?","M","T","$","R","?","?","M","R","B",null,"M","M","M","$","M","R","E","M","T","M","?","$","M","$","R","B",null,"M","M","?","M","$","R","?","M","T","?","R","E","R","M","R","B",null],"character_chosen":"THE_SILENT","items_purchased":["Membership Card","TungstenRod","Sadistic Nature+1","Eternal Feather","Noxious Fumes+1","Poisoned Stab","Noxious Fumes+1","Footwork+1","DollysMirror"],"campfire_rested":1,"item_purchase_floors":[10,10,10,21,21,21,29,39,39],"current_hp_per_floor":[70,70,70,70,56,56,56,52,52,52,52,42,33,33,54,15,70,64,64,64,64,64,70,67,62,62,61,61,61,59,59,68,45,70,62,61,61,61,61,70,62,62,62,62,70,62,70,60,70,56],"gold":85,"neow_bonus":"HUNDRED_GOLD","is_prod":false,"is_daily":false,"chose_seed":false,"campfire_upgraded":8,"win_rate":0,"timestamp":1568656635,"path_taken":["M","M","M","?","?","R","?","?","T","$","R","?","?","M","R","BOSS","M","M","M","$","M","R","E","M","T","M","?","$","M","?","R","BOSS","M","M","?","M","$","R","?","M","T","?","R","E","R","M","R","BOSS"],"build_version":"2019-09-12","purchased_purges":4,"victory":true,"max_hp_per_floor":[70,70,70,70,70,70,70,70,70,70,70,70,70,70,70,70,70,70,70,70,70,70,70,70,70,70,70,70,70,70,70,70,70,70,70,70,70,70,70,70,70,70,70,70,70,70,70,70,70,70],"card_choices":[{"not_picked":["Bane","Flechettes"],"picked":"Leg Sweep","floor":1.0},{"not_picked":["Caltrops","Dodge and Roll"],"picked":"Backflip","floor":2.0},{"not_picked":["Infinite Blades","Deflect"],"picked":"Blur","floor":3.0},{"not_picked":["Dagger Throw","Prepared"],"picked":"Deadly Poison","floor":8.0},{"not_picked":["Dodge and Roll","Cloak And Dagger"],"picked":"Crippling Poison","floor":13.0},{"not_picked":["Doppelganger","Skewer","Acrobatics"],"picked":"SKIP","floor":14.0},{"not_picked":["Skewer","Setup"],"picked":"Deadly Poison+1","floor":18.0},{"not_picked":["Flying Knee","Cloak And Dagger","Crippling Poison"],"picked":"SKIP","floor":19.0},{"not_picked":["Prepared","Acrobatics","Expertise"],"picked":"SKIP","floor":20.0},{"not_picked":["Outmaneuver","Endless Agony+1","Underhanded Strike"],"picked":"SKIP","floor":22.0},{"not_picked":["All Out Attack","Concentrate"],"picked":"Well Laid Plans+1","floor":24.0},{"not_picked":["Accuracy+1","Reflex+1","Dagger Spray"],"picked":"SKIP","floor":25.0},{"not_picked":["Cloak And Dagger+1","Leg Sweep","Calculated Gamble"],"picked":"SKIP","floor":27.0},{"not_picked":["Bane","All Out Attack","Sucker Punch+1"],"picked":"SKIP","floor":30.0},{"not_picked":["Dagger Throw","Bane+1","Flying Knee+1"],"picked":"SKIP","floor":35.0},{"not_picked":["Outmaneuver+1","Accuracy+1","Prepared+1"],"picked":"SKIP","floor":36.0},{"not_picked":["Dagger Spray","PiercingWail+1"],"picked":"Backflip","floor":38.0},{"not_picked":["Escape Plan","Blade Dance"],"picked":"Caltrops+1","floor":42.0},{"not_picked":["Reflex+1","PiercingWail+1","Heel Hook+1"],"picked":"SKIP","floor":46.0},{"not_picked":["Backstab+1","Outmaneuver"],"picked":"Well Laid Plans+1","floor":48}],"player_experience":473520,"relics_obtained":[{"floor":9.0,"key":"Frozen Egg 2"},{"floor":13.0,"key":"Odd Mushroom"},{"floor":24.0,"key":"Ginger"},{"floor":26.0,"key":"Turnip"},{"floor":43.0,"key":"Vajra"},{"floor":46.0,"key":"Molten Egg 2"}],"event_choices":[{"cards_removed":["Defend_G"],"damage_healed":0.0,"max_hp_gain":0.0,"max_hp_loss":0.0,"gold_gain":0.0,"event_name":"Living Wall","player_choice":"Forget","floor":4.0,"gold_loss":0.0,"damage_taken":0.0},{"damage_healed":0.0,"max_hp_gain":0.0,"max_hp_loss":0.0,"gold_gain":0.0,"event_name":"Shining Light","player_choice":"Entered Light","floor":5.0,"gold_loss":0.0,"damage_taken":14.0,"cards_upgraded":["Survivor","Leg Sweep"]},{"damage_healed":0.0,"max_hp_gain":0.0,"max_hp_loss":0.0,"gold_gain":175.0,"event_name":"Liars Game","player_choice":"AGREE","floor":7.0,"gold_loss":0.0,"damage_taken":0.0,"cards_obtained":["Doubt"]},{"damage_healed":0.0,"max_hp_gain":0.0,"max_hp_loss":0.0,"gold_gain":75.0,"event_name":"World of Goop","player_choice":"Gather Gold","floor":12.0,"gold_loss":0.0,"damage_taken":11.0},{"damage_healed":0.0,"max_hp_gain":0.0,"max_hp_loss":0.0,"gold_gain":0.0,"event_name":"Mushrooms","player_choice":"Fought Mushrooms","floor":13.0,"gold_loss":0.0,"damage_taken":0.0},{"damage_healed":0.0,"max_hp_gain":0.0,"max_hp_loss":0.0,"gold_gain":0.0,"event_name":"Designer","player_choice":"Upgraded Two","floor":28.0,"gold_loss":40.0,"damage_taken":0.0,"cards_upgraded":["Defend_G","Strike_G"]},{"cards_removed":["Well Laid Plans"],"damage_healed":0.0,"max_hp_gain":0.0,"max_hp_loss":0.0,"gold_gain":0.0,"event_name":"Falling","player_choice":"Removed Power","floor":37.0,"gold_loss":0.0,"damage_taken":0.0},{"damage_healed":0.0,"max_hp_gain":0.0,"max_hp_loss":0.0,"gold_gain":0.0,"event_name":"Winding Halls","player_choice":"Embrace Madness","floor":41.0,"gold_loss":0.0,"damage_taken":9.0,"cards_obtained":["Madness","Madness"]},{"damage_healed":0.0,"max_hp_gain":0.0,"max_hp_loss":0.0,"gold_gain":0.0,"event_name":"Mysterious Sphere","player_choice":"Ignored","floor":44.0,"gold_loss":0.0,"damage_taken":0.0}],"is_beta":true,"boss_relics":[{"not_picked":["Runic Pyramid","Tiny House"],"picked":"Empty Cage"},{"not_picked":["Black Star","Pandora\u0027s Box"],"picked":"Sozu"}],"items_purged_floors":[10,21,29,39],"is_endless":false,"potions_floor_spawned":[2,3,13,19,25,27,36,42],"ascension_level":0}