{"gold_per_floor":[118,132,132,152,166,201,212,212,285,285,285,301,316,330,330,427,427,443,159,176,176,101,101,119,119],"floor_reached":25,"playtime":798,"items_purged":["Warcry"],"score":300,"play_id":"230c2a01-1820-48ae-b899-ec6aa452a1dd","local_time":"20190524160420","is_ascension_mode":true,"campfire_choices":[{"floor":8,"key":"REST"},{"floor":10,"key":"REST"},{"floor":15,"key":"REST"},{"floor":23,"key":"REST"}],"neow_cost":"NONE","seed_source_timestamp":0,"circlet_count":0,"master_deck":["Strike_R+1","Strike_R+1","Strike_R","Defend_R","Defend_R","Defend_R","Defend_R","Bash","Pommel Strike","Cleave","Combust","Sever Soul","Pommel Strike","Anger","Blood for Blood","Juggernaut","Rupture+1","True Grit+1","Pummel","Havoc+1"],"special_seed":0,"relics":["Busted Crown","Happy Flower","Toxic Egg 2","Sozu","Whetstone"],"potions_floor_usage":[11,13,16],"damage_taken":[{"damage":5.0,"enemies":"2 Louse","floor":1.0,"turns":3.0},{"damage":2.0,"enemies":"Jaw Worm","floor":2.0,"turns":3.0},{"damage":0.0,"enemies":"Cultist","floor":4.0,"turns":2.0},{"damage":7.0,"enemies":"2 Fungi Beasts","floor":5.0,"turns":3.0},{"damage":34.0,"enemies":"Lagavulin","floor":6.0,"turns":5.0},{"damage":11,"enemies":"Looter","floor":7,"turns":2},{"damage":13,"enemies":"Blue Slaver","floor":12,"turns":2},{"damage":11,"enemies":"Lots of Slimes","floor":13,"turns":3},{"damage":14,"enemies":"Gremlin Gang","floor":14,"turns":3},{"damage":36,"enemies":"Hexaghost","floor":16,"turns":6},{"damage":22,"enemies":"Shell Parasite","floor":18,"turns":3},{"damage":22,"enemies":"2 Thieves","floor":20,"turns":4},{"damage":38,"enemies":"Snake Plant","floor":24,"turns":3},{"damage":11,"enemies":"Snecko","floor":25,"turns":3}],"seed_played":"6949372246258800731","potions_obtained":[{"floor":4.0,"key":"SkillPotion"},{"floor":5.0,"key":"BloodPotion"},{"floor":6,"key":"Energy Potion"},{"floor":7,"key":"EssenceOfSteel"},{"floor":11,"key":"Fruit Juice"},{"floor":11,"key":"Block Potion"},{"floor":11,"key":"LiquidBronze"},{"floor":13,"key":"Energy Potion"}],"is_trial":false,"path_per_floor":["M","M","?","M","M","E","M","R","T","R","?","M","M","M","R","B",null,"M","$","M","?","?","R","M","M"],"character_chosen":"IRONCLAD","items_purchased":["True Grit+1","Whetstone"],"campfire_rested":4,"item_purchase_floors":[19,19],"current_hp_per_floor":[67,65,58,58,51,25,14,38,38,62,67,54,43,29,54,18,68,46,46,24,24,24,49,11,0],"gold":119,"neow_bonus":"BOSS_RELIC","is_prod":false,"is_daily":false,"chose_seed":false,"campfire_upgraded":0,"win_rate":0,"timestamp":1558728260,"path_taken":["M","M","?","M","M","E","M","R","T","R","?","M","?","M","R","BOSS","M","$","M","?","?","R","M","M"],"build_version":"2019-01-23","purchased_purges":1,"victory":false,"max_hp_per_floor":[80,80,80,80,80,80,80,80,80,80,85,85,85,85,85,85,85,85,85,85,85,85,85,85,85],"card_choices":[{"not_picked":[],"picked":"Pommel Strike","floor":1.0},{"not_picked":[],"picked":"Cleave","floor":2.0},{"not_picked":[],"picked":"Warcry","floor":4.0},{"not_picked":[],"picked":"Combust","floor":5.0},{"not_picked":[],"picked":"Sever Soul","floor":6},{"not_picked":[],"picked":"Pommel Strike","floor":7},{"not_picked":["Metallicize"],"picked":"SKIP","floor":12},{"not_picked":[],"picked":"Anger","floor":13},{"not_picked":[],"picked":"Blood for Blood","floor":14},{"not_picked":[],"picked":"Juggernaut","floor":16},{"not_picked":[],"picked":"Rupture+1","floor":18},{"not_picked":[],"picked":"Pummel","floor":20},{"not_picked":["Anger"],"picked":"SKIP","floor":24}],"player_experience":557128,"relics_obtained":[{"floor":6,"key":"Happy Flower"},{"floor":9,"key":"Toxic Egg 2"}],"event_choices":[{"cards_removed":["Strike_R"],"damage_healed":0.0,"max_hp_gain":0.0,"max_hp_loss":0.0,"gold_gain":0.0,"event_name":"Golden Wing","player_choice":"Card Removal","floor":3.0,"gold_loss":0.0,"damage_taken":7.0},{"damage_healed":0,"gold_gain":0,"player_choice":"Got Potions","damage_taken":0,"max_hp_gain":0,"max_hp_loss":0,"event_name":"Lab","floor":11,"gold_loss":0},{"damage_healed":0,"gold_gain":0,"player_choice":"Read","damage_taken":0,"max_hp_gain":0,"max_hp_loss":0,"event_name":"The Library","floor":21,"gold_loss":0,"cards_obtained":["Havoc"]},{"cards_removed":["Strike_R"],"damage_healed":0,"gold_gain":0,"player_choice":"Gave Gold","damage_taken":0,"max_hp_gain":0,"max_hp_loss":0,"event_name":"Beggar","floor":22,"gold_loss":75}],"is_beta":false,"boss_relics":[{"not_picked":["Tiny House","Lizard Tail"],"picked":"Sozu"}],"items_purged_floors":[19],"is_endless":false,"potions_floor_spawned":[4,5,6,7,13,18,20],"killed_by":"Snecko","ascension_level":9}