{"gold_per_floor":[113,125,143,163,163,163,175,189,216,247,263,263,298,311,311,387,387,406,406,406,406,8,8,27,27,27,43,43,43,55,74,74,146,146,162,176,156,156,171,171,185,56,56,56,56],"floor_reached":46,"playtime":2628,"items_purged":["Strike_B+1"],"score":1227,"play_id":"fc67b57a-0f0e-4c1b-be48-0783a9ffba0c","local_time":"20181021222025","is_ascension_mode":true,"campfire_choices":[{"data":"Dualcast","floor":6,"key":"SMITH"},{"data":"Self Repair","floor":12,"key":"SMITH"},{"data":"Streamline","floor":15,"key":"SMITH"},{"data":"Fission","floor":23,"key":"SMITH"},{"data":"Hologram","floor":25,"key":"SMITH"},{"data":"Recycle","floor":28,"key":"SMITH"},{"data":"Capacitor","floor":32,"key":"SMITH"},{"data":"Hologram","floor":40,"key":"SMITH"}],"neow_cost":"NONE","seed_source_timestamp":2659172834540631,"circlet_count":0,"master_deck":["Strike_B+1","Defend_B+1","Defend_B+1","Defend_B+1","Defend_B+1","Zap+1","Dualcast+1","AscendersBane","Cold Snap","Ball Lightning","Undo","Doom and Gloom+1","Rip and Tear","Self Repair+1","Compile Driver","Cold Snap","Leap","Streamline+1","Fission+1","Fusion+1","Ball Lightning","Glacier","Ghostly","Ghostly","Ghostly","Ghostly","Ghostly","Biased Cognition","Hologram+1","Recycle+1","Capacitor+1","Echo Form","Redo+1","Hologram+1","Coolheaded+1","Capacitor"],"relics":["Cracked Core","Bronze Scales","Pear","Smiling Mask","Cursed Key","ClockworkSouvenir","Orrery"],"potions_floor_usage":[33,45,45],"damage_taken":[{"damage":2,"enemies":"Jaw Worm","floor":1,"turns":4},{"damage":0,"enemies":"Cultist","floor":2,"turns":3},{"damage":4,"enemies":"2 Louse","floor":3,"turns":3},{"damage":9,"enemies":"2 Fungi Beasts","floor":4,"turns":3},{"damage":0,"enemies":"Looter","floor":7,"turns":3},{"damage":1,"enemies":"3 Louse","floor":8,"turns":2},{"damage":8,"enemies":"3 Sentries","floor":10,"turns":5},{"damage":0,"enemies":"Large Slime","floor":11,"turns":4},{"damage":13,"enemies":"Lagavulin","floor":13,"turns":5},{"damage":0,"enemies":"2 Fungi Beasts","floor":14,"turns":2},{"damage":20,"enemies":"The Guardian","floor":16,"turns":10},{"damage":3,"enemies":"3 Byrds","floor":18,"turns":2},{"damage":0,"enemies":"Colosseum Slavers","floor":21,"turns":6},{"damage":1,"enemies":"Shell Parasite","floor":24,"turns":6},{"damage":0,"enemies":"Centurion and Healer","floor":27,"turns":9},{"damage":11,"enemies":"Cultist and Chosen","floor":30,"turns":5},{"damage":0,"enemies":"Snecko","floor":31,"turns":4},{"damage":8,"enemies":"Champ","floor":33,"turns":13},{"damage":22,"enemies":"3 Shapes","floor":35,"turns":10},{"damage":0,"enemies":"Orb Walker","floor":36,"turns":4},{"damage":0,"enemies":"4 Shapes","floor":39,"turns":5},{"damage":2,"enemies":"Jaw Worm Horde","floor":41,"turns":7},{"damage":20,"enemies":"Time Eater","floor":45,"turns":12}],"seed_played":"5656513512405530168","potions_obtained":[{"floor":4,"key":"Fire Potion"},{"floor":7,"key":"FocusPotion"},{"floor":33,"key":"EssenceOfSteel"},{"floor":37,"key":"Weak Potion"}],"is_trial":false,"path_per_floor":["M","M","M","M","?","R","M","M","T","E","M","R","E","M","R","B",null,"M","?","?","?","$","R","M","R","T","M","R","?","M","M","R","B",null,"M","M","?","?","M","R","M","$","T","?","B"],"character_chosen":"DEFECT","items_purchased":["ClockworkSouvenir","Biased Cognition","FocusPotion"],"campfire_rested":0,"item_purchase_floors":[22,22,42],"current_hp_per_floor":[62,62,58,49,49,49,49,48,48,57,64,64,51,51,51,41,71,78,78,40,40,40,40,40,40,40,40,40,40,39,40,40,40,40,28,38,38,38,38,38,40,40,40,40,20],"gold":56,"neow_bonus":"UPGRADE_CARD","is_prod":false,"is_daily":false,"chose_seed":false,"campfire_upgraded":8,"win_rate":0,"timestamp":1540185625,"path_taken":["M","M","M","M","?","R","?","M","T","E","M","R","E","M","R","BOSS","M","?","?","?","?","R","M","R","T","?","R","?","?","M","R","BOSS","M","M","?","?","?","R","M","$","T","?","BOSS"],"build_version":"2018-10-19","purchased_purges":1,"victory":true,"max_hp_per_floor":[71,71,71,71,71,71,71,71,71,81,81,81,81,81,81,81,81,81,81,40,40,40,40,40,40,40,40,40,40,40,40,40,40,40,40,40,40,40,40,40,40,40,40,40,40],"card_choices":[{"not_picked":["Beam Cell","Static Discharge"],"picked":"Cold Snap","floor":1},{"not_picked":["Coolheaded","Redo"],"picked":"Ball Lightning","floor":2},{"not_picked":["Steam","Force Field"],"picked":"Undo","floor":3},{"not_picked":["Sweeping Beam","Heatsinks"],"picked":"Doom and Gloom","floor":4},{"not_picked":["Rebound","Sweeping Beam"],"picked":"Rip and Tear","floor":7},{"not_picked":["Stack","Hologram"],"picked":"Self Repair","floor":8},{"not_picked":["Hologram","Rebound"],"picked":"Compile Driver","floor":10},{"not_picked":["Redo","Undo"],"picked":"Cold Snap","floor":11},{"not_picked":["Ball Lightning","Storm"],"picked":"Leap","floor":13},{"not_picked":["Beam Cell","Turbo"],"picked":"Streamline","floor":14},{"not_picked":["Rainbow","Core Surge"],"picked":"Fission","floor":16},{"not_picked":["Stack","Go for the Eyes"],"picked":"Fusion+1","floor":18},{"not_picked":["Sunder","Steam"],"picked":"Hologram","floor":24},{"not_picked":["Stack+1","Sweeping Beam"],"picked":"Recycle","floor":27},{"not_picked":["Steam","Ball Lightning"],"picked":"Capacitor","floor":30},{"not_picked":["Tempest","Stack+1","Streamline"],"picked":"SKIP","floor":31},{"not_picked":["Seek","Fission"],"picked":"Echo Form","floor":33},{"not_picked":["Cold Snap","Melter"],"picked":"Redo+1","floor":34},{"not_picked":["Reinforced Body+1","Doom and Gloom"],"picked":"Hologram","floor":34},{"not_picked":["Steam+1","Tempest"],"picked":"Coolheaded+1","floor":35},{"not_picked":["Biased Cognition","Leap"],"picked":"Capacitor","floor":36},{"not_picked":["FTL","Go for the Eyes+1","Fusion+1"],"picked":"SKIP","floor":39},{"not_picked":["Hologram+1","Gash","FTL"],"picked":"SKIP","floor":41}],"player_experience":931176,"relics_obtained":[{"floor":9,"key":"Bronze Scales"},{"floor":10,"key":"Pear"},{"floor":13,"key":"Smiling Mask"}],"event_choices":[{"damage_healed":0,"gold_gain":0,"player_choice":"Upgraded","damage_taken":0,"max_hp_gain":0,"max_hp_loss":0,"event_name":"Upgrade Shrine","floor":5,"gold_loss":0,"cards_upgraded":["Doom and Gloom"]},{"damage_healed":0,"gold_gain":0,"cards_transformed":["Strike_B","Strike_B"],"player_choice":"Became Test Subject","damage_taken":0,"max_hp_gain":0,"max_hp_loss":0,"event_name":"Drug Dealer","floor":19,"gold_loss":0,"cards_obtained":["Ball Lightning","Glacier"]},{"damage_healed":0,"gold_gain":0,"player_choice":"Became a Ghost","damage_taken":0,"max_hp_gain":0,"max_hp_loss":41,"event_name":"Ghosts","floor":20,"gold_loss":0,"cards_obtained":["Ghostly","Ghostly","Ghostly","Ghostly","Ghostly"]},{"damage_healed":0,"gold_gain":0,"player_choice":"Fight","damage_taken":0,"max_hp_gain":0,"max_hp_loss":0,"event_name":"Colosseum","floor":21,"gold_loss":0},{"damage_healed":0,"gold_gain":0,"player_choice":"Fled From Nobs","damage_taken":0,"max_hp_gain":0,"max_hp_loss":0,"event_name":"Colosseum","floor":21,"gold_loss":0},{"damage_healed":0,"gold_gain":0,"player_choice":"Simplicity","damage_taken":0,"max_hp_gain":0,"max_hp_loss":0,"event_name":"Back to Basics","floor":29,"gold_loss":0,"cards_upgraded":["Strike_B","Strike_B","Defend_B","Defend_B","Defend_B","Defend_B"]},{"damage_healed":0,"gold_gain":0,"player_choice":"Bought 1 Potion","damage_taken":0,"max_hp_gain":0,"max_hp_loss":0,"event_name":"The Woman in Blue","floor":37,"gold_loss":0},{"damage_healed":0,"gold_gain":0,"player_choice":"Ignored","damage_taken":0,"max_hp_gain":0,"max_hp_loss":0,"event_name":"Tomb of Lord Red Mask","floor":38,"gold_loss":0},{"damage_healed":0,"gold_gain":0,"player_choice":"Took Portal","damage_taken":0,"max_hp_gain":0,"max_hp_loss":0,"event_name":"SecretPortal","floor":44,"gold_loss":0}],"is_beta":true,"boss_relics":[{"not_picked":["Eternal Feather","Coffee Dripper"],"picked":"Cursed Key"},{"not_picked":["Velvet Choker","Pandora\u0027s Box"],"picked":"Orrery"}],"items_purged_floors":[42],"is_endless":false,"potions_floor_spawned":[4,7,8,10,11,21,30,31,33],"ascension_level":17}