{"gold_per_floor":[114,129,129,129,148,186,205,224,279,279,298,336,361,211,211,211],"floor_reached":16,"playtime":696,"items_purged":[],"score":112,"play_id":"5e0a963b-1e9b-45ed-b31a-88c0308023db","local_time":"20190916114900","daily_mods":["Heirloom","Hoarder","Lethality"],"is_ascension_mode":false,"campfire_choices":[{"floor":10,"key":"REST"},{"floor":15,"key":"REST"}],"neow_cost":"","seed_source_timestamp":0,"circlet_count":0,"master_deck":["Strike_G","Strike_G","Strike_G","Strike_G","Strike_G","Defend_G","Defend_G","Defend_G","Defend_G","Defend_G","Survivor","Neutralize","Backstab","Backstab","Backstab","Blur","Blur","Blur"],"special_seed":18155,"relics":["Ring of the Snake","Lizard Tail","PreservedInsect","Golden Idol","Lantern","Tiny Chest","Letter Opener","Omamori","Toolbox"],"potions_floor_usage":[7,12,16],"damage_taken":[{"damage":0,"enemies":"Jaw Worm","floor":1,"turns":3},{"damage":0,"enemies":"Small Slimes","floor":2,"turns":3},{"damage":0,"enemies":"2 Louse","floor":5,"turns":2},{"damage":28,"enemies":"3 Sentries","floor":6,"turns":7},{"damage":0,"enemies":"Large Slime","floor":7,"turns":1},{"damage":0,"enemies":"2 Fungi Beasts","floor":8,"turns":1},{"damage":0,"enemies":"Red Slaver","floor":11,"turns":1},{"damage":1,"enemies":"Lagavulin","floor":12,"turns":3},{"damage":97,"enemies":"The Guardian","floor":16,"turns":15}],"seed_played":"8700848566336590006","potions_obtained":[{"floor":2,"key":"Swift Potion"},{"floor":6,"key":"Swift Potion"},{"floor":11,"key":"Regen Potion"},{"floor":12,"key":"Fire Potion"}],"is_trial":false,"path_per_floor":["M","M","?","?","M","E","M","M","T","R","M","E","T","$","R","B"],"character_chosen":"THE_SILENT","items_purchased":["Toolbox"],"campfire_rested":2,"item_purchase_floors":[14],"current_hp_per_floor":[70,70,63,46,46,18,18,18,18,39,39,38,38,38,59,0],"gold":211,"neow_bonus":"","is_prod":false,"is_daily":true,"chose_seed":false,"campfire_upgraded":0,"win_rate":0,"timestamp":1568605740,"path_taken":["M","M","?","?","M","E","M","M","T","R","M","E","?","?","R","BOSS"],"build_version":"2019-09-12","purchased_purges":0,"victory":false,"max_hp_per_floor":[70,70,70,70,70,70,70,70,70,70,70,70,70,70,70,70],"card_choices":[{"not_picked":["Slice","Infinite Blades","Prepared"],"picked":"SKIP","floor":1},{"not_picked":["Blade Dance","PiercingWail","Crippling Poison"],"picked":"SKIP","floor":2},{"not_picked":["Dagger Throw","Outmaneuver","Finisher"],"picked":"SKIP","floor":5},{"not_picked":["Masterful Stab","Leg Sweep"],"picked":"Backstab","floor":6},{"not_picked":["Underhanded Strike","Outmaneuver","Acrobatics"],"picked":"SKIP","floor":7},{"not_picked":["Setup","Deflect","Prepared"],"picked":"SKIP","floor":8},{"not_picked":["Bane","PiercingWail"],"picked":"Blur","floor":11},{"not_picked":["Noxious Fumes","Well Laid Plans","Accuracy"],"picked":"SKIP","floor":12}],"player_experience":156625,"relics_obtained":[{"floor":6,"key":"Lantern"},{"floor":9,"key":"Tiny Chest"},{"floor":12,"key":"Letter Opener"},{"floor":13,"key":"Omamori"}],"event_choices":[{"damage_healed":0,"gold_gain":0,"player_choice":"Success","damage_taken":7,"relics_obtained":["PreservedInsect"],"max_hp_gain":0,"max_hp_loss":0,"event_name":"Scrap Ooze","floor":3,"gold_loss":0},{"damage_healed":0,"gold_gain":0,"player_choice":"Take Damage","damage_taken":17,"relics_obtained":["Golden Idol"],"max_hp_gain":0,"max_hp_loss":0,"event_name":"Golden Idol","floor":4,"gold_loss":0}],"is_beta":true,"boss_relics":[],"items_purged_floors":[],"is_endless":false,"potions_floor_spawned":[2,6,11,12],"killed_by":"The Guardian","ascension_level":0}