{"gold_per_floor":[113,63,63,63,73,100,100,118,143,143,143,161,161,161,161,257,257,271,271,44,44,64,64,81,81,107,127,146,163,179,179,179,283,283,297,297,297,164,264,264,275,275,275,275],"floor_reached":44,"playtime":2269,"items_purged":["Strike_B","Creative AI"],"score":406,"play_id":"bf2cd5d0-1bdd-4647-b583-13c09451118e","local_time":"20190514104400","is_ascension_mode":false,"campfire_choices":[{"data":"Sunder","floor":7.0,"key":"SMITH"},{"data":"Zap","floor":10.0,"key":"SMITH"},{"data":"Chaos","floor":13.0,"key":"SMITH"},{"data":"Go for the Eyes","floor":15.0,"key":"SMITH"},{"data":"Dualcast","floor":23.0,"key":"SMITH"},{"data":"Redo","floor":25.0,"key":"SMITH"},{"floor":32.0,"key":"REST"},{"data":"Blind","floor":40.0,"key":"SMITH"},{"data":"Defragment","floor":42,"key":"SMITH"}],"neow_cost":"NONE","seed_source_timestamp":1415842062130100,"circlet_count":0,"master_deck":["Defend_B+1","Defend_B+1","Defend_B+1","Zap+1","Dualcast+1","Go for the Eyes+1","Sunder+1","Cold Snap","Redo+1","Melter","Leap","Doom and Gloom","Chaos+1","Cold Snap","Electrodynamics","RitualDagger","Electrodynamics","Sunder","Conserve Battery","Turbo","Capacitor","Static Discharge+1","Cold Snap+1","Multi-Cast","Machine Learning","White Noise+1","Blind+1","Defragment+1","Steam+1"],"special_seed":0,"relics":["Orrery"],"potions_floor_usage":[],"damage_taken":[{"damage":0.0,"enemies":"2 Louse","floor":1.0,"turns":2.0},{"damage":0.0,"enemies":"Small Slimes","floor":5.0,"turns":2.0},{"damage":11.0,"enemies":"3 Sentries","floor":6.0,"turns":5.0},{"damage":3.0,"enemies":"Jaw Worm","floor":8.0,"turns":2.0},{"damage":7.0,"enemies":"Exordium Thugs","floor":12.0,"turns":3.0},{"damage":32.0,"enemies":"Hexaghost","floor":16.0,"turns":8.0},{"damage":2.0,"enemies":"Shell Parasite","floor":18.0,"turns":7.0},{"damage":23.0,"enemies":"2 Thieves","floor":22.0,"turns":4.0},{"damage":8.0,"enemies":"Snake Plant","floor":24.0,"turns":4.0},{"damage":0.0,"enemies":"Cultist and Chosen","floor":27.0,"turns":4.0},{"damage":7.0,"enemies":"Centurion and Healer","floor":28.0,"turns":5.0},{"damage":0.0,"enemies":"Sentry and Sphere","floor":29.0,"turns":3.0},{"damage":8.0,"enemies":"3 Cultists","floor":30.0,"turns":3.0},{"damage":45.0,"enemies":"Automaton","floor":33.0,"turns":12.0},{"damage":7.0,"enemies":"Orb Walker","floor":35.0,"turns":4.0},{"damage":7.0,"enemies":"Mind Bloom Boss Battle","floor":39.0,"turns":9.0},{"damage":35,"enemies":"3 Darklings","floor":41,"turns":5},{"damage":35,"enemies":"Jaw Worm Horde","floor":44,"turns":2}],"seed_played":"5358969983489471762","potions_obtained":[{"floor":5.0,"key":"FearPotion"},{"floor":6.0,"key":"Fire Potion"},{"floor":12.0,"key":"Swift Potion"},{"floor":16.0,"key":"FocusPotion"},{"floor":22.0,"key":"Regen Potion"},{"floor":33.0,"key":"FocusPotion"},{"floor":35.0,"key":"SkillPotion"}],"is_trial":false,"path_per_floor":["M","?","$","?","M","E","R","M","T","R","?","M","R","?","R","B",null,"M","?","$","?","M","R","M","R","T","M","M","M","M","?","R","B",null,"M","?","?","$","?","R","M","R","T","M"],"character_chosen":"DEFECT","items_purchased":["Electrodynamics","Sunder","Defragment"],"campfire_rested":1,"item_purchase_floors":[20,20,38],"current_hp_per_floor":[75,75,75,75,75,64,64,61,61,61,66,59,59,52,52,20,80,78,72,72,72,49,49,53,53,53,53,46,46,38,38,62,17,80,73,73,73,73,66,66,31,31,31,0],"gold":275,"neow_bonus":"BOSS_RELIC","is_prod":false,"is_daily":false,"chose_seed":false,"campfire_upgraded":8,"win_rate":0,"timestamp":1557855840,"path_taken":["M","?","$","?","M","E","R","M","T","R","?","M","R","?","R","BOSS","M","?","$","?","M","R","M","R","T","M","M","M","M","?","R","BOSS","M","?","?","$","?","R","M","R","T","M"],"build_version":"2019-05-07","purchased_purges":2,"victory":false,"max_hp_per_floor":[75,75,75,75,75,75,75,75,75,75,80,80,80,80,80,80,80,80,80,80,80,80,80,80,80,80,80,80,80,80,80,80,80,80,80,80,80,80,80,80,80,80,80,80],"card_choices":[{"not_picked":["Barrage","Stack"],"picked":"Undo","floor":0.0},{"not_picked":["Gash","Skim"],"picked":"Go for the Eyes","floor":0.0},{"not_picked":["Reprogram","Genetic Algorithm"],"picked":"Sunder","floor":0.0},{"not_picked":["Capacitor","Streamline"],"picked":"Cold Snap","floor":0.0},{"not_picked":["Hello World","Stack"],"picked":"Redo","floor":0.0},{"not_picked":["Streamline","Conserve Battery"],"picked":"Melter","floor":1.0},{"not_picked":["Streamline","Scrape"],"picked":"Leap","floor":5.0},{"not_picked":["Recycle","All For One"],"picked":"Doom and Gloom","floor":6.0},{"not_picked":["Go for the Eyes","Aggregate"],"picked":"Chaos","floor":8.0},{"not_picked":["Steam","Rebound"],"picked":"Cold Snap","floor":12.0},{"not_picked":["Seek","All For One"],"picked":"Electrodynamics","floor":16.0},{"not_picked":["Heatsinks","Compile Driver","Chaos"],"picked":"SKIP","floor":18.0},{"not_picked":["Rebound","Recycle"],"picked":"Conserve Battery","floor":22.0},{"not_picked":["Leap","Reprogram"],"picked":"Turbo","floor":24.0},{"not_picked":["Double Energy","Gash"],"picked":"Capacitor","floor":27.0},{"not_picked":["Hologram","Reprogram+1","Leap"],"picked":"SKIP","floor":28.0},{"not_picked":["Steam Power","Ball Lightning"],"picked":"Static Discharge+1","floor":29.0},{"not_picked":["Hologram","Ball Lightning"],"picked":"Cold Snap+1","floor":30.0},{"not_picked":["Thunder Strike","Hyperbeam"],"picked":"Creative AI","floor":33.0},{"not_picked":["Reinforced Body","Ball Lightning+1"],"picked":"White Noise+1","floor":35.0},{"not_picked":["Mind Blast","Finesse"],"picked":"Blind","floor":36.0},{"not_picked":["Turbo+1","Sweeping Beam"],"picked":"Steam+1","floor":39.0},{"not_picked":["Streamline","Turbo","Leap"],"picked":"SKIP","floor":41}],"player_experience":3446770,"relics_obtained":[],"event_choices":[{"cards_removed":["Strike_B"],"damage_healed":0.0,"max_hp_gain":0.0,"max_hp_loss":0.0,"gold_gain":0.0,"event_name":"The Cleric","player_choice":"Card Removal","floor":2.0,"gold_loss":50.0,"damage_taken":0.0},{"damage_healed":0.0,"max_hp_gain":0.0,"max_hp_loss":0.0,"gold_gain":0.0,"event_name":"Liars Game","player_choice":"Ignored","floor":4.0,"gold_loss":0.0,"damage_taken":0.0},{"damage_healed":0.0,"max_hp_gain":5.0,"max_hp_loss":0.0,"gold_gain":0.0,"event_name":"Big Fish","player_choice":"Donut","floor":11.0,"gold_loss":0.0,"damage_taken":0.0},{"cards_removed":["Strike_B"],"damage_healed":0.0,"max_hp_gain":0.0,"max_hp_loss":0.0,"gold_gain":0.0,"event_name":"Golden Wing","player_choice":"Card Removal","floor":14.0,"gold_loss":0.0,"damage_taken":7.0},{"damage_healed":0.0,"max_hp_gain":0.0,"max_hp_loss":0.0,"gold_gain":0.0,"event_name":"Nest","player_choice":"Joined the Cult","floor":19.0,"gold_loss":0.0,"damage_taken":6.0,"cards_obtained":["RitualDagger"]},{"damage_healed":0.0,"max_hp_gain":0.0,"max_hp_loss":0.0,"gold_gain":0.0,"event_name":"Back to Basics","player_choice":"Simplicity","floor":21.0,"gold_loss":0.0,"damage_taken":0.0,"cards_upgraded":["Strike_B","Defend_B","Defend_B","Defend_B","Defend_B"]},{"damage_healed":0.0,"max_hp_gain":0.0,"max_hp_loss":0.0,"gold_gain":0.0,"cards_transformed":["Strike_B","Defend_B"],"event_name":"Drug Dealer","player_choice":"Became Test Subject","floor":31.0,"gold_loss":0.0,"damage_taken":0.0,"cards_obtained":["Multi-Cast","Machine Learning"]},{"damage_healed":0.0,"max_hp_gain":0.0,"max_hp_loss":0.0,"gold_gain":0.0,"event_name":"SensoryStone","player_choice":"Memory 1","floor":36.0,"gold_loss":0.0,"damage_taken":0.0},{"cards_removed":["Undo"],"damage_healed":0.0,"max_hp_gain":0.0,"max_hp_loss":0.0,"gold_gain":0.0,"event_name":"Falling","player_choice":"Removed Skill","floor":37.0,"gold_loss":0.0,"damage_taken":0.0},{"damage_healed":0.0,"max_hp_gain":0.0,"max_hp_loss":0.0,"gold_gain":0.0,"event_name":"MindBloom","player_choice":"Fight","floor":39.0,"gold_loss":0.0,"damage_taken":0.0}],"is_beta":true,"boss_relics":[{"not_picked":["Runic Dome","Runic Pyramid","White Beast Statue"]},{"not_picked":["Busted Crown","Lizard Tail","Cursed Key"]}],"items_purged_floors":[20,38],"is_endless":false,"potions_floor_spawned":[5,6,12,16,22,33,35],"killed_by":"Jaw Worm Horde","ascension_level":0}