{"gold_per_floor":[110,110,127,4,4,4,32,49,72,85,112,112,125,137,137,241,241,254,179,179,179,539,539,558,558,558,18,28,28,39,57,57,157,157,175,26,37,55,75,75,107,107,107,117,16,16,51,151,151,151],"floor_reached":51,"playtime":2997,"items_purged":["Strike_R","Strike_R+1"],"score":792,"play_id":"2b3908d2-2c85-4dcf-84e2-d122e431204e","local_time":"20190510231638","is_ascension_mode":false,"campfire_choices":[{"data":"Clothesline","floor":6.0,"key":"SMITH"},{"data":"Feed","floor":12.0,"key":"SMITH"},{"data":"Flame Barrier","floor":15.0,"key":"SMITH"},{"data":"Heavy Blade","floor":23.0,"key":"SMITH"},{"data":"Demon Form","floor":25.0,"key":"SMITH"},{"data":"Corruption","floor":29.0,"key":"SMITH"},{"floor":32.0,"key":"REST"},{"floor":40.0,"key":"REST"},{"floor":42,"key":"REST"},{"floor":46,"key":"REST"},{"data":"Battle Trance","floor":49,"key":"SMITH"}],"neow_cost":"NONE","seed_source_timestamp":192893132522227,"circlet_count":0,"master_deck":["Strike_R+1","Strike_R+1","Defend_R+1","Defend_R+1","Defend_R+1","Defend_R+1","Bash+1","Clothesline+1","Shrug It Off","Power Through","Heavy Blade+1","Flame Barrier+1","Feed+1","Headbutt","Demon Form+1","Body Slam","Feed","Reaper","Corruption+1","Master of Strategy","Heavy Blade","Reaper","Dark Embrace","Uppercut+1","Shockwave","Limit Break","Shrug It Off","Battle Trance+1"],"special_seed":0,"relics":["Philosopher\u0027s Stone"],"potions_floor_usage":[44,47,48,50,50],"damage_taken":[{"damage":3.0,"enemies":"Small Slimes","floor":1.0,"turns":4.0},{"damage":0.0,"enemies":"2 Louse","floor":3.0,"turns":3.0},{"damage":24.0,"enemies":"3 Sentries","floor":7.0,"turns":8.0},{"damage":0.0,"enemies":"Cultist","floor":8.0,"turns":4.0},{"damage":1.0,"enemies":"Exordium Wildlife","floor":10.0,"turns":3.0},{"damage":5.0,"enemies":"Gremlin Nob","floor":11.0,"turns":3.0},{"damage":5.0,"enemies":"3 Louse","floor":13.0,"turns":6.0},{"damage":8.0,"enemies":"Gremlin Gang","floor":14.0,"turns":4.0},{"damage":10.0,"enemies":"The Guardian","floor":16.0,"turns":10.0},{"damage":10.0,"enemies":"Chosen","floor":18.0,"turns":5.0},{"damage":0.0,"enemies":"3 Byrds","floor":24.0,"turns":6.0},{"damage":26.0,"enemies":"Centurion and Healer","floor":28.0,"turns":10.0},{"damage":6.0,"enemies":"3 Cultists","floor":30.0,"turns":6.0},{"damage":7.0,"enemies":"Snake Plant","floor":31.0,"turns":4.0},{"damage":96.0,"enemies":"Champ","floor":33.0,"turns":12.0},{"damage":11.0,"enemies":"3 Shapes","floor":35.0,"turns":5.0},{"damage":11.0,"enemies":"Orb Walker","floor":37.0,"turns":4.0},{"damage":35.0,"enemies":"Transient","floor":38.0,"turns":5.0},{"damage":83.0,"enemies":"3 Darklings","floor":39.0,"turns":11.0},{"damage":78.0,"enemies":"Reptomancer","floor":41.0,"turns":9.0},{"damage":39,"enemies":"4 Shapes","floor":44,"turns":6},{"damage":28,"enemies":"Nemesis","floor":47,"turns":7},{"damage":28,"enemies":"Mind Bloom Boss Battle","floor":48,"turns":5},{"damage":59,"enemies":"Time Eater","floor":50,"turns":7}],"seed_played":"6128397375949612261","potions_obtained":[{"floor":1.0,"key":"Swift Potion"},{"floor":10.0,"key":"Poison Potion"},{"floor":13.0,"key":"SneckoOil"},{"floor":14.0,"key":"Fire Potion"},{"floor":31.0,"key":"Energy Potion"},{"floor":33.0,"key":"FearPotion"},{"floor":37.0,"key":"SkillPotion"},{"floor":39.0,"key":"Explosive Potion"},{"floor":44,"key":"PowerPotion"},{"floor":48,"key":"GamblersBrew"}],"is_trial":false,"path_per_floor":["M","?","M","$","?","R","E","M","T","M","E","R","M","M","R","B",null,"M","?","T","?","?","R","M","R","T","$","M","R","M","M","R","B",null,"M","$","M","M","M","R","E","R","T","M","$","R","E","?","R","B",null],"character_chosen":"IRONCLAD","items_purchased":["Fire Potion","Feed","Reaper","Corruption","Master of Strategy","Block Potion","Energy Potion","Block Potion"],"campfire_rested":4,"item_purchase_floors":[4,27,27,27,27,36,45,45],"current_hp_per_floor":[77,77,77,77,77,77,53,53,53,52,47,47,46,42,42,36,92,86,86,86,86,41,41,45,45,45,45,50,50,61,57,92,47,121,127,127,120,95,32,71,23,63,63,76,76,116,136,112,112,86],"gold":151,"neow_bonus":"BOSS_RELIC","is_prod":false,"is_daily":false,"chose_seed":false,"campfire_upgraded":7,"win_rate":0,"timestamp":1557522998,"path_taken":["M","?","M","$","?","R","E","M","T","M","E","R","M","M","R","BOSS","M","?","?","?","?","R","M","R","T","$","M","R","M","M","R","BOSS","M","$","M","M","?","R","E","R","T","M","$","R","E","?","R","BOSS"],"build_version":"2019-05-07","purchased_purges":2,"victory":true,"max_hp_per_floor":[80,80,80,80,80,80,80,80,80,80,80,80,84,88,88,92,92,96,96,96,96,96,96,100,100,100,100,107,107,114,117,117,121,121,128,128,132,132,132,132,136,136,136,136,136,136,136,140,140,140],"card_choices":[{"not_picked":["Sentinel","Battle Trance"],"picked":"Clothesline","floor":1.0},{"not_picked":["Clothesline","Power Through"],"picked":"Shrug It Off","floor":3.0},{"not_picked":["Heavy Blade","True Grit"],"picked":"Power Through","floor":7.0},{"not_picked":["Whirlwind","Clash"],"picked":"Heavy Blade","floor":8.0},{"not_picked":["Clash","Burning Pact"],"picked":"Flame Barrier","floor":10.0},{"not_picked":["Warcry","Inflame"],"picked":"Feed","floor":11.0},{"not_picked":["Armaments","Shrug It Off"],"picked":"Headbutt","floor":13.0},{"not_picked":["Havoc","Second Wind","Headbutt"],"picked":"SKIP","floor":14.0},{"not_picked":["Bludgeon","Reaper"],"picked":"Demon Form","floor":16.0},{"not_picked":["Clothesline","Perfected Strike","Havoc+1"],"picked":"SKIP","floor":18.0},{"not_picked":["Reckless Charge","Thunderclap"],"picked":"Body Slam","floor":24.0},{"not_picked":["Armaments","Sword Boomerang"],"picked":"Heavy Blade","floor":28.0},{"not_picked":["Carnage","Clash+1"],"picked":"Reaper","floor":30.0},{"not_picked":["Thunderclap","Wild Strike","Iron Wave+1"],"picked":"SKIP","floor":31.0},{"not_picked":["Immolate","Berserk"],"picked":"Dark Embrace","floor":33.0},{"not_picked":["Sword Boomerang","Heavy Blade"],"picked":"Uppercut+1","floor":35.0},{"not_picked":["Power Through","Perfected Strike+1"],"picked":"Shockwave","floor":37.0},{"not_picked":["Sword Boomerang+1","Shrug It Off+1"],"picked":"Limit Break","floor":38.0},{"not_picked":["Pommel Strike","Pummel+1"],"picked":"Shrug It Off","floor":39.0},{"not_picked":["Havoc+1","Perfected Strike+1","Carnage+1"],"picked":"SKIP","floor":41},{"not_picked":["Twin Strike+1","Shockwave","Pommel Strike"],"picked":"SKIP","floor":44},{"not_picked":["Exhume","Thunderclap","Sword Boomerang"],"picked":"SKIP","floor":47},{"not_picked":["Body Slam","Shrug It Off"],"picked":"Battle Trance","floor":48}],"player_experience":570173,"relics_obtained":[],"event_choices":[{"damage_healed":0.0,"max_hp_gain":0.0,"max_hp_loss":0.0,"gold_gain":0.0,"event_name":"Scrap Ooze","player_choice":"Fled","floor":2.0,"gold_loss":0.0,"damage_taken":0.0},{"damage_healed":0.0,"max_hp_gain":0.0,"max_hp_loss":0.0,"gold_gain":0.0,"event_name":"Upgrade Shrine","player_choice":"Upgraded","floor":5.0,"gold_loss":0.0,"damage_taken":0.0,"cards_upgraded":["Bash"]},{"cards_removed":["Strike_R"],"damage_healed":0.0,"max_hp_gain":0.0,"max_hp_loss":0.0,"gold_gain":0.0,"event_name":"Beggar","player_choice":"Gave Gold","floor":19.0,"gold_loss":75.0,"damage_taken":0.0},{"damage_healed":0.0,"max_hp_gain":0.0,"max_hp_loss":0.0,"gold_gain":0.0,"event_name":"Back to Basics","player_choice":"Simplicity","floor":21.0,"gold_loss":0.0,"damage_taken":0.0,"cards_upgraded":["Strike_R","Strike_R","Strike_R","Defend_R","Defend_R","Defend_R","Defend_R"]},{"damage_healed":0.0,"max_hp_gain":0.0,"max_hp_loss":0.0,"gold_gain":360.0,"event_name":"Knowing Skull","player_choice":"GOLD GOLD GOLD GOLD ","floor":22.0,"potions_obtained":[],"gold_loss":0.0,"damage_taken":45.0,"cards_obtained":[]},{"damage_healed":0,"gold_gain":0,"player_choice":"Fight","damage_taken":0,"max_hp_gain":0,"max_hp_loss":0,"event_name":"MindBloom","floor":48,"gold_loss":0}],"is_beta":true,"boss_relics":[{"not_picked":[]},{"not_picked":[]}],"items_purged_floors":[4,36],"is_endless":false,"potions_floor_spawned":[1,10,13,14,31,33,37,39,44,48],"ascension_level":0}