{"gold_per_floor":[115,126,146,45,45,45,45,57,104,104,138,138,166,185,185,283,333,351,221,320,13,23,23,23,23,101,101,119,153,153,183,183,287,287,298,4,4,21,39,39,66,84,84,116,116,149,149,0,0,0],"floor_reached":51,"playtime":3344,"items_purged":["Strike_G","Strike_G"],"score":1294,"play_id":"18abd128-8b97-487c-9a0b-04b51f15b4fd","local_time":"20190328192258","is_ascension_mode":true,"campfire_choices":[{"data":"Noxious Fumes","floor":7,"key":"SMITH"},{"data":"Deadly Poison","floor":10,"key":"SMITH"},{"data":"Survivor","floor":12,"key":"SMITH"},{"floor":15,"key":"REST"},{"floor":23,"key":"REST"},{"data":"Catalyst","floor":27,"key":"SMITH"},{"data":"Dark Shackles","floor":30,"key":"SMITH"},{"floor":32,"key":"REST"},{"data":"After Image","floor":40,"key":"SMITH"},{"floor":45,"key":"REST"},{"data":"Sadistic Nature","floor":47,"key":"SMITH"},{"floor":49,"key":"REST"}],"neow_cost":"NONE","seed_source_timestamp":23061023825695,"circlet_count":0,"master_deck":["AscendersBane","Defend_G+1","Defend_G","Defend_G","Defend_G","Defend_G","Strike_G","Strike_G","Survivor+1","Neutralize+1","Cloak And Dagger","Predator","Noxious Fumes+1","Backflip","Deadly Poison+1","Envenom+1","Crippling Poison+1","Corpse Explosion","Well Laid Plans","Catalyst+1","Dark Shackles+1","Sadistic Nature+1","Noxious Fumes","Dodge and Roll","Calculated Gamble","Poisoned Stab+1","Well Laid Plans","After Image+1","PiercingWail+1","Skewer","Caltrops","Parasite","Dodge and Roll+1","Noxious Fumes","A Thousand Cuts","Acrobatics+1"],"relics":["Ring of the Snake","Blood Vial","Centennial Puzzle","Tingsha","Tiny House","Letter Opener","Anchor","Mummified Hand","Sozu","PreservedInsect","Snake Skull","Bag of Preparation","Smiling Mask","War Paint","Thread and Needle","Red Mask"],"potions_floor_usage":[11,16,16,31,33,41,41],"damage_taken":[{"damage":0,"enemies":"Cultist","floor":1,"turns":5},{"damage":3,"enemies":"Small Slimes","floor":2,"turns":4},{"damage":0,"enemies":"2 Louse","floor":3,"turns":2},{"damage":9,"enemies":"Blue Slaver","floor":8,"turns":4},{"damage":20,"enemies":"Gremlin Nob","floor":11,"turns":5},{"damage":13,"enemies":"Lagavulin","floor":13,"turns":6},{"damage":3,"enemies":"Large Slime","floor":14,"turns":4},{"damage":0,"enemies":"Hexaghost","floor":16,"turns":9},{"damage":16,"enemies":"Spheric Guardian","floor":18,"turns":4},{"damage":38,"enemies":"2 Thieves","floor":22,"turns":3},{"damage":8,"enemies":"Sentry and Sphere","floor":28,"turns":3},{"damage":21,"enemies":"Gremlin Leader","floor":29,"turns":5},{"damage":12,"enemies":"Book of Stabbing","floor":31,"turns":5},{"damage":55,"enemies":"Collector","floor":33,"turns":9},{"damage":0,"enemies":"Orb Walker","floor":35,"turns":3},{"damage":0,"enemies":"3 Shapes","floor":38,"turns":2},{"damage":18,"enemies":"Writhing Mass","floor":39,"turns":4},{"damage":4,"enemies":"Giant Head","floor":41,"turns":6},{"damage":10,"enemies":"3 Darklings","floor":42,"turns":4},{"damage":20,"enemies":"Reptomancer","floor":44,"turns":4},{"damage":0,"enemies":"Giant Head","floor":46,"turns":5},{"damage":33,"enemies":"Time Eater","floor":50,"turns":7}],"seed_played":"-1538094388109601571","potions_obtained":[{"floor":3,"key":"Weak Potion"},{"floor":11,"key":"GhostInAJar"},{"floor":13,"key":"Swift Potion"},{"floor":14,"key":"Explosive Potion"},{"floor":17,"key":"Strength Potion"},{"floor":28,"key":"GhostInAJar"},{"floor":29,"key":"Dexterity Potion"},{"floor":31,"key":"SteroidPotion"},{"floor":33,"key":"SteroidPotion"}],"is_trial":false,"path_per_floor":["M","M","M","$","?","?","R","M","T","R","E","R","E","M","R","B",null,"M","$","?","$","M","R","?","?","T","R","M","E","R","E","R","B",null,"M","$","?","M","M","R","E","M","T","E","R","E","R","?","R","B",null],"character_chosen":"THE_SILENT","items_purchased":["Noxious Fumes","Backflip","Catalyst","Dark Shackles","Sadistic Nature","Noxious Fumes","PreservedInsect","Skewer"],"campfire_rested":5,"item_purchase_floors":[4,4,19,19,21,21,36,36],"current_hp_per_floor":[63,60,60,60,60,53,53,44,44,44,26,26,15,14,35,37,67,53,53,53,53,17,39,25,80,80,80,72,53,53,43,67,14,64,66,66,66,68,52,52,50,42,42,24,48,50,50,50,74,43],"gold":0,"neow_bonus":"UPGRADE_CARD","is_prod":false,"is_daily":false,"chose_seed":false,"campfire_upgraded":7,"win_rate":0,"timestamp":1553797378,"path_taken":["M","M","?","$","?","?","R","M","T","R","E","R","E","M","R","BOSS","M","$","?","$","M","R","?","?","T","R","?","E","R","E","R","BOSS","M","?","?","M","M","R","E","?","T","E","R","E","R","?","R","BOSS"],"build_version":"2019-03-15","purchased_purges":2,"victory":true,"max_hp_per_floor":[70,70,70,70,70,70,70,70,70,70,70,70,70,70,70,70,75,75,75,75,75,75,75,80,80,80,80,80,80,80,80,80,80,80,80,80,80,80,80,80,80,80,80,80,80,80,80,80,80,80],"card_choices":[{"not_picked":["Quick Slash","Flying Knee"],"picked":"Cloak And Dagger","floor":1},{"not_picked":["Setup","Expertise"],"picked":"Predator","floor":2},{"not_picked":["Sucker Punch","Catalyst","Bane"],"picked":"SKIP","floor":3},{"not_picked":["Concentrate","Dagger Spray"],"picked":"Deadly Poison","floor":8},{"not_picked":["Acrobatics","Underhanded Strike","Cloak And Dagger"],"picked":"SKIP","floor":11},{"not_picked":["Storm of Steel","PiercingWail"],"picked":"Envenom","floor":13},{"not_picked":["Deadly Poison","Infinite Blades"],"picked":"Crippling Poison","floor":14},{"not_picked":["Unload","Wraith Form v2"],"picked":"Corpse Explosion","floor":16},{"not_picked":["Blade Dance","Dagger Spray"],"picked":"Well Laid Plans","floor":17},{"not_picked":["Quick Slash","Flying Knee"],"picked":"Caltrops","floor":18},{"not_picked":["Prepared","Tactician"],"picked":"Dodge and Roll","floor":22},{"not_picked":["Bane+1","Sucker Punch"],"picked":"Calculated Gamble","floor":28},{"not_picked":["Predator","PiercingWail"],"picked":"Poisoned Stab+1","floor":29},{"not_picked":["Quick Slash","Terror"],"picked":"Well Laid Plans","floor":31},{"not_picked":["Venomology","A Thousand Cuts"],"picked":"After Image","floor":33},{"not_picked":["Deadly Poison+1","Deflect+1"],"picked":"PiercingWail+1","floor":35},{"not_picked":["Backflip","Prepared"],"picked":"Caltrops","floor":38},{"not_picked":["Poisoned Stab","Bouncing Flask+1"],"picked":"Dodge and Roll+1","floor":39},{"not_picked":["Expertise+1","Accuracy"],"picked":"Noxious Fumes","floor":41},{"not_picked":["Deadly Poison","All Out Attack+1"],"picked":"A Thousand Cuts","floor":42},{"not_picked":["All Out Attack","Dagger Throw"],"picked":"Acrobatics+1","floor":44},{"not_picked":["Quick Slash+1","Dagger Throw+1","Flying Knee"],"picked":"SKIP","floor":46}],"player_experience":400636,"relics_obtained":[{"floor":9,"key":"Blood Vial"},{"floor":11,"key":"Centennial Puzzle"},{"floor":13,"key":"Tingsha"},{"floor":26,"key":"Letter Opener"},{"floor":29,"key":"Anchor"},{"floor":31,"key":"Mummified Hand"},{"floor":41,"key":"Bag of Preparation"},{"floor":43,"key":"Smiling Mask"},{"floor":44,"key":"War Paint"},{"floor":46,"key":"Thread and Needle"}],"event_choices":[{"damage_healed":0,"gold_gain":0,"player_choice":"Ignored","damage_taken":0,"max_hp_gain":0,"max_hp_loss":0,"event_name":"Liars Game","floor":5,"gold_loss":0},{"cards_removed":["Strike_G"],"damage_healed":0,"gold_gain":0,"player_choice":"Card Removal","damage_taken":7,"max_hp_gain":0,"max_hp_loss":0,"event_name":"Golden Wing","floor":6,"gold_loss":0},{"damage_healed":0,"gold_gain":99,"player_choice":"Stole From Cult","damage_taken":0,"max_hp_gain":0,"max_hp_loss":0,"event_name":"Nest","floor":20,"gold_loss":0},{"damage_healed":0,"gold_gain":0,"player_choice":"Shed Blood","damage_taken":19,"max_hp_gain":5,"max_hp_loss":0,"event_name":"Forgotten Altar","floor":24,"gold_loss":0},{"cards_removed":["Caltrops"],"damage_healed":55,"gold_gain":0,"player_choice":"Offered Uncommon","damage_taken":0,"max_hp_gain":0,"max_hp_loss":0,"event_name":"Bonfire Elementals","floor":25,"gold_loss":0},{"damage_healed":0,"gold_gain":0,"player_choice":"Gave Potion","damage_taken":0,"relics_obtained":["Snake Skull"],"max_hp_gain":0,"max_hp_loss":0,"event_name":"WeMeetAgain","floor":37,"gold_loss":0},{"damage_healed":0,"gold_gain":0,"player_choice":"Paid","damage_taken":0,"relics_obtained":["Red Mask"],"max_hp_gain":0,"max_hp_loss":0,"event_name":"Tomb of Lord Red Mask","floor":48,"gold_loss":149}],"is_beta":true,"boss_relics":[{"not_picked":["Empty Cage","WristBlade"],"picked":"Tiny House"},{"not_picked":["Coffee Dripper","White Beast Statue"],"picked":"Sozu"}],"items_purged_floors":[21,36],"is_endless":false,"potions_floor_spawned":[3,11,13,14,28,29,31,33,38,46],"ascension_level":10}