{"gold_per_floor":[410,380,400,416,25,55,55,86,158,131,149,149,13,30,30,107,157,172,191,191,16,26,26,43,43,43,43,43,55,85,0,0,0],"floor_reached":33,"playtime":2268,"items_purged":["Strike_G"],"score":554,"play_id":"95d07288-15f6-44af-9a3c-d82cbe9e4e98","local_time":"20190318101215","is_ascension_mode":true,"campfire_choices":[{"floor":7.0,"key":"REST"},{"floor":12,"key":"REST"},{"data":"Noxious Fumes","floor":15,"key":"SMITH"},{"floor":23,"key":"REST"},{"floor":25,"key":"REST"},{"data":"Calculated Gamble","floor":32,"key":"SMITH"}],"neow_cost":"PERCENT_DAMAGE","seed_source_timestamp":2857795818494,"circlet_count":0,"master_deck":["AscendersBane","Defend_G","Defend_G","Defend_G+1","Defend_G","Defend_G+1","Strike_G","Strike_G","Strike_G+1","Strike_G","Survivor","Neutralize","Dagger Spray","Noxious Fumes+1","Poisoned Stab","Calculated Gamble","Calculated Gamble+1","After Image","Skewer","Storm of Steel","Backstab","PiercingWail","Noxious Fumes+1","Prepared","Ghostly","Ghostly","Ghostly","Reflex"],"special_seed":0,"relics":["Ring of the Snake","Old Coin","Membership Card","War Paint","Potion Belt","Tough Bandages","Lantern","Question Card","Tiny House","MealTicket","Incense Burner","Happy Flower"],"potions_floor_usage":[16,19,20,20,22,30,33,33,33],"damage_taken":[{"damage":0.0,"enemies":"2 Louse","floor":1.0,"turns":4.0},{"damage":3.0,"enemies":"Cultist","floor":3.0,"turns":5.0},{"damage":4.0,"enemies":"Jaw Worm","floor":4.0,"turns":4.0},{"damage":28.0,"enemies":"Gremlin Nob","floor":6.0,"turns":4.0},{"damage":14.0,"enemies":"Lagavulin","floor":8.0,"turns":7.0},{"damage":0.0,"enemies":"Exordium Thugs","floor":10.0,"turns":4.0},{"damage":2,"enemies":"Exordium Wildlife","floor":11,"turns":4},{"damage":10,"enemies":"Large Slime","floor":14,"turns":6},{"damage":4,"enemies":"Hexaghost","floor":16,"turns":10},{"damage":9,"enemies":"Shell Parasite","floor":18,"turns":10},{"damage":24,"enemies":"Chosen","floor":19,"turns":4},{"damage":12,"enemies":"Colosseum Slavers","floor":20,"turns":5},{"damage":3,"enemies":"Shelled Parasite and Fungi","floor":22,"turns":5},{"damage":28,"enemies":"Cultist and Chosen","floor":24,"turns":8},{"damage":14,"enemies":"Snecko","floor":29,"turns":8},{"damage":10,"enemies":"Gremlin Leader","floor":30,"turns":8},{"damage":32,"enemies":"Champ","floor":33,"turns":13}],"seed_played":"-4700644815300681669","potions_obtained":[{"floor":1.0,"key":"PowerPotion"},{"floor":2.0,"key":"Fire Potion"},{"floor":10.0,"key":"SpeedPotion"},{"floor":14,"key":"PowerPotion"},{"floor":17,"key":"SteroidPotion"},{"floor":18,"key":"EssenceOfSteel"},{"floor":24,"key":"EssenceOfSteel"},{"floor":30,"key":"AttackPotion"}],"is_trial":false,"path_per_floor":["M","?","M","M","$","E","R","E","T","M","M","R","$","M","R","B",null,"M","M","?","$","M","R","M","R","T","?","?","M","E","$","R","B"],"character_chosen":"THE_SILENT","items_purchased":["Membership Card","War Paint","Potion Belt","Question Card","MealTicket","Fire Potion","GhostInAJar","EssenceOfSteel"],"campfire_rested":4,"item_purchase_floors":[5,5,5,13,21,21,31,31],"current_hp_per_floor":[44,44,41,37,37,9,28,14,14,14,12,31,31,21,21,17,59,50,26,14,14,11,32,4,25,25,25,25,11,1,16,16,0],"gold":0,"neow_bonus":"ONE_RARE_RELIC","is_prod":false,"is_daily":false,"chose_seed":false,"campfire_upgraded":2,"win_rate":0,"timestamp":1552918335,"path_taken":["M","?","M","M","$","E","R","E","T","?","?","R","$","M","R","BOSS","M","M","?","$","M","R","M","R","T","?","?","M","E","$","R","BOSS"],"build_version":"2019-01-23","purchased_purges":1,"victory":false,"max_hp_per_floor":[66,66,66,66,66,66,66,66,66,66,66,66,66,66,66,66,71,71,71,71,71,71,71,71,71,71,35,35,35,35,35,35,35],"card_choices":[{"not_picked":["Riddle With Holes","Quick Slash"],"picked":"Dagger Spray","floor":1.0},{"not_picked":["Blur","Reflex"],"picked":"Noxious Fumes","floor":3.0},{"not_picked":["Masterful Stab","Sucker Punch"],"picked":"Poisoned Stab","floor":4.0},{"not_picked":["Dagger Spray","Bane"],"picked":"Calculated Gamble","floor":6.0},{"not_picked":["Backflip","Flying Knee","Acrobatics"],"picked":"SKIP","floor":8.0},{"not_picked":["Sucker Punch","Outmaneuver"],"picked":"Calculated Gamble","floor":10.0},{"not_picked":["Prepared","All Out Attack"],"picked":"After Image","floor":11},{"not_picked":["Dodge and Roll","Deflect","Dash"],"picked":"Skewer","floor":14},{"not_picked":["Unload","After Image","Venomology"],"picked":"Storm of Steel","floor":16},{"not_picked":["PiercingWail","Escape Plan","Caltrops"],"picked":"Backstab","floor":17},{"not_picked":["Backflip","Blur","Outmaneuver"],"picked":"PiercingWail","floor":18},{"not_picked":["Bouncing Flask","Sucker Punch","Quick Slash"],"picked":"Noxious Fumes+1","floor":19},{"not_picked":["Bane","Underhanded Strike","Dagger Spray","Dagger Throw+1"],"picked":"SKIP","floor":22},{"not_picked":["Concentrate","Endless Agony","Riddle With Holes"],"picked":"Prepared","floor":24},{"not_picked":["Dagger Throw","Dagger Spray","Acrobatics"],"picked":"Reflex","floor":29},{"not_picked":["Deadly Poison","Finisher","Dagger Spray","Skewer"],"picked":"SKIP","floor":30}],"player_experience":415025,"relics_obtained":[{"floor":6.0,"key":"Tough Bandages"},{"floor":8.0,"key":"Lantern"},{"floor":26,"key":"Incense Burner"},{"floor":30,"key":"Happy Flower"}],"event_choices":[{"damage_healed":0.0,"max_hp_gain":0.0,"max_hp_loss":0.0,"gold_gain":0.0,"event_name":"The Woman in Blue","player_choice":"Bought 2 Potions","floor":2.0,"gold_loss":0.0,"damage_taken":0.0},{"damage_healed":0,"gold_gain":0,"player_choice":"Fight","damage_taken":0,"max_hp_gain":0,"max_hp_loss":0,"event_name":"Colosseum","floor":20,"gold_loss":0},{"damage_healed":0,"gold_gain":0,"player_choice":"Fled From Nobs","damage_taken":0,"max_hp_gain":0,"max_hp_loss":0,"event_name":"Colosseum","floor":20,"gold_loss":0},{"damage_healed":0,"gold_gain":0,"player_choice":"Became a Ghost","damage_taken":0,"max_hp_gain":0,"max_hp_loss":36,"event_name":"Ghosts","floor":27,"gold_loss":0,"cards_obtained":["Ghostly","Ghostly","Ghostly"]},{"damage_healed":0,"gold_gain":0,"player_choice":"Ignored","damage_taken":0,"max_hp_gain":0,"max_hp_loss":0,"event_name":"Beggar","floor":28,"gold_loss":0}],"is_beta":false,"boss_relics":[{"not_picked":["Philosopher\u0027s Stone","Coffee Dripper"],"picked":"Tiny House"}],"items_purged_floors":[21],"is_endless":false,"potions_floor_spawned":[1,4,10,14,18,24,30],"killed_by":"Champ","ascension_level":20}