{"gold_per_floor":[363,383,18,36,36,36,66,86,86,103,103,35,35,35,35,130,130,150,160,160,4,4,32,52,81,132,161,261,272,288,300,300,403,403,415,428,83,95,195,220,220,248,248,275,16,26,55,69,69,69,69,69,17,45,45],"floor_reached":55,"playtime":5041,"items_purged":["Writhe","Defend_G"],"score":947,"play_id":"2f2290dc-2f1c-416d-8182-c1e749054029","local_time":"20190914123429","is_ascension_mode":false,"campfire_choices":[{"floor":6.0,"key":"REST"},{"floor":11.0,"key":"DIG"},{"floor":13.0,"key":"RECALL"},{"floor":15.0,"key":"REST"},{"floor":32.0,"key":"DIG"},{"data":"1","floor":41,"key":"LIFT"},{"floor":49,"key":"DIG"},{"data":"2","floor":52,"key":"LIFT"}],"neow_cost":"CURSE","seed_source_timestamp":0,"circlet_count":0,"master_deck":["Defend_G","Defend_G","Defend_G","Defend_G","Survivor","Neutralize","Riddle With Holes","Quick Slash","Cloak And Dagger+1","Dagger Spray","Finisher","Blade Dance+1","Blade Dance+1","Accuracy+1","Adrenaline+1","Riddle With Holes","Choke+1","Infinite Blades","Bite","Bite","Bite","Bite","Bite","Dash","Tools of the Trade+1","Tactician+1","Prepared+1","Calculated Gamble+1","Corpse Explosion+1","Outmaneuver+1","Cloak And Dagger+1"],"special_seed":0,"relics":["Ring of the Snake","Toxic Egg 2","Shovel","Shuriken","Meat on the Bone","WingedGreaves","Fusion Hammer","Orichalcum","White Beast Statue","Darkstone Periapt","Matryoshka","The Specimen","Frozen Egg 2","Lantern","Runic Pyramid","Singing Bowl","Girya","Molten Egg 2","Bottled Tornado","Happy Flower","Ninja Scroll","Eternal Feather","Mummified Hand","Sundial","Blood Vial","Letter Opener"],"potions_floor_usage":[35,35,38,39,40,47,50,50,54,55,55],"damage_taken":[{"damage":5.0,"enemies":"Jaw Worm","floor":1.0,"turns":5.0},{"damage":2.0,"enemies":"Small Slimes","floor":2.0,"turns":4.0},{"damage":2.0,"enemies":"2 Louse","floor":4.0,"turns":3.0},{"damage":20.0,"enemies":"3 Sentries","floor":7.0,"turns":9.0},{"damage":7.0,"enemies":"Looter","floor":8.0,"turns":2.0},{"damage":0.0,"enemies":"Exordium Thugs","floor":10.0,"turns":2.0},{"damage":25.0,"enemies":"Hexaghost","floor":16.0,"turns":5.0},{"damage":0.0,"enemies":"3 Byrds","floor":18.0,"turns":2.0},{"damage":2.0,"enemies":"Shell Parasite","floor":19.0,"turns":3.0},{"damage":14.0,"enemies":"Gremlin Leader","floor":23.0,"turns":5.0},{"damage":16.0,"enemies":"Shelled Parasite and Fungi","floor":24.0,"turns":4.0},{"damage":7.0,"enemies":"Book of Stabbing","floor":25.0,"turns":3.0},{"damage":6.0,"enemies":"Slavers","floor":27.0,"turns":2.0},{"damage":5.0,"enemies":"Colosseum Slavers","floor":28.0,"turns":3.0},{"damage":1.0,"enemies":"Colosseum Nobs","floor":28.0,"turns":3.0},{"damage":5.0,"enemies":"Sentry and Sphere","floor":29.0,"turns":3.0},{"damage":0.0,"enemies":"Snecko","floor":30.0,"turns":2.0},{"damage":4.0,"enemies":"Chosen and Byrds","floor":31.0,"turns":3.0},{"damage":10.0,"enemies":"Champ","floor":33.0,"turns":5.0},{"damage":20,"enemies":"3 Shapes","floor":35,"turns":4},{"damage":0,"enemies":"Orb Walker","floor":36,"turns":2},{"damage":5,"enemies":"Maw","floor":38,"turns":6},{"damage":11,"enemies":"Mind Bloom Boss Battle","floor":39,"turns":5},{"damage":23,"enemies":"Nemesis","floor":40,"turns":5},{"damage":0,"enemies":"Reptomancer","floor":42,"turns":2},{"damage":0,"enemies":"Giant Head","floor":44,"turns":3},{"damage":0,"enemies":"Transient","floor":46,"turns":5},{"damage":7,"enemies":"Reptomancer","floor":47,"turns":4},{"damage":0,"enemies":"Spire Growth","floor":48,"turns":2},{"damage":20,"enemies":"Donu and Deca","floor":50,"turns":4},{"damage":14,"enemies":"Shield and Spear","floor":54,"turns":4},{"damage":84,"enemies":"The Heart","floor":55,"turns":3}],"seed_played":"-6784516353664962168","potions_obtained":[{"floor":1.0,"key":"Swift Potion"},{"floor":2.0,"key":"PowerPotion"},{"floor":7.0,"key":"Energy Potion"},{"floor":18.0,"key":"Regen Potion"},{"floor":24.0,"key":"SkillPotion"},{"floor":25.0,"key":"Explosive Potion"},{"floor":27.0,"key":"Swift Potion"},{"floor":28.0,"key":"SpeedPotion"},{"floor":29.0,"key":"Poison Potion"},{"floor":30.0,"key":"DuplicationPotion"},{"floor":31.0,"key":"Swift Potion"},{"floor":33.0,"key":"Poison Potion"},{"floor":35,"key":"Fire Potion"},{"floor":36,"key":"SpeedPotion"},{"floor":38,"key":"AttackPotion"},{"floor":39,"key":"GamblersBrew"},{"floor":40,"key":"GhostInAJar"},{"floor":42,"key":"Poison Potion"},{"floor":44,"key":"Energy Potion"},{"floor":47,"key":"Swift Potion"},{"floor":54,"key":"EssenceOfSteel"}],"is_trial":false,"path_per_floor":["M","M","$","M","?","R","E","M","T","M","R","$","R","?","R","B",null,"M","M","?","$","?","E","M","E","T","E","?","M","M","M","R","B",null,"M","M","$","M","?","E","R","E","T","E","$","M","E","M","R","B",null,"R","$","E","B"],"character_chosen":"THE_SILENT","items_purchased":["Toxic Egg 2","Cloak And Dagger+1","Accuracy","Orichalcum","Singing Bowl","Mummified Hand","Weak Potion"],"campfire_rested":2,"item_purchase_floors":[3,3,12,21,37,45,53],"current_hp_per_floor":[65,63,63,61,49,70,50,43,43,43,43,43,43,43,64,39,70,70,68,68,68,49,46,35,32,32,26,40,39,43,45,45,39,49,35,37,37,42,41,36,36,36,36,40,40,52,54,56,57,39,57,57,57,47,0],"gold":45,"neow_bonus":"TWO_FIFTY_GOLD","is_prod":false,"is_daily":false,"chose_seed":false,"campfire_upgraded":0,"win_rate":0,"timestamp":1568435669,"path_taken":["M","M","$","M","?","R","E","M","T","M","R","$","R","?","R","BOSS","M","M","?","$","?","E","M","E","T","E","?","M","M","M","R","BOSS","M","M","$","M","?","E","R","E","T","E","$","M","E","M","R","BOSS","R","$","E","BOSS"],"build_version":"2019-09-12","purchased_purges":2,"victory":false,"max_hp_per_floor":[70,70,70,70,70,70,70,70,70,70,70,70,70,70,70,70,70,70,70,70,70,49,49,49,49,49,49,49,49,49,49,49,49,49,49,49,49,49,51,51,51,51,51,53,53,53,55,57,57,57,57,57,57,57,57],"card_choices":[{"not_picked":["Infinite Blades","PiercingWail"],"picked":"Riddle With Holes","floor":1.0},{"not_picked":["Acrobatics","Backstab"],"picked":"Quick Slash","floor":2.0},{"not_picked":["Caltrops","All Out Attack"],"picked":"Dagger Spray","floor":4.0},{"not_picked":["Tactician+1","Acrobatics+1"],"picked":"Finisher","floor":7.0},{"not_picked":["Deadly Poison+1","Calculated Gamble+1"],"picked":"Blade Dance+1","floor":8.0},{"not_picked":["Dodge and Roll+1","Tactician+1"],"picked":"Blade Dance+1","floor":10.0},{"not_picked":["Venomology+1","Night Terror+1"],"picked":"Adrenaline+1","floor":16.0},{"not_picked":["Deadly Poison+1","Distraction+1"],"picked":"Riddle With Holes","floor":18.0},{"not_picked":["Masterful Stab+1","Blade Dance+1"],"picked":"Choke+1","floor":19.0},{"not_picked":["Dodge and Roll+1","Heel Hook","Underhanded Strike"],"picked":"SKIP","floor":23.0},{"not_picked":["Endless Agony+1","PiercingWail+1","Dagger Throw"],"picked":"SKIP","floor":24.0},{"not_picked":["Prepared+1","Acrobatics+1"],"picked":"Dash","floor":25.0},{"not_picked":["Caltrops","Finisher","Choke"],"picked":"SKIP","floor":27.0},{"not_picked":["Distraction+1","Bane+1","Dagger Throw"],"picked":"SKIP","floor":29.0},{"not_picked":["Bane","Prepared+1","Underhanded Strike"],"picked":"SKIP","floor":30.0},{"not_picked":["Flying Knee+1","Acrobatics+1","Quick Slash"],"picked":"SKIP","floor":31.0},{"not_picked":["Wraith Form v2+1","Unload"],"picked":"Tools of the Trade+1","floor":33.0},{"not_picked":["Backflip+1","Deadly Poison+1"],"picked":"Tactician+1","floor":35},{"not_picked":["Backflip+1","Outmaneuver+1","Terror+1"],"picked":"SKIP","floor":36},{"not_picked":["Catalyst+1","PiercingWail+1"],"picked":"Prepared+1","floor":38},{"not_picked":["Noxious Fumes+1","Well Laid Plans+1","Bane+1"],"picked":"Singing Bowl","floor":39},{"not_picked":["Eviscerate+1","Flechettes"],"picked":"Calculated Gamble+1","floor":40},{"not_picked":["Reflex+1","Deadly Poison+1"],"picked":"Corpse Explosion+1","floor":42},{"not_picked":["PiercingWail+1","Flying Knee+1","Flechettes+1"],"picked":"Singing Bowl","floor":44},{"not_picked":["Predator+1","Eviscerate+1"],"picked":"Outmaneuver+1","floor":46},{"not_picked":["PiercingWail+1","Deflect+1","All Out Attack+1"],"picked":"Singing Bowl","floor":47},{"not_picked":["Acrobatics+1","Masterful Stab+1","Poisoned Stab+1"],"picked":"Singing Bowl","floor":48},{"not_picked":["Bane+1","A Thousand Cuts+1"],"picked":"Cloak And Dagger+1","floor":54}],"player_experience":137301,"relics_obtained":[{"floor":7.0,"key":"Shuriken"},{"floor":9.0,"key":"Meat on the Bone"},{"floor":11.0,"key":"WingedGreaves"},{"floor":23.0,"key":"White Beast Statue"},{"floor":25.0,"key":"Darkstone Periapt"},{"floor":27.0,"key":"Matryoshka"},{"floor":28.0,"key":"The Specimen"},{"floor":28.0,"key":"Frozen Egg 2"},{"floor":32.0,"key":"Lantern"},{"floor":39,"key":"Girya"},{"floor":40,"key":"Molten Egg 2"},{"floor":42,"key":"Bottled Tornado"},{"floor":43,"key":"Happy Flower"},{"floor":43,"key":"Ninja Scroll"},{"floor":44,"key":"Eternal Feather"},{"floor":47,"key":"Sundial"},{"floor":49,"key":"Blood Vial"},{"floor":54,"key":"Letter Opener"}],"event_choices":[{"damage_healed":0.0,"max_hp_gain":0.0,"max_hp_loss":0.0,"gold_gain":0.0,"event_name":"Scrap Ooze","player_choice":"Success","floor":5.0,"gold_loss":0.0,"damage_taken":12.0,"relics_obtained":["Shovel"]},{"damage_healed":0.0,"max_hp_gain":0.0,"max_hp_loss":0.0,"gold_gain":0.0,"event_name":"Living Wall","player_choice":"Grow","floor":14.0,"gold_loss":0.0,"damage_taken":0.0,"cards_upgraded":["Accuracy"]},{"damage_healed":0.0,"max_hp_gain":0.0,"max_hp_loss":0.0,"gold_gain":0.0,"event_name":"The Library","player_choice":"Read","floor":20.0,"gold_loss":0.0,"damage_taken":0.0,"cards_obtained":["Infinite Blades"]},{"damage_healed":0.0,"max_hp_gain":0.0,"max_hp_loss":21.0,"gold_gain":0.0,"event_name":"Vampires","player_choice":"Became a vampire","floor":22.0,"gold_loss":0.0,"damage_taken":0.0,"cards_obtained":["Bite","Bite","Bite","Bite","Bite"]},{"damage_healed":0.0,"max_hp_gain":0.0,"max_hp_loss":0.0,"gold_gain":0.0,"event_name":"Colosseum","player_choice":"Fight","floor":28.0,"gold_loss":0.0,"damage_taken":0.0},{"damage_healed":0.0,"max_hp_gain":0.0,"max_hp_loss":0.0,"gold_gain":0.0,"event_name":"Colosseum","player_choice":"Fought Nobs","floor":28.0,"gold_loss":0.0,"damage_taken":0.0},{"damage_healed":0,"gold_gain":0,"player_choice":"Fight","damage_taken":0,"max_hp_gain":0,"max_hp_loss":0,"event_name":"MindBloom","floor":39,"gold_loss":0}],"is_beta":true,"boss_relics":[{"not_picked":["Snecko Eye","Astrolabe"],"picked":"Fusion Hammer"},{"not_picked":["SacredBark","Philosopher\u0027s Stone"],"picked":"Runic Pyramid"}],"items_purged_floors":[3,37],"is_endless":false,"potions_floor_spawned":[1,2,7,18,24,25,27,28,28,29,30,31,33,35,36,38,39,40,42,44,46,47,48,54],"killed_by":"The Heart","ascension_level":0}