{"gold_per_floor":[115,115,115,135,135,135,168,183,183,183,44,44,18,18,18,92,92,105,125,175,175,63,97,97,117,117,217,217,237,272,298,298,372,372,390,410,51,66,288,288,288,319,319,32,51,66,66,166,166,166,166],"floor_reached":52,"playtime":4194,"items_purged":["Shame","Strike_R"],"score":1853,"play_id":"620f320f-fd1e-4629-a8ab-43d648ab845c","local_time":"20190424032553","is_ascension_mode":true,"campfire_choices":[{"floor":6.0,"key":"REST"},{"data":"True Grit","floor":10.0,"key":"SMITH"},{"data":"Twin Strike","floor":12.0,"key":"SMITH"},{"floor":15.0,"key":"REST"},{"data":"Shockwave","floor":24.0,"key":"SMITH"},{"data":"Defend_R","floor":28.0,"key":"SMITH"},{"data":"Spot Weakness","floor":32.0,"key":"SMITH"},{"data":"Juggernaut","floor":40.0,"key":"SMITH"},{"data":"Shrug It Off","floor":47.0,"key":"SMITH"},{"floor":49.0,"key":"REST"}],"neow_cost":"NONE","seed_source_timestamp":293995899023922,"circlet_count":0,"master_deck":["AscendersBane","Strike_R+1","Strike_R","Strike_R","Defend_R+1","Defend_R","Defend_R","Defend_R","Bash+1","Twin Strike+1","True Grit+1","Shockwave+1","Clothesline","Reaper+1","Body Slam+1","Feed+1","Clothesline+1","Heavy Blade+1","Corruption","Armaments+1","Pommel Strike+1","Entrench","Shrug It Off+1","Spot Weakness+1","Juggernaut+1","Sword Boomerang+1","Headbutt+1","Shrug It Off","Parasite","Shrug It Off+1","Purity","Body Slam+1"],"special_seed":0,"relics":["Burning Blood","Bronze Scales","Ornamental Fan","Strawberry","Molten Egg 2","Snecko Eye","Singing Bowl","Shuriken","Blood Vial","Champion Belt","Letter Opener","Mercury Hourglass","Red Mask","Busted Crown","Art of War","Darkstone Periapt","Paper Frog","Unceasing Top"],"potions_floor_usage":[],"damage_taken":[{"damage":11.0,"enemies":"2 Louse","floor":1.0,"turns":3.0},{"damage":2.0,"enemies":"Jaw Worm","floor":4.0,"turns":3.0},{"damage":42.0,"enemies":"Lagavulin","floor":7.0,"turns":7.0},{"damage":1.0,"enemies":"Cultist","floor":8.0,"turns":4.0},{"damage":53.0,"enemies":"Hexaghost","floor":16.0,"turns":11.0},{"damage":2.0,"enemies":"Spheric Guardian","floor":18.0,"turns":3.0},{"damage":22.0,"enemies":"Chosen","floor":19.0,"turns":4.0},{"damage":24.0,"enemies":"Slavers","floor":23.0,"turns":4.0},{"damage":0.0,"enemies":"Centurion and Healer","floor":25.0,"turns":3.0},{"damage":26.0,"enemies":"Colosseum Slavers","floor":27.0,"turns":4.0},{"damage":14.0,"enemies":"Colosseum Nobs","floor":27.0,"turns":5.0},{"damage":10.0,"enemies":"Snake Plant","floor":29.0,"turns":4.0},{"damage":19.0,"enemies":"Gremlin Leader","floor":30.0,"turns":4.0},{"damage":7.0,"enemies":"Masked Bandits","floor":31.0,"turns":4.0},{"damage":19.0,"enemies":"Champ","floor":33.0,"turns":10.0},{"damage":27.0,"enemies":"3 Darklings","floor":35.0,"turns":4.0},{"damage":7.0,"enemies":"3 Shapes","floor":36.0,"turns":3.0},{"damage":29.0,"enemies":"Writhing Mass","floor":38.0,"turns":8.0},{"damage":41.0,"enemies":"Nemesis","floor":42.0,"turns":10.0},{"damage":0.0,"enemies":"Maw","floor":45.0,"turns":6.0},{"damage":23.0,"enemies":"3 Darklings","floor":46.0,"turns":3.0},{"damage":56.0,"enemies":"Mind Bloom Boss Battle","floor":48.0,"turns":5.0},{"damage":7.0,"enemies":"Time Eater","floor":50.0,"turns":7.0},{"damage":116,"enemies":"Donu and Deca","floor":51,"turns":10}],"seed_played":"-4745094443221017367","potions_obtained":[{"floor":8.0,"key":"Regen Potion"},{"floor":16.0,"key":"Energy Potion"},{"floor":18.0,"key":"Fruit Juice"},{"floor":19.0,"key":"AttackPotion"},{"floor":27.0,"key":"Dexterity Potion"},{"floor":48.0,"key":"Dexterity Potion"}],"is_trial":false,"path_per_floor":["M","?","?","M","?","R","E","M","T","R","$","R","$","?","R","B",null,"M","M","?","?","$","E","R","M","T","?","R","M","E","?","R","B",null,"M","M","$","M","?","R","?","E","T","$","M","M","R","?","R","B","B",null],"character_chosen":"IRONCLAD","items_purchased":["Reaper+1","SteroidPotion","Body Slam+1","Corruption","Headbutt+1","Shrug It Off","EntropicBrew","PowerPotion","Paper Frog"],"campfire_rested":3,"item_purchase_floors":[11,11,13,22,37,37,37,37,44],"current_hp_per_floor":[63,40,22,26,26,48,19,24,24,24,24,24,24,24,48,31,69,77,70,70,70,70,52,52,74,74,86,86,93,104,109,109,119,124,127,130,130,108,108,108,102,93,93,93,110,118,118,82,126,131,23],"gold":166,"neow_bonus":"RANDOM_COMMON_RELIC","is_prod":false,"is_daily":false,"chose_seed":false,"campfire_upgraded":7,"win_rate":0,"timestamp":1556069153,"path_taken":["M","?","?","M","?","R","E","?","T","R","$","R","$","?","R","BOSS","M","?","?","?","$","E","R","M","T","?","R","?","E","?","R","BOSS","M","M","$","M","?","R","?","E","T","?","M","M","R","?","R","BOSS","BOSS"],"build_version":"2019-04-21","purchased_purges":2,"victory":true,"max_hp_per_floor":[75,75,75,75,75,75,82,82,82,82,82,82,82,82,82,82,82,86,95,95,95,95,95,95,101,101,109,109,113,117,121,121,125,125,127,131,131,131,131,131,135,137,137,137,143,149,149,149,149,153,153],"card_choices":[{"not_picked":["Wild Strike","Body Slam"],"picked":"Twin Strike","floor":1.0},{"not_picked":["Anger","Armaments"],"picked":"True Grit","floor":4.0},{"not_picked":["Body Slam","Twin Strike"],"picked":"Shockwave","floor":7.0},{"not_picked":["Dual Wield","Flex"],"picked":"Clothesline","floor":8.0},{"not_picked":["Exhume","Limit Break"],"picked":"Feed+1","floor":16.0},{"not_picked":["Fire Breathing","Burning Pact"],"picked":"Clothesline+1","floor":18.0},{"not_picked":["Iron Wave+1","Bloodletting"],"picked":"Heavy Blade+1","floor":19.0},{"not_picked":["Limit Break","True Grit"],"picked":"Armaments+1","floor":23.0},{"not_picked":["Wild Strike+1","Anger+1","Iron Wave+1"],"picked":"Singing Bowl","floor":25.0},{"not_picked":["Havoc","Sword Boomerang+1"],"picked":"Pommel Strike+1","floor":27.0},{"not_picked":["Heavy Blade+1","True Grit+1"],"picked":"Entrench","floor":29.0},{"not_picked":["Shockwave","Uppercut+1"],"picked":"Shrug It Off","floor":30.0},{"not_picked":["Berserk","Warcry"],"picked":"Spot Weakness","floor":31.0},{"not_picked":["Feed+1","Fiend Fire+1"],"picked":"Juggernaut","floor":33.0},{"not_picked":["Warcry"],"picked":"Singing Bowl","floor":35.0},{"not_picked":[],"picked":"Sword Boomerang+1","floor":36.0},{"not_picked":[],"picked":"Shrug It Off+1","floor":38.0},{"not_picked":["Finesse"],"picked":"Singing Bowl","floor":41.0},{"not_picked":["Bandage Up"],"picked":"Singing Bowl","floor":41.0},{"not_picked":[],"picked":"Purity","floor":41.0},{"not_picked":["Perfected Strike+1"],"picked":"Singing Bowl","floor":42.0},{"not_picked":["Clash+1"],"picked":"Singing Bowl","floor":45.0},{"not_picked":["Wild Strike+1"],"picked":"Singing Bowl","floor":46.0},{"not_picked":[],"picked":"Body Slam+1","floor":48.0}],"player_experience":495210,"relics_obtained":[{"floor":7.0,"key":"Strawberry"},{"floor":9.0,"key":"Molten Egg 2"},{"floor":23.0,"key":"Shuriken"},{"floor":26.0,"key":"Blood Vial"},{"floor":27.0,"key":"Champion Belt"},{"floor":27.0,"key":"Letter Opener"},{"floor":30.0,"key":"Mercury Hourglass"},{"floor":31.0,"key":"Red Mask"},{"floor":42.0,"key":"Art of War"},{"floor":43.0,"key":"Darkstone Periapt"},{"floor":48.0,"key":"Unceasing Top"}],"event_choices":[{"damage_healed":0.0,"max_hp_gain":0.0,"max_hp_loss":0.0,"gold_gain":0.0,"event_name":"Shining Light","player_choice":"Entered Light","floor":2.0,"gold_loss":0.0,"damage_taken":23.0,"cards_upgraded":["Strike_R","Bash"]},{"damage_healed":0.0,"max_hp_gain":0.0,"max_hp_loss":0.0,"gold_gain":0.0,"event_name":"Scrap Ooze","player_choice":"Success","floor":3.0,"gold_loss":0.0,"damage_taken":18.0,"relics_obtained":["Ornamental Fan"]},{"damage_healed":0.0,"max_hp_gain":0.0,"max_hp_loss":0.0,"gold_gain":0.0,"event_name":"Liars Game","player_choice":"Ignored","floor":5.0,"gold_loss":0.0,"damage_taken":0.0},{"cards_removed":["Strike_R"],"damage_healed":0.0,"max_hp_gain":0.0,"max_hp_loss":0.0,"gold_gain":0.0,"event_name":"Purifier","player_choice":"Purged","floor":14.0,"gold_loss":0.0,"damage_taken":0.0},{"damage_healed":0.0,"max_hp_gain":0.0,"max_hp_loss":0.0,"gold_gain":50.0,"event_name":"Nest","player_choice":"Stole From Cult","floor":20.0,"gold_loss":0.0,"damage_taken":0.0},{"damage_healed":0.0,"max_hp_gain":0.0,"max_hp_loss":0.0,"gold_gain":0.0,"event_name":"Addict","player_choice":"Stole Relic","floor":21.0,"gold_loss":0.0,"damage_taken":0.0,"relics_obtained":["Singing Bowl"],"cards_obtained":["Shame"]},{"damage_healed":0.0,"max_hp_gain":0.0,"max_hp_loss":0.0,"gold_gain":0.0,"event_name":"Colosseum","player_choice":"Fight","floor":27.0,"gold_loss":0.0,"damage_taken":0.0},{"damage_healed":0.0,"max_hp_gain":0.0,"max_hp_loss":0.0,"gold_gain":0.0,"event_name":"Colosseum","player_choice":"Fought Nobs","floor":27.0,"gold_loss":0.0,"damage_taken":0.0},{"damage_healed":0.0,"max_hp_gain":0.0,"max_hp_loss":0.0,"gold_gain":0.0,"event_name":"Masked Bandits","player_choice":"Fought Bandits","floor":31.0,"gold_loss":0.0,"damage_taken":0.0},{"damage_healed":0.0,"max_hp_gain":0.0,"max_hp_loss":0.0,"gold_gain":222.0,"event_name":"Tomb of Lord Red Mask","player_choice":"Wore Mask","floor":39.0,"gold_loss":0.0,"damage_taken":0.0},{"damage_healed":0.0,"max_hp_gain":0.0,"max_hp_loss":0.0,"gold_gain":0.0,"event_name":"SensoryStone","player_choice":"Memory 3","floor":41.0,"gold_loss":0.0,"damage_taken":10.0},{"damage_healed":0.0,"max_hp_gain":0.0,"max_hp_loss":0.0,"gold_gain":0.0,"event_name":"MindBloom","player_choice":"Fight","floor":48.0,"gold_loss":0.0,"damage_taken":0.0}],"is_beta":true,"boss_relics":[{"not_picked":["Black Star","Sozu"],"picked":"Snecko Eye"},{"not_picked":["Astrolabe","Pandora\u0027s Box"],"picked":"Busted Crown"}],"items_purged_floors":[22,37],"is_endless":false,"potions_floor_spawned":[8,16,18,19,27,38,42,45,48],"ascension_level":20}