{"gold_per_floor":[218,218,293,21,33,33,47,78,78,23,35,35,35,48,48,120,120,134,148,148,166,166,199,199,225,225,23,23,23,23,58,58,133,133,146,33,47,57,67,67,0,0,49,49,75,75,110,126,126,126],"floor_reached":50,"playtime":3463,"items_purged":["Strike_R","Strike_R"],"score":1162,"play_id":"249cbff9-5f56-42f1-af57-539043392f14","local_time":"20190505154601","is_ascension_mode":true,"campfire_choices":[{"data":"Carnage","floor":6.0,"key":"SMITH"},{"data":"Flame Barrier","floor":13.0,"key":"SMITH"},{"data":"Spot Weakness","floor":15.0,"key":"SMITH"},{"data":"Combust","floor":24.0,"key":"SMITH"},{"floor":28.0,"key":"REST"},{"data":"Limit Break","floor":30.0,"key":"SMITH"},{"floor":32.0,"key":"REST"},{"floor":40.0,"key":"REST"},{"data":"Feel No Pain","floor":46,"key":"SMITH"},{"floor":49,"key":"REST"}],"neow_cost":"NONE","seed_source_timestamp":426830556606216,"circlet_count":0,"master_deck":["AscendersBane","Strike_R","Strike_R","Strike_R","Defend_R","Defend_R","Defend_R","Defend_R","Bash+1","Spot Weakness+1","Shrug It Off","Carnage+1","Flame Barrier","Shrug It Off","Flame Barrier+1","Cleave","Limit Break+1","Feel No Pain+1","Combust+1","Offering","Corruption","Iron Wave+1","Sword Boomerang+1","Impervious","Heavy Blade+1","Body Slam+1","Shrug It Off","Battle Trance","Warcry+1","Pommel Strike+1","Feel No Pain"],"special_seed":0,"relics":["Burning Blood","Sundial","Mummified Hand","Velvet Choker","Strawberry","Regal Pillow","Molten Egg 2","Bronze Scales","Snecko Eye","Red Mask","Juzu Bracelet","Pen Nib","Centennial Puzzle"],"potions_floor_usage":[50],"damage_taken":[{"damage":19.0,"enemies":"Small Slimes","floor":1.0,"turns":4.0},{"damage":9.0,"enemies":"Jaw Worm","floor":5.0,"turns":3.0},{"damage":0.0,"enemies":"Cultist","floor":7.0,"turns":2.0},{"damage":19.0,"enemies":"Lagavulin","floor":8.0,"turns":6.0},{"damage":6.0,"enemies":"Gremlin Gang","floor":11.0,"turns":3.0},{"damage":3.0,"enemies":"Looter","floor":14.0,"turns":2.0},{"damage":16.0,"enemies":"The Guardian","floor":16.0,"turns":10.0},{"damage":2.0,"enemies":"3 Byrds","floor":18.0,"turns":3.0},{"damage":23.0,"enemies":"Shell Parasite","floor":19.0,"turns":6.0},{"damage":12.0,"enemies":"Cultist and Chosen","floor":21.0,"turns":7.0},{"damage":21.0,"enemies":"Gremlin Leader","floor":23.0,"turns":5.0},{"damage":37.0,"enemies":"Book of Stabbing","floor":25.0,"turns":5.0},{"damage":37.0,"enemies":"Gremlin Leader","floor":31.0,"turns":5.0},{"damage":28.0,"enemies":"Champ","floor":33.0,"turns":9.0},{"damage":2.0,"enemies":"3 Shapes","floor":35.0,"turns":3.0},{"damage":16.0,"enemies":"3 Darklings","floor":37.0,"turns":4.0},{"damage":14.0,"enemies":"Transient","floor":38.0,"turns":6.0},{"damage":35.0,"enemies":"Spire Growth","floor":39.0,"turns":4.0},{"damage":24,"enemies":"Nemesis","floor":45,"turns":5},{"damage":14,"enemies":"Giant Head","floor":47,"turns":5},{"damage":20,"enemies":"3 Darklings","floor":48,"turns":3},{"damage":90,"enemies":"Time Eater","floor":50,"turns":10}],"seed_played":"2188372705826378720","potions_obtained":[{"floor":5.0,"key":"Poison Potion"},{"floor":14.0,"key":"SteroidPotion"},{"floor":16.0,"key":"Fire Potion"},{"floor":19.0,"key":"FairyPotion"},{"floor":21.0,"key":"GamblersBrew"},{"floor":37.0,"key":"AttackPotion"}],"is_trial":false,"path_per_floor":["M","?","?","$","M","R","M","E","T","$","M","?","R","M","R","B",null,"M","M","?","M","?","E","R","E","T","$","R","$","R","E","R","B",null,"M","$","M","M","M","R","?","?","T","$","E","R","E","M","R","B"],"character_chosen":"IRONCLAD","items_purchased":["Shrug It Off","Carnage","Weak Potion","Explosive Potion","Iron Wave+1","Sword Boomerang+1","Body Slam+1","Shrug It Off"],"campfire_rested":4,"item_purchase_floors":[4,4,4,10,27,27,36,36],"current_hp_per_floor":[55,55,44,44,41,41,47,34,34,34,34,59,59,62,62,52,69,73,56,56,50,65,57,57,26,26,26,65,65,65,34,73,51,74,78,78,68,60,31,70,70,70,70,70,52,52,44,30,69,0],"gold":126,"neow_bonus":"HUNDRED_GOLD","is_prod":false,"is_daily":false,"chose_seed":false,"campfire_upgraded":6,"win_rate":0,"timestamp":1557063961,"path_taken":["M","?","?","$","M","R","M","E","T","?","M","?","R","M","R","BOSS","M","M","?","M","?","E","R","E","T","$","R","?","R","E","R","BOSS","M","?","?","M","M","R","?","?","T","$","E","R","E","M","R","BOSS"],"build_version":"2019-04-23","purchased_purges":2,"victory":false,"max_hp_per_floor":[75,75,75,75,75,75,75,75,75,75,75,75,75,75,75,75,75,75,75,75,75,75,82,82,82,82,82,82,82,82,82,82,82,82,82,82,82,82,82,82,82,82,82,82,82,82,82,82,82,82],"card_choices":[{"not_picked":["Thunderclap","Heavy Blade"],"picked":"Spot Weakness","floor":1.0},{"not_picked":["Entrench","Thunderclap"],"picked":"Flame Barrier","floor":5.0},{"not_picked":["Perfected Strike","Hemokinesis"],"picked":"Shrug It Off","floor":7.0},{"not_picked":["Dropkick","Headbutt"],"picked":"Flame Barrier","floor":8.0},{"not_picked":["Body Slam","Sentinel"],"picked":"Cleave","floor":11.0},{"not_picked":["Shrug It Off","Blood for Blood","Cleave"],"picked":"SKIP","floor":14.0},{"not_picked":["Berserk","Fiend Fire"],"picked":"Limit Break","floor":16.0},{"not_picked":["Clash","Warcry","Wild Strike"],"picked":"SKIP","floor":18.0},{"not_picked":["Flex","Iron Wave"],"picked":"Feel No Pain","floor":19.0},{"not_picked":["Cleave","Thunderclap"],"picked":"Combust","floor":21.0},{"not_picked":["Thunderclap","Metallicize"],"picked":"Offering","floor":23.0},{"not_picked":["Pummel","Second Wind+1"],"picked":"Corruption","floor":25.0},{"not_picked":["Havoc","Cleave+1","Warcry"],"picked":"SKIP","floor":31.0},{"not_picked":["Bludgeon+1","Dark Embrace"],"picked":"Impervious","floor":33.0},{"not_picked":["Armaments","Whirlwind+1"],"picked":"Heavy Blade+1","floor":35.0},{"not_picked":["Perfected Strike+1","Reckless Charge+1"],"picked":"Battle Trance","floor":37.0},{"not_picked":["Pummel+1","Sever Soul+1"],"picked":"Warcry+1","floor":38.0},{"not_picked":["Body Slam+1","Thunderclap+1"],"picked":"Pommel Strike+1","floor":39.0},{"not_picked":["Searing Blow+1","Clash+1","Dual Wield"],"picked":"SKIP","floor":45},{"not_picked":["Cleave+1","Clash+1"],"picked":"Feel No Pain","floor":47},{"not_picked":["Wild Strike+1","Sword Boomerang+1","Seeing Red"],"picked":"SKIP","floor":48}],"player_experience":541727,"relics_obtained":[{"floor":8.0,"key":"Sundial"},{"floor":9.0,"key":"Mummified Hand"},{"floor":23.0,"key":"Strawberry"},{"floor":25.0,"key":"Regal Pillow"},{"floor":26.0,"key":"Molten Egg 2"},{"floor":31.0,"key":"Bronze Scales"},{"floor":43.0,"key":"Juzu Bracelet"},{"floor":45,"key":"Pen Nib"},{"floor":47,"key":"Centennial Puzzle"}],"event_choices":[{"damage_healed":0.0,"max_hp_gain":0.0,"max_hp_loss":0.0,"gold_gain":0.0,"event_name":"Living Wall","player_choice":"Grow","floor":2.0,"gold_loss":0.0,"damage_taken":0.0,"cards_upgraded":["Bash"]},{"damage_healed":0.0,"max_hp_gain":0.0,"max_hp_loss":0.0,"gold_gain":75.0,"event_name":"World of Goop","player_choice":"Gather Gold","floor":3.0,"gold_loss":0.0,"damage_taken":11.0},{"damage_healed":25.0,"max_hp_gain":0.0,"max_hp_loss":0.0,"gold_gain":0.0,"event_name":"Big Fish","player_choice":"Banana","floor":12.0,"gold_loss":0.0,"damage_taken":0.0},{"damage_healed":0.0,"max_hp_gain":0.0,"max_hp_loss":0.0,"gold_gain":0.0,"event_name":"The Mausoleum","player_choice":"Ignored","floor":20.0,"gold_loss":0.0,"damage_taken":0.0},{"damage_healed":15.0,"max_hp_gain":0.0,"max_hp_loss":0.0,"gold_gain":0.0,"event_name":"The Library","player_choice":"Heal","floor":22.0,"gold_loss":0.0,"damage_taken":0.0},{"damage_healed":0.0,"max_hp_gain":0.0,"max_hp_loss":0.0,"gold_gain":0.0,"event_name":"Tomb of Lord Red Mask","player_choice":"Paid","floor":41.0,"gold_loss":67.0,"damage_taken":0.0,"relics_obtained":["Red Mask"]},{"damage_healed":0.0,"max_hp_gain":0.0,"max_hp_loss":0.0,"gold_gain":0.0,"event_name":"Lab","player_choice":"Got Potions","floor":42.0,"gold_loss":0.0,"damage_taken":0.0}],"is_beta":true,"boss_relics":[{"not_picked":["Black Star","Cursed Key"],"picked":"Velvet Choker"},{"not_picked":["Orrery","Pandora\u0027s Box"],"picked":"Snecko Eye"}],"items_purged_floors":[4,27],"is_endless":false,"potions_floor_spawned":[5,14,16,19,21,23,35,37,48],"killed_by":"Time Eater","ascension_level":20}