{"gold_per_floor":[124,146,170,182,204,216,243,255,267,296,308,345,357,392,404,416],"floor_reached":16,"playtime":866,"items_purged":[],"score":192,"play_id":"85cabc4f-c51f-4092-b8cf-b8beb03fe390","local_time":"20190321165306","is_ascension_mode":true,"campfire_choices":[{"data":"Bash","floor":6,"key":"SMITH"},{"data":"True Grit","floor":8,"key":"SMITH"},{"data":"Disarm","floor":13,"key":"SMITH"},{"floor":15,"key":"REST"}],"neow_cost":"NONE","seed_source_timestamp":359551204597373,"circlet_count":0,"master_deck":["AscendersBane","Strike_R","Strike_R","Strike_R","Strike_R","Strike_R","Defend_R","Defend_R","Defend_R","Defend_R","Bash+1","Twin Strike","Ghostly Armor","Flex","True Grit+1","Metallicize","Disarm+1","Injury","Inflame","Heavy Blade"],"relics":["Burning Blood","MawBank","Boot","Potion Belt","Golden Idol"],"potions_floor_usage":[5,12,12],"damage_taken":[{"damage":4,"enemies":"Small Slimes","floor":1,"turns":4},{"damage":3,"enemies":"2 Louse","floor":2,"turns":2},{"damage":4,"enemies":"Jaw Worm","floor":3,"turns":4},{"damage":24,"enemies":"Exordium Thugs","floor":5,"turns":8},{"damage":7,"enemies":"Exordium Wildlife","floor":7,"turns":5},{"damage":22,"enemies":"Gremlin Gang","floor":10,"turns":5},{"damage":4,"enemies":"Large Slime","floor":12,"turns":9},{"damage":29,"enemies":"Exordium Thugs","floor":14,"turns":7},{"damage":49,"enemies":"The Guardian","floor":16,"turns":13}],"seed_played":"-5876578017428213016","potions_obtained":[{"floor":2,"key":"SkillPotion"},{"floor":3,"key":"SkillPotion"},{"floor":7,"key":"SpeedPotion"}],"is_trial":false,"path_per_floor":["M","M","M","?","M","R","M","R","T","M","?","M","R","M","R","B"],"character_chosen":"IRONCLAD","items_purchased":[],"campfire_rested":1,"item_purchase_floors":[],"current_hp_per_floor":[70,73,75,64,46,46,45,45,45,29,29,31,31,8,30,0],"gold":416,"neow_bonus":"RANDOM_COMMON_RELIC","is_prod":false,"is_daily":false,"chose_seed":false,"campfire_upgraded":3,"win_rate":0,"timestamp":1553183586,"path_taken":["M","M","M","?","M","R","M","R","T","M","?","M","R","M","R","BOSS"],"build_version":"2019-03-15","purchased_purges":0,"victory":false,"max_hp_per_floor":[75,75,75,75,75,75,75,75,75,75,75,75,75,75,75,75],"card_choices":[{"not_picked":["Evolve","Second Wind"],"picked":"Twin Strike","floor":1},{"not_picked":["Dual Wield","Power Through"],"picked":"Ghostly Armor","floor":2},{"not_picked":["Twin Strike","Searing Blow"],"picked":"Flex","floor":3},{"not_picked":["Intimidate","Pommel Strike"],"picked":"True Grit","floor":5},{"not_picked":["Perfected Strike","Hemokinesis"],"picked":"Metallicize","floor":7},{"not_picked":["Heavy Blade","Warcry"],"picked":"Disarm","floor":10},{"not_picked":["Whirlwind","Battle Trance"],"picked":"Inflame","floor":12},{"not_picked":["Cleave","Combust"],"picked":"Heavy Blade","floor":14}],"player_experience":366389,"relics_obtained":[{"floor":9,"key":"Potion Belt"}],"event_choices":[{"damage_healed":0,"gold_gain":0,"player_choice":"Success","damage_taken":11,"relics_obtained":["Boot"],"max_hp_gain":0,"max_hp_loss":0,"event_name":"Scrap Ooze","floor":4,"gold_loss":0},{"damage_healed":0,"gold_gain":0,"player_choice":"Take Wound","damage_taken":0,"relics_obtained":["Golden Idol"],"max_hp_gain":0,"max_hp_loss":0,"event_name":"Golden Idol","floor":11,"gold_loss":0,"cards_obtained":["Injury"]}],"is_beta":true,"boss_relics":[],"items_purged_floors":[],"is_endless":false,"potions_floor_spawned":[2,3,7],"killed_by":"The Guardian","ascension_level":20}