{"gold_per_floor":[211,231,231,242,83,83,112,112,112,122,139,172,172,252,252,329,329,346,359,46,46],"floor_reached":21,"playtime":1029,"items_purged":["Strike_R","Strike_R"],"score":378,"play_id":"012ef6f7-7aa0-4f56-b90f-71d7649d3385","local_time":"20190325153200","is_ascension_mode":true,"campfire_choices":[{"data":"Bash","floor":6.0,"key":"SMITH"},{"data":"Armaments","floor":8.0,"key":"SMITH"},{"floor":15,"key":"REST"}],"neow_cost":"NONE","seed_source_timestamp":0,"circlet_count":0,"master_deck":["AscendersBane","Strike_R","Strike_R","Strike_R","Defend_R","Defend_R","Defend_R+1","Defend_R","Bash+1","Cleave","Armaments+1","Sword Boomerang","Shrug It Off+1","Shrug It Off","Pommel Strike","Spot Weakness+1","Demon Form","Immolate","Flex+1","Pummel"],"special_seed":0,"relics":["Burning Blood","GremlinMask","Lantern","Letter Opener","Regal Pillow","Question Card","Runic Pyramid","War Paint"],"potions_floor_usage":[12,16,18],"damage_taken":[{"damage":8.0,"enemies":"Small Slimes","floor":1.0,"turns":4.0},{"damage":2.0,"enemies":"Cultist","floor":2.0,"turns":4.0},{"damage":3.0,"enemies":"2 Louse","floor":4.0,"turns":2.0},{"damage":40.0,"enemies":"Lagavulin","floor":7.0,"turns":9.0},{"damage":12.0,"enemies":"Exordium Wildlife","floor":10.0,"turns":6.0},{"damage":17.0,"enemies":"Exordium Thugs","floor":11.0,"turns":7.0},{"damage":8,"enemies":"Gremlin Nob","floor":12,"turns":3},{"damage":36,"enemies":"The Guardian","floor":16,"turns":13},{"damage":40,"enemies":"3 Byrds","floor":18,"turns":5},{"damage":23,"enemies":"Shell Parasite","floor":19,"turns":6},{"damage":16,"enemies":"Snake Plant","floor":21,"turns":3}],"seed_played":"-5252741444808194543","potions_obtained":[{"floor":1.0,"key":"Ancient Potion"},{"floor":11.0,"key":"Fire Potion"},{"floor":12,"key":"Dexterity Potion"},{"floor":16,"key":"PowerPotion"}],"is_trial":false,"path_per_floor":["M","M","?","M","$","R","E","R","T","M","M","E","?","T","R","B",null,"M","M","$","M"],"character_chosen":"IRONCLAD","items_purchased":["Shrug It Off","Block Potion","Fire Potion","War Paint"],"campfire_rested":1,"item_purchase_floors":[5,5,20,20],"current_hp_per_floor":[66,70,70,73,73,73,39,39,39,33,22,20,20,20,57,27,63,29,12,12,0],"gold":46,"neow_bonus":"HUNDRED_GOLD","is_prod":false,"is_daily":false,"chose_seed":false,"campfire_upgraded":2,"win_rate":0,"timestamp":1553524320,"path_taken":["M","M","?","M","$","R","E","R","T","?","M","E","?","?","R","BOSS","M","M","$","M"],"build_version":"2019-03-15","purchased_purges":2,"victory":false,"max_hp_per_floor":[75,75,75,75,75,75,75,75,75,75,75,75,75,75,75,75,75,75,75,75,75],"card_choices":[{"not_picked":["Thunderclap","Body Slam"],"picked":"Cleave","floor":1.0},{"not_picked":["Warcry","Body Slam"],"picked":"Armaments","floor":2.0},{"not_picked":["Thunderclap","Dropkick"],"picked":"Sword Boomerang","floor":4.0},{"not_picked":["Feel No Pain","Fire Breathing"],"picked":"Shrug It Off","floor":7.0},{"not_picked":["Rupture","Warcry"],"picked":"Pommel Strike","floor":10.0},{"not_picked":["Anger","True Grit"],"picked":"Spot Weakness","floor":11.0},{"not_picked":["Combust","Rage"],"picked":"Demon Form","floor":12},{"not_picked":["Offering","Berserk","Barricade"],"picked":"Immolate","floor":16},{"not_picked":["Twin Strike","Headbutt","True Grit"],"picked":"Flex+1","floor":18},{"not_picked":["Iron Wave","Headbutt","Twin Strike"],"picked":"Pummel","floor":19}],"player_experience":377138,"relics_obtained":[{"floor":7.0,"key":"Lantern"},{"floor":9.0,"key":"Letter Opener"},{"floor":12,"key":"Regal Pillow"},{"floor":14,"key":"Question Card"}],"event_choices":[{"damage_healed":0.0,"max_hp_gain":0.0,"max_hp_loss":0.0,"gold_gain":0.0,"event_name":"FaceTrader","player_choice":"Trade","floor":3.0,"gold_loss":0.0,"damage_taken":0.0,"relics_obtained":["GremlinMask"]},{"damage_healed":0,"gold_gain":0,"player_choice":"Grow","damage_taken":0,"max_hp_gain":0,"max_hp_loss":0,"event_name":"Living Wall","floor":13,"gold_loss":0,"cards_upgraded":["Shrug It Off"]}],"is_beta":true,"boss_relics":[{"not_picked":["Astrolabe","Lizard Tail"],"picked":"Runic Pyramid"}],"items_purged_floors":[5,20],"is_endless":false,"potions_floor_spawned":[1,11,12,16],"killed_by":"Snake Plant","ascension_level":20}