{"gold_per_floor":[114,39,39,54,54,84,84,114,114,114,129,129,129,144,144,244,244,259,259,136,151,2,2,32,32,32,47,47,47,47,62,62,162,162,177,192,20,35,35,65,80,95,95,95,95,95,0,25,25,25],"floor_reached":51,"playtime":1754,"items_purged":["Strike_R","Strike_R","Strike_R","Decay"],"score":876,"play_id":"8715261e-90ba-4bdf-a305-6bdf6e2decac","local_time":"20190916021116","daily_mods":["Cursed Run","Vintage","Night Terrors"],"is_ascension_mode":false,"campfire_choices":[{"data":"Demon Form","floor":7,"key":"SMITH"},{"data":"Bash","floor":10,"key":"SMITH"},{"data":"Twin Strike","floor":12,"key":"SMITH"},{"floor":15,"key":"REST"},{"data":"Flex","floor":23,"key":"SMITH"},{"data":"Bludgeon","floor":25,"key":"SMITH"},{"data":"Defend_R","floor":29,"key":"SMITH"},{"data":"Defend_R","floor":32,"key":"SMITH"},{"data":"Madness","floor":49,"key":"SMITH"}],"neow_cost":"","seed_source_timestamp":0,"circlet_count":0,"master_deck":["Strike_R","Strike_R","Defend_R+1","Defend_R+1","Defend_R","Bash+1","Demon Form+1","Twin Strike+1","Bludgeon+1","Cleave+1","Flex+1","Armaments+1","Clumsy","Thunderclap","Madness+1","Writhe","Bandage Up","Dramatic Entrance","Normality","Normality"],"special_seed":18154,"relics":["Cursed Key","Darkstone Periapt","Du-Vu Doll","Nunchaku","Strawberry","Potion Belt","FossilizedHelix","CaptainsWheel","Singing Bowl","Paper Frog","Question Card","Velvet Choker","Bag of Preparation","Meat on the Bone","HornCleat","Eternal Feather","Bottled Tornado","Mango","Sozu","Akabeko","Centennial Puzzle","Bottled Lightning","Girya","Dodecahedron","White Beast Statue","Incense Burner","Red Mask","Vajra"],"potions_floor_usage":[8,18],"damage_taken":[{"damage":1,"enemies":"Cultist","floor":1,"turns":4},{"damage":0,"enemies":"Small Slimes","floor":4,"turns":3},{"damage":25,"enemies":"3 Sentries","floor":6,"turns":9},{"damage":0,"enemies":"Gremlin Nob","floor":8,"turns":3},{"damage":1,"enemies":"2 Louse","floor":11,"turns":2},{"damage":0,"enemies":"Looter","floor":14,"turns":2},{"damage":19,"enemies":"The Guardian","floor":16,"turns":5},{"damage":14,"enemies":"3 Byrds","floor":18,"turns":4},{"damage":0,"enemies":"Spheric Guardian","floor":21,"turns":3},{"damage":18,"enemies":"Gremlin Leader","floor":24,"turns":4},{"damage":0,"enemies":"Snecko","floor":27,"turns":3},{"damage":0,"enemies":"Snake Plant","floor":31,"turns":2},{"damage":6,"enemies":"Champ","floor":33,"turns":5},{"damage":0,"enemies":"Orb Walker","floor":35,"turns":2},{"damage":0,"enemies":"3 Darklings","floor":36,"turns":4},{"damage":0,"enemies":"Maw","floor":38,"turns":5},{"damage":0,"enemies":"Nemesis","floor":40,"turns":3},{"damage":11,"enemies":"4 Shapes","floor":41,"turns":3},{"damage":0,"enemies":"3 Darklings","floor":42,"turns":4},{"damage":32,"enemies":"Time Eater","floor":50,"turns":5}],"seed_played":"-1082167995622274158","potions_obtained":[{"floor":6,"key":"Strength Potion"},{"floor":14,"key":"Energy Potion"},{"floor":21,"key":"EssenceOfSteel"}],"is_trial":false,"path_per_floor":["M","$","?","M","?","E","R","E","T","R","M","R","?","M","R","B",null,"M","?","$","M","$","R","E","R","T","M","?","R","$","M","R","B",null,"M","M","$","M","?","E","M","M","T","$","?","?","?","T","R","B",null],"character_chosen":"IRONCLAD","items_purchased":["Cleave","Flex","Thunderclap"],"campfire_rested":1,"item_purchase_floors":[20,22,37],"current_hp_per_floor":[79,79,68,68,61,36,36,36,42,42,41,41,41,41,88,75,94,80,80,80,80,80,80,62,62,68,68,68,74,74,88,94,94,120,120,120,120,120,105,107,96,96,102,102,102,94,94,100,109,87],"gold":25,"neow_bonus":"","is_prod":false,"is_daily":true,"chose_seed":false,"campfire_upgraded":8,"win_rate":0,"timestamp":1568571076,"path_taken":["M","$","?","M","?","E","R","E","T","R","M","R","?","M","R","BOSS","M","?","$","M","$","R","E","R","T","M","?","R","$","M","R","BOSS","M","M","$","M","?","E","M","M","T","$","?","?","?","?","R","BOSS"],"build_version":"2019-09-12","purchased_purges":4,"victory":true,"max_hp_per_floor":[80,80,87,87,87,87,87,87,93,93,93,93,93,93,88,94,94,94,94,94,94,94,94,94,94,100,100,100,100,100,114,114,120,120,120,120,120,120,120,122,122,122,128,128,128,130,130,136,136,142],"card_choices":[{"not_picked":["Havoc","Cleave"],"picked":"Demon Form","floor":6},{"not_picked":["Body Slam","Clash"],"picked":"Twin Strike","floor":8},{"not_picked":["Berserk","Limit Break","Brutality"],"picked":"Bludgeon","floor":16},{"not_picked":["Shrug It Off","Clash","Intimidate"],"picked":"Armaments+1","floor":24},{"not_picked":["Spot Weakness","Second Wind","Thunderclap+1","Havoc+1"],"picked":"Singing Bowl","floor":40},{"not_picked":["Madness","Dramatic Entrance","Impatience"],"picked":"Bandage Up","floor":46},{"not_picked":["Finesse","Secret Technique","Good Instincts","Panache"],"picked":"Singing Bowl","floor":46},{"not_picked":["Dark Shackles","HandOfGreed","Forethought"],"picked":"Dramatic Entrance","floor":46}],"player_experience":149951,"relics_obtained":[{"floor":1,"key":"Nunchaku"},{"floor":4,"key":"Potion Belt"},{"floor":6,"key":"FossilizedHelix"},{"floor":8,"key":"CaptainsWheel"},{"floor":9,"key":"Singing Bowl"},{"floor":11,"key":"Paper Frog"},{"floor":14,"key":"Question Card"},{"floor":18,"key":"Bag of Preparation"},{"floor":21,"key":"Meat on the Bone"},{"floor":24,"key":"HornCleat"},{"floor":26,"key":"Eternal Feather"},{"floor":27,"key":"Bottled Tornado"},{"floor":31,"key":"Mango"},{"floor":35,"key":"Akabeko"},{"floor":36,"key":"Centennial Puzzle"},{"floor":38,"key":"Bottled Lightning"},{"floor":40,"key":"Girya"},{"floor":41,"key":"Dodecahedron"},{"floor":42,"key":"White Beast Statue"},{"floor":43,"key":"Incense Burner"},{"floor":48,"key":"Vajra"}],"event_choices":[{"damage_healed":0,"gold_gain":0,"player_choice":"Success","damage_taken":18,"relics_obtained":["Strawberry"],"max_hp_gain":0,"max_hp_loss":0,"event_name":"Scrap Ooze","floor":3,"gold_loss":0},{"cards_removed":["Defend_R"],"damage_healed":0,"gold_gain":0,"player_choice":"Card Removal","damage_taken":7,"max_hp_gain":0,"max_hp_loss":0,"event_name":"Golden Wing","floor":5,"gold_loss":0},{"cards_removed":["Pain"],"damage_healed":0,"gold_gain":0,"player_choice":"Forget","damage_taken":0,"max_hp_gain":0,"max_hp_loss":0,"event_name":"Living Wall","floor":13,"gold_loss":0},{"cards_removed":["Normality"],"damage_healed":0,"gold_gain":0,"player_choice":"Elegance","damage_taken":0,"max_hp_gain":0,"max_hp_loss":0,"event_name":"Back to Basics","floor":19,"gold_loss":0},{"damage_healed":0,"gold_gain":0,"player_choice":"Upgraded","damage_taken":0,"max_hp_gain":0,"max_hp_loss":0,"event_name":"Upgrade Shrine","floor":28,"gold_loss":0,"cards_upgraded":["Cleave"]},{"damage_healed":0,"gold_gain":0,"player_choice":"Embrace Madness","damage_taken":15,"max_hp_gain":0,"max_hp_loss":0,"event_name":"Winding Halls","floor":39,"gold_loss":0,"cards_obtained":["Madness","Madness"]},{"cards_removed":["Madness"],"damage_healed":0,"gold_gain":0,"player_choice":"Removed Skill","damage_taken":0,"max_hp_gain":0,"max_hp_loss":0,"event_name":"Falling","floor":45,"gold_loss":0},{"damage_healed":0,"gold_gain":0,"player_choice":"Memory 3","damage_taken":10,"max_hp_gain":0,"max_hp_loss":0,"event_name":"SensoryStone","floor":46,"gold_loss":0},{"damage_healed":0,"gold_gain":0,"player_choice":"Paid","damage_taken":0,"relics_obtained":["Red Mask"],"max_hp_gain":0,"max_hp_loss":0,"event_name":"Tomb of Lord Red Mask","floor":47,"gold_loss":95}],"is_beta":true,"boss_relics":[{"not_picked":["Tiny House","SacredBark"],"picked":"Velvet Choker"},{"not_picked":["Runic Cube","Calling Bell"],"picked":"Sozu"}],"items_purged_floors":[2,20,22,37],"is_endless":false,"potions_floor_spawned":[6,14,21,35,42],"ascension_level":0}