{"gold_per_floor":[111,111,129,140,315,315,334,360,405,405,418,418,433,461,461,461],"floor_reached":16,"playtime":1276,"items_purged":[],"score":118,"play_id":"9b3aa786-6fdc-4fcd-a013-a73c230f68d1","local_time":"20190815122839","is_ascension_mode":true,"campfire_choices":[{"floor":6,"key":"RECALL"},{"floor":10,"key":"REST"},{"floor":15,"key":"REST"}],"neow_cost":"PERCENT_DAMAGE","seed_source_timestamp":519385173112100,"circlet_count":0,"master_deck":["Strike_R","Strike_R+1","Strike_R","Strike_R","Strike_R","Defend_R","Defend_R","Defend_R","Defend_R","Bash","Blind+1","Madness","Feel No Pain","Rage","Shockwave","Doubt","Seeing Red","Corruption","Pommel Strike","Intimidate","Barricade"],"relics":["Burning Blood","Paper Frog","Peace Pipe","Lantern"],"potions_floor_usage":[7,11,13,16],"damage_taken":[{"damage":5,"enemies":"Small Slimes","floor":1,"turns":5},{"damage":0,"enemies":"Jaw Worm","floor":3,"turns":3},{"damage":1,"enemies":"Cultist","floor":4,"turns":5},{"damage":2,"enemies":"2 Fungi Beasts","floor":7,"turns":3},{"damage":39,"enemies":"Gremlin Nob","floor":8,"turns":5},{"damage":15,"enemies":"Blue Slaver","floor":11,"turns":6},{"damage":22,"enemies":"Gremlin Gang","floor":13,"turns":5},{"damage":23,"enemies":"Lagavulin","floor":14,"turns":10},{"damage":45,"enemies":"Hexaghost","floor":16,"turns":11}],"seed_played":"-2617045756202408852","potions_obtained":[{"floor":3,"key":"Fire Potion"},{"floor":8,"key":"Regen Potion"},{"floor":11,"key":"Block Potion"},{"floor":14,"key":"Poison Potion"}],"is_trial":false,"path_per_floor":["M","?","M","M","?","R","M","E","T","R","M","T","M","E","R","B"],"character_chosen":"IRONCLAD","items_purchased":[],"campfire_rested":2,"item_purchase_floors":[],"current_hp_per_floor":[57,41,47,52,52,52,56,23,23,47,50,50,34,17,41,0],"gold":461,"neow_bonus":"RANDOM_COLORLESS_2","is_prod":false,"is_daily":false,"chose_seed":false,"campfire_upgraded":0,"win_rate":0,"timestamp":1565843319,"path_taken":["M","?","M","M","?","R","M","E","T","R","M","?","?","E","R","BOSS"],"build_version":"2019-07-17","purchased_purges":0,"victory":false,"max_hp_per_floor":[80,80,80,80,80,80,80,80,80,80,80,80,80,80,80,80],"card_choices":[{"not_picked":["Sword Boomerang","Power Through"],"picked":"Feel No Pain","floor":1},{"not_picked":["Perfected Strike","Body Slam"],"picked":"Rage","floor":3},{"not_picked":["Body Slam","Headbutt"],"picked":"Shockwave","floor":4},{"not_picked":["Perfected Strike","Disarm"],"picked":"Seeing Red","floor":7},{"not_picked":["Demon Form","Bloodletting"],"picked":"Corruption","floor":8},{"not_picked":["Rupture","Feel No Pain"],"picked":"Pommel Strike","floor":11},{"not_picked":["Armaments","Clash"],"picked":"Intimidate","floor":13},{"not_picked":["Thunderclap","Clash"],"picked":"Barricade","floor":14}],"player_experience":20844,"relics_obtained":[{"floor":8,"key":"Paper Frog"},{"floor":12,"key":"Peace Pipe"},{"floor":14,"key":"Lantern"}],"event_choices":[{"damage_healed":0,"gold_gain":0,"player_choice":"Entered Light","damage_taken":16,"max_hp_gain":0,"max_hp_loss":0,"event_name":"Shining Light","floor":2,"gold_loss":0,"cards_upgraded":["Strike_R","Blind"]},{"damage_healed":0,"gold_gain":175,"player_choice":"AGREE","damage_taken":0,"max_hp_gain":0,"max_hp_loss":0,"event_name":"Liars Game","floor":5,"gold_loss":0,"cards_obtained":["Doubt"]}],"is_beta":false,"boss_relics":[],"items_purged_floors":[],"is_endless":false,"potions_floor_spawned":[3,8,11,14],"killed_by":"Hexaghost","ascension_level":1}