{"gold_per_floor":[116,17,34,49,60,60,88,88,172,203,203],"floor_reached":11,"playtime":303,"items_purged":[],"score":166,"play_id":"979a82fd-4c40-4609-9678-13a88d6257a0","local_time":"20190613213054","is_ascension_mode":true,"campfire_choices":[{"data":"Combust","floor":6,"key":"SMITH"},{"data":"Anger","floor":8,"key":"SMITH"}],"neow_cost":"NONE","seed_source_timestamp":4227701667004548,"circlet_count":0,"master_deck":["AscendersBane","Strike_R","Strike_R","Strike_R","Strike_R","Strike_R","Defend_R","Defend_R","Defend_R","Defend_R","Bash+1","Twin Strike","Combust+1","Heavy Blade","Cleave","Anger+1","Clothesline"],"relics":["Burning Blood","Bottled Tornado","Tiny Chest","Orichalcum"],"potions_floor_usage":[7,7,10],"damage_taken":[{"damage":18,"enemies":"Small Slimes","floor":1,"turns":4},{"damage":0,"enemies":"Cultist","floor":3,"turns":2},{"damage":7,"enemies":"Jaw Worm","floor":4,"turns":3},{"damage":11,"enemies":"2 Fungi Beasts","floor":5,"turns":3},{"damage":24,"enemies":"Gremlin Nob","floor":7,"turns":4},{"damage":34,"enemies":"Lagavulin","floor":10,"turns":4},{"damage":17,"enemies":"3 Louse","floor":11,"turns":1}],"seed_played":"208499184567743293","potions_obtained":[{"floor":4,"key":"Ancient Potion"},{"floor":7,"key":"GamblersBrew"}],"is_trial":false,"path_per_floor":["M","$","M","M","M","R","E","R","T","E","M"],"character_chosen":"IRONCLAD","items_purchased":["Combust","Strength Potion"],"campfire_rested":0,"item_purchase_floors":[2,2],"current_hp_per_floor":[56,56,62,61,56,56,38,38,38,10,0],"gold":203,"neow_bonus":"UPGRADE_CARD","is_prod":false,"is_daily":false,"chose_seed":false,"campfire_upgraded":2,"win_rate":0,"timestamp":1560486654,"path_taken":["M","$","M","M","M","R","E","R","T","E","M"],"build_version":"2019-06-12","purchased_purges":0,"victory":false,"max_hp_per_floor":[75,75,75,75,75,75,75,75,75,75,75],"card_choices":[{"not_picked":["True Grit","Pommel Strike"],"picked":"Twin Strike","floor":1},{"not_picked":["Havoc","Barricade"],"picked":"Heavy Blade","floor":3},{"not_picked":["Infernal Blade","True Grit"],"picked":"Cleave","floor":4},{"not_picked":["Pummel","Body Slam"],"picked":"Anger","floor":5},{"not_picked":["Blood for Blood","Heavy Blade","Pummel"],"picked":"SKIP","floor":7},{"not_picked":["Entrench","Second Wind"],"picked":"Clothesline","floor":10}],"player_experience":1358987,"relics_obtained":[{"floor":7,"key":"Bottled Tornado"},{"floor":9,"key":"Tiny Chest"},{"floor":10,"key":"Orichalcum"}],"event_choices":[],"is_beta":true,"boss_relics":[],"items_purged_floors":[],"is_endless":false,"potions_floor_spawned":[4,7],"killed_by":"3 Louse","ascension_level":20}