{"gold_per_floor":[110,110,35,46,62,62,88,88,88,88,119,162,162,197,197,290,290,315,335,335,16,40,40,59,73,149,168,192,216,216,216,216,312,312,328,18,41,16,16],"floor_reached":39,"playtime":2157,"items_purged":[],"score":742,"play_id":"18b9d9f4-b05e-4d3b-a400-72ec122a3e5e","local_time":"20190908153307","is_ascension_mode":true,"campfire_choices":[{"data":"Bash","floor":6.0,"key":"SMITH"},{"floor":8.0,"key":"REST"},{"data":"Double Tap","floor":15.0,"key":"SMITH"},{"floor":23.0,"key":"REST"},{"floor":30.0,"key":"REST"},{"floor":32.0,"key":"REST"}],"neow_cost":"NONE","seed_source_timestamp":1306038552594800,"circlet_count":0,"master_deck":["AscendersBane","Bash+1","Iron Wave","Headbutt","Anger","Iron Wave","Offering","Double Tap+1","Demon Form","Rupture+1","Cleave+1","Fiend Fire","Writhe","Intimidate","Brutality","Warcry","Pummel","Demon Form","Immolate","Corruption","Blood for Blood","Blood for Blood","Intimidate","Heavy Blade+1","Reaper","Iron Wave","Feel No Pain","True Grit"],"special_seed":0,"relics":["Burning Blood","Nunchaku","Question Card","Shuriken","Golden Idol","Odd Mushroom","Mummified Hand","Pear","Cursed Key","Oddly Smooth Stone","Kunai","Letter Opener","Du-Vu Doll","Pandora\u0027s Box"],"potions_floor_usage":[],"damage_taken":[{"damage":7.0,"enemies":"2 Louse","floor":1.0,"turns":3.0},{"damage":14.0,"enemies":"Jaw Worm","floor":4.0,"turns":6.0},{"damage":2.0,"enemies":"Small Slimes","floor":5.0,"turns":3.0},{"damage":35.0,"enemies":"Lagavulin","floor":7.0,"turns":5.0},{"damage":29.0,"enemies":"The Mushroom Lair","floor":11.0,"turns":4.0},{"damage":8.0,"enemies":"Gremlin Nob","floor":12.0,"turns":4.0},{"damage":11.0,"enemies":"3 Sentries","floor":14.0,"turns":6.0},{"damage":26.0,"enemies":"Hexaghost","floor":16.0,"turns":6.0},{"damage":8.0,"enemies":"Chosen","floor":18.0,"turns":3.0},{"damage":19.0,"enemies":"3 Byrds","floor":19.0,"turns":4.0},{"damage":36.0,"enemies":"Cultist and Chosen","floor":22.0,"turns":6.0},{"damage":15.0,"enemies":"Centurion and Healer","floor":24.0,"turns":4.0},{"damage":10.0,"enemies":"3 Cultists","floor":25.0,"turns":4.0},{"damage":10.0,"enemies":"Snake Plant","floor":27.0,"turns":3.0},{"damage":19.0,"enemies":"Centurion and Healer","floor":28.0,"turns":5.0},{"damage":14.0,"enemies":"Snecko","floor":29.0,"turns":6.0},{"damage":44.0,"enemies":"Automaton","floor":33.0,"turns":8.0},{"damage":27.0,"enemies":"3 Darklings","floor":35.0,"turns":3.0},{"damage":43.0,"enemies":"Orb Walker","floor":37.0,"turns":4.0},{"damage":45,"enemies":"Sphere and 2 Shapes","floor":39,"turns":3}],"seed_played":"7056113117002137553","potions_obtained":[{"floor":7.0,"key":"Explosive Potion"},{"floor":11.0,"key":"LiquidBronze"},{"floor":12.0,"key":"Swift Potion"},{"floor":14.0,"key":"Weak Potion"},{"floor":16.0,"key":"AttackPotion"},{"floor":19.0,"key":"PowerPotion"},{"floor":33.0,"key":"SmokeBomb"},{"floor":35.0,"key":"Ancient Potion"}],"is_trial":false,"path_per_floor":["M","?","?","M","M","R","E","R","T","?","?","E","?","E","R","B",null,"M","M","?","$","M","R","M","M","T","M","M","M","R","?","R","B",null,"M","$","M","$","M"],"character_chosen":"IRONCLAD","items_purchased":["Kunai","Shrug It Off","Reaper","Iron Wave","BloodPotion","True Grit"],"campfire_rested":4,"item_purchase_floors":[21,21,36,36,36,38],"current_hp_per_floor":[74,69,69,61,65,65,36,60,60,60,37,35,35,40,40,20,68,66,53,53,53,23,48,39,35,35,31,18,10,35,35,60,22,69,48,48,34,34,0],"gold":16,"neow_bonus":"TEN_PERCENT_HP_BONUS","is_prod":false,"is_daily":false,"chose_seed":false,"campfire_upgraded":2,"win_rate":0,"timestamp":1567981987,"path_taken":["M","?","?","M","M","R","E","R","T","?","?","E","?","E","R","BOSS","M","M","?","$","M","R","?","M","T","M","M","M","R","?","R","BOSS","M","$","?","?","M"],"build_version":"2019-07-17","purchased_purges":0,"victory":false,"max_hp_per_floor":[82,82,82,82,82,82,82,82,82,74,74,74,74,84,84,84,84,84,84,84,84,84,84,84,84,84,84,84,84,84,84,84,84,84,84,84,84,84,84],"card_choices":[{"not_picked":["Perfected Strike","Heavy Blade","Rage"],"picked":"SKIP","floor":1.0},{"not_picked":["Fire Breathing","Armaments"],"picked":"Iron Wave","floor":4.0},{"not_picked":["Seeing Red","True Grit"],"picked":"Headbutt","floor":5.0},{"not_picked":["Clash","Heavy Blade"],"picked":"Anger","floor":7.0},{"not_picked":["Flex","Twin Strike","True Grit"],"picked":"Iron Wave","floor":11.0},{"not_picked":["Body Slam","Shockwave","Anger"],"picked":"Offering","floor":12.0},{"not_picked":["Clash","Body Slam","Thunderclap"],"picked":"Double Tap","floor":14.0},{"not_picked":["Exhume","Immolate","Bludgeon"],"picked":"Demon Form","floor":16.0},{"not_picked":["Spot Weakness+1","Warcry","Headbutt+1"],"picked":"Rupture+1","floor":18.0},{"not_picked":["Twin Strike","Havoc","Wild Strike","Body Slam"],"picked":"SKIP","floor":19.0},{"not_picked":["Iron Wave","Armaments","Intimidate"],"picked":"Cleave+1","floor":22.0},{"not_picked":["Sentinel","Cleave","Inflame"],"picked":"Fiend Fire","floor":24.0},{"not_picked":["Anger","Sentinel","Pommel Strike","Shockwave"],"picked":"SKIP","floor":25.0},{"not_picked":["Twin Strike","Fire Breathing+1","Carnage"],"picked":"Intimidate","floor":27.0},{"not_picked":["Heavy Blade","Body Slam","Pommel Strike","Intimidate"],"picked":"SKIP","floor":28.0},{"not_picked":["Warcry","Anger","Shrug It Off","True Grit"],"picked":"SKIP","floor":29.0},{"not_picked":["Juggernaut","Exhume","Double Tap"],"picked":"Brutality","floor":33.0},{"not_picked":["Anger","Wild Strike+1","Thunderclap"],"picked":"Heavy Blade+1","floor":35.0},{"not_picked":["Intimidate","Pommel Strike","Burning Pact"],"picked":"Feel No Pain","floor":37.0}],"player_experience":1385802,"relics_obtained":[{"floor":7.0,"key":"Question Card"},{"floor":9.0,"key":"Shuriken"},{"floor":11.0,"key":"Odd Mushroom"},{"floor":12.0,"key":"Mummified Hand"},{"floor":14.0,"key":"Pear"},{"floor":20.0,"key":"Oddly Smooth Stone"},{"floor":26.0,"key":"Letter Opener"}],"event_choices":[{"damage_healed":0.0,"max_hp_gain":0.0,"max_hp_loss":0.0,"gold_gain":0.0,"event_name":"Scrap Ooze","player_choice":"Success","floor":2.0,"gold_loss":0.0,"damage_taken":5.0,"relics_obtained":["Nunchaku"]},{"cards_removed":["Strike_R"],"damage_healed":0.0,"max_hp_gain":0.0,"max_hp_loss":0.0,"gold_gain":0.0,"event_name":"The Cleric","player_choice":"Card Removal","floor":3.0,"gold_loss":75.0,"damage_taken":0.0},{"damage_healed":0.0,"max_hp_gain":0.0,"max_hp_loss":8.0,"gold_gain":0.0,"event_name":"Golden Idol","player_choice":"Lose Max HP","floor":10.0,"gold_loss":0.0,"damage_taken":0.0,"relics_obtained":["Golden Idol"]},{"damage_healed":0.0,"max_hp_gain":0.0,"max_hp_loss":0.0,"gold_gain":0.0,"event_name":"Mushrooms","player_choice":"Fought Mushrooms","floor":11.0,"gold_loss":0.0,"damage_taken":0.0},{"damage_healed":0.0,"max_hp_gain":0.0,"max_hp_loss":0.0,"gold_gain":0.0,"event_name":"Liars Game","player_choice":"Ignored","floor":13.0,"gold_loss":0.0,"damage_taken":0.0},{"damage_healed":0.0,"max_hp_gain":0.0,"max_hp_loss":0.0,"gold_gain":0.0,"event_name":"Wheel of Change","player_choice":"Relic","floor":20.0,"gold_loss":0.0,"damage_taken":0.0},{"cards_removed":["Shrug It Off"],"damage_healed":0.0,"max_hp_gain":0.0,"max_hp_loss":0.0,"gold_gain":0.0,"event_name":"WeMeetAgain","player_choice":"Gave Card","floor":31.0,"gold_loss":0.0,"damage_taken":0.0,"relics_obtained":["Du-Vu Doll"]}],"is_beta":false,"boss_relics":[{"not_picked":["Tiny House","Ectoplasm"],"picked":"Cursed Key"},{"not_picked":["Orrery","Eternal Feather"],"picked":"Pandora\u0027s Box"}],"items_purged_floors":[],"is_endless":false,"potions_floor_spawned":[7,11,12,14,16,19,25,28,33,35],"killed_by":"Sphere and 2 Shapes","ascension_level":17}