{"gold_per_floor":[117,117,13,26,126,126,152,170,250,250,266,229,229,244,244,322,322,334,354,354,354,354,354,369,126,126,149,149,175,175,210,210,284,284,294,312,114,129,1128,1128,1128],"floor_reached":41,"playtime":1456,"items_purged":["Defend_B"],"score":886,"play_id":"9e72d290-1f4e-4987-85ba-b865b2838438","local_time":"20190918013553","is_ascension_mode":true,"campfire_choices":[{"data":"Defragment","floor":6.0,"key":"SMITH"},{"floor":10.0,"key":"REST"},{"data":"Zap","floor":15.0,"key":"SMITH"},{"data":"Sunder","floor":23.0,"key":"SMITH"},{"floor":28.0,"key":"REST"},{"floor":30.0,"key":"REST"},{"data":"Ghostly","floor":32.0,"key":"SMITH"},{"floor":40.0,"key":"REST"}],"neow_cost":"NONE","seed_source_timestamp":7805902139600,"circlet_count":0,"master_deck":["AscendersBane","Strike_B","Strike_B","Strike_B","Strike_B","Defend_B","Defend_B","Defend_B","Zap+1","Dualcast","Leap","Defragment+1","Sweeping Beam","Go for the Eyes","Sunder+1","White Noise","Tempest","Capacitor","FTL","Amplify","Chill","Stack","Ghostly+1","Ghostly","Ghostly","Ghostly","Ghostly","Hologram","Deep Breath","Reinforced Body","Cold Snap","Seek","Leap","Thunder Strike","Coolheaded","Defragment","Parasite","Coolheaded","Normality","Normality"],"special_seed":0,"relics":["Cracked Core","Happy Flower","PreservedInsect","Tiny Chest","Sozu","Chemical X","Potion Belt","Art of War","Unceasing Top","Letter Opener","SlaversCollar"],"potions_floor_usage":[],"damage_taken":[{"damage":4.0,"enemies":"Jaw Worm","floor":1.0,"turns":3.0},{"damage":0.0,"enemies":"Cultist","floor":4.0,"turns":3.0},{"damage":41.0,"enemies":"Gremlin Nob","floor":7.0,"turns":5.0},{"damage":0.0,"enemies":"2 Louse","floor":8.0,"turns":2.0},{"damage":6.0,"enemies":"Red Slaver","floor":11.0,"turns":3.0},{"damage":3.0,"enemies":"2 Fungi Beasts","floor":14.0,"turns":3.0},{"damage":17.0,"enemies":"Hexaghost","floor":16.0,"turns":7.0},{"damage":58.0,"enemies":"3 Byrds","floor":18.0,"turns":5.0},{"damage":15.0,"enemies":"Shell Parasite","floor":19.0,"turns":6.0},{"damage":0.0,"enemies":"Centurion and Healer","floor":24.0,"turns":6.0},{"damage":0.0,"enemies":"Book of Stabbing","floor":29.0,"turns":6.0},{"damage":0.0,"enemies":"Gremlin Leader","floor":31.0,"turns":5.0},{"damage":25.0,"enemies":"Champ","floor":33.0,"turns":11.0},{"damage":17.0,"enemies":"3 Darklings","floor":35.0,"turns":6.0},{"damage":8.0,"enemies":"3 Shapes","floor":36.0,"turns":4.0},{"damage":1.0,"enemies":"Writhing Mass","floor":38.0,"turns":9.0},{"damage":11,"enemies":"Giant Head","floor":41,"turns":1}],"seed_played":"4652109839932801241","potions_obtained":[{"floor":2.0,"key":"FairyPotion"},{"floor":2.0,"key":"DuplicationPotion"}],"is_trial":false,"path_per_floor":["M","?","$","M","?","R","E","M","T","R","M","$","?","M","R","B",null,"M","M","?","?","?","R","M","$","T","T","R","E","R","E","R","B",null,"M","M","$","M","?","R","E"],"character_chosen":"DEFECT","items_purchased":["Defragment","Sweeping Beam","Capacitor","Chemical X","Deep Breath","Coolheaded","Defragment"],"campfire_rested":4,"item_purchase_floors":[3,3,12,25,25,37,37],"current_hp_per_floor":[60,60,60,60,60,60,19,19,19,40,34,34,34,31,31,14,57,21,6,6,6,6,6,6,6,6,6,16,16,26,26,26,1,27,10,2,2,1,1,11,0],"gold":1128,"neow_bonus":"RANDOM_COMMON_RELIC","is_prod":false,"is_daily":false,"chose_seed":false,"campfire_upgraded":4,"win_rate":0,"timestamp":1568788553,"path_taken":["M","?","?","M","?","R","E","M","T","R","?","$","?","M","R","BOSS","M","M","?","?","?","R","M","$","T","?","R","E","R","E","R","BOSS","M","M","$","M","?","R","E"],"build_version":"2019-09-17","purchased_purges":1,"victory":false,"max_hp_per_floor":[71,71,71,71,71,71,71,71,71,71,71,71,71,71,71,71,71,71,71,71,35,35,35,35,35,35,35,35,35,35,35,35,35,35,35,35,35,35,35,35,35],"card_choices":[{"not_picked":["Turbo","Hologram"],"picked":"Leap","floor":1.0},{"not_picked":["Reprogram","Ball Lightning"],"picked":"Go for the Eyes","floor":4.0},{"not_picked":["Skim","Sunder","FTL"],"picked":"SKIP","floor":7.0},{"not_picked":["Skim","FTL"],"picked":"Sunder","floor":7.0},{"not_picked":["Streamline","Stack"],"picked":"White Noise","floor":8.0},{"not_picked":["FTL","Hologram"],"picked":"Tempest","floor":11.0},{"not_picked":["Redo","Tempest"],"picked":"FTL","floor":14.0},{"not_picked":["Core Surge","Machine Learning"],"picked":"Amplify","floor":16.0},{"not_picked":["Redo","Self Repair"],"picked":"Chill","floor":18.0},{"not_picked":["Hologram","Darkness"],"picked":"Stack","floor":19.0},{"not_picked":["Streamline","Redo"],"picked":"Hologram","floor":24.0},{"not_picked":["Beam Cell","Loop"],"picked":"Reinforced Body","floor":29.0},{"not_picked":["Hello World","Redo+1"],"picked":"Cold Snap","floor":31.0},{"not_picked":["Creative AI","Machine Learning"],"picked":"Seek","floor":33.0},{"not_picked":["Skim","Conserve Battery"],"picked":"Leap","floor":35.0},{"not_picked":["Rebound","Cold Snap+1"],"picked":"Thunder Strike","floor":36.0},{"not_picked":["Streamline","Turbo"],"picked":"Coolheaded","floor":38.0}],"player_experience":1381511,"relics_obtained":[{"floor":7.0,"key":"PreservedInsect"},{"floor":9.0,"key":"Tiny Chest"},{"floor":26.0,"key":"Potion Belt"},{"floor":27.0,"key":"Art of War"},{"floor":29.0,"key":"Unceasing Top"},{"floor":31.0,"key":"Letter Opener"}],"event_choices":[{"damage_healed":0.0,"max_hp_gain":0.0,"max_hp_loss":0.0,"gold_gain":0.0,"event_name":"Lab","player_choice":"Got Potions","floor":2.0,"gold_loss":0.0,"damage_taken":0.0},{"damage_healed":0.0,"max_hp_gain":0.0,"max_hp_loss":0.0,"gold_gain":100.0,"event_name":"Golden Shrine","player_choice":"Pray","floor":5.0,"gold_loss":0.0,"damage_taken":0.0},{"damage_healed":0.0,"max_hp_gain":0.0,"max_hp_loss":0.0,"gold_gain":0.0,"event_name":"Liars Game","player_choice":"Ignored","floor":13.0,"gold_loss":0.0,"damage_taken":0.0},{"damage_healed":0.0,"max_hp_gain":0.0,"max_hp_loss":0.0,"gold_gain":0.0,"event_name":"Cursed Tome","player_choice":"Ignored","floor":20.0,"gold_loss":0.0,"damage_taken":0.0},{"damage_healed":0.0,"max_hp_gain":0.0,"max_hp_loss":36.0,"gold_gain":0.0,"event_name":"Ghosts","player_choice":"Became a Ghost","floor":21.0,"gold_loss":0.0,"damage_taken":0.0,"cards_obtained":["Ghostly","Ghostly","Ghostly","Ghostly","Ghostly"]},{"damage_healed":0.0,"max_hp_gain":0.0,"max_hp_loss":0.0,"gold_gain":0.0,"event_name":"Vampires","player_choice":"Ignored","floor":22.0,"gold_loss":0.0,"damage_taken":0.0},{"damage_healed":0.0,"max_hp_gain":0.0,"max_hp_loss":0.0,"gold_gain":999.0,"event_name":"MindBloom","player_choice":"Gold","floor":39.0,"gold_loss":0.0,"damage_taken":0.0,"cards_obtained":["Normality","Normality"]}],"is_beta":true,"boss_relics":[{"not_picked":["Coffee Dripper","Fusion Hammer"],"picked":"Sozu"},{"not_picked":["Empty Cage","Velvet Choker"],"picked":"SlaversCollar"}],"items_purged_floors":[37],"is_endless":false,"potions_floor_spawned":[8,14,18,24,31,36,38],"killed_by":"Giant Head","ascension_level":14}