{"gold_per_floor":[217,22,35,35,52,82,98,98,124,141,174,174,174,188,188,293,293,307,321,321,339,98,98,133,149,175,195,195,49,49,49,49,152,152,164,164,39,54,69,69,95,95,95,107,136,136,10,10,10,10],"floor_reached":51,"playtime":5026,"items_purged":["Strike_P","Strike_P","Defend_P+1"],"score":1103,"play_id":"6f637e7f-68ab-44cf-a8c2-b532fbbfafe8","local_time":"20190916101052","is_ascension_mode":true,"campfire_choices":[{"floor":8.0,"key":"REST"},{"data":"CarveReality","floor":13.0,"key":"SMITH"},{"data":"WreathOfFlame","floor":15.0,"key":"SMITH"},{"floor":23.0,"key":"REST"},{"floor":28.0,"key":"REST"},{"data":"Establishment","floor":30.0,"key":"SMITH"},{"data":"Protect","floor":32.0,"key":"SMITH"},{"floor":40.0,"key":"REST"},{"floor":42.0,"key":"REST"},{"floor":46.0,"key":"DIG"},{"data":"Adaptation","floor":49.0,"key":"SMITH"}],"neow_cost":"NONE","seed_source_timestamp":64794163186200,"circlet_count":0,"master_deck":["AscendersBane","Strike_P+1","Defend_P+1","Defend_P+1","Eruption","Vigilance","CarveReality+1","Crescendo","FlurryOfBlows","EmptyBody","Consecrate","LessonLearned+1","WreathOfFlame+1","ThirdEye","WindmillStrike","DeusExMachina","Meditate+1","Vault","Establishment+1","Fasting","Devotion+1","FearNoEvil+1","EmptyMind+1","Crescendo+1","Blasphemy+1","Protect+1","Ragnarok+1","Worship+1","ClearTheMind+1","Adaptation+1","ForeignInfluence+1"],"special_seed":0,"relics":["PureWater","Dream Catcher","Ancient Tea Set","PreservedInsect","Pear","Snecko Eye","Pantograph","War Paint","Vajra","Runic Pyramid","Gremlin Horn","Shovel","FossilizedHelix","Kunai"],"potions_floor_usage":[50,50,50],"damage_taken":[{"damage":2.0,"enemies":"Cultist","floor":1.0,"turns":5.0},{"damage":3.0,"enemies":"2 Louse","floor":3.0,"turns":2.0},{"damage":3.0,"enemies":"Small Slimes","floor":5.0,"turns":3.0},{"damage":12.0,"enemies":"Lagavulin","floor":6.0,"turns":7.0},{"damage":8.0,"enemies":"3 Louse","floor":7.0,"turns":4.0},{"damage":0.0,"enemies":"Looter","floor":10.0,"turns":2.0},{"damage":21.0,"enemies":"Gremlin Nob","floor":11.0,"turns":4.0},{"damage":15.0,"enemies":"Lots of Slimes","floor":14.0,"turns":3.0},{"damage":0.0,"enemies":"Slime Boss","floor":16.0,"turns":4.0},{"damage":17.0,"enemies":"2 Thieves","floor":18.0,"turns":4.0},{"damage":10.0,"enemies":"Spheric Guardian","floor":19.0,"turns":4.0},{"damage":22.0,"enemies":"Centurion and Healer","floor":21.0,"turns":8.0},{"damage":11.0,"enemies":"Book of Stabbing","floor":24.0,"turns":4.0},{"damage":12.0,"enemies":"Shelled Parasite and Fungi","floor":25.0,"turns":3.0},{"damage":27.0,"enemies":"Snake Plant","floor":27.0,"turns":3.0},{"damage":18.0,"enemies":"Collector","floor":33.0,"turns":7.0},{"damage":15.0,"enemies":"Orb Walker","floor":35.0,"turns":3.0},{"damage":14.0,"enemies":"3 Shapes","floor":38.0,"turns":5.0},{"damage":11.0,"enemies":"3 Darklings","floor":39.0,"turns":2.0},{"damage":42.0,"enemies":"Giant Head","floor":41.0,"turns":7.0},{"damage":12.0,"enemies":"Sphere and 2 Shapes","floor":44.0,"turns":2.0},{"damage":2.0,"enemies":"Reptomancer","floor":45.0,"turns":3.0},{"damage":46,"enemies":"Awakened One","floor":50,"turns":7}],"seed_played":"-3266298161144688376","potions_obtained":[{"floor":1.0,"key":"Ancient Potion"},{"floor":5.0,"key":"FairyPotion"},{"floor":7.0,"key":"Dexterity Potion"},{"floor":16.0,"key":"SkillPotion"},{"floor":19.0,"key":"Explosive Potion"},{"floor":25.0,"key":"SteroidPotion"},{"floor":35.0,"key":"SkillPotion"}],"is_trial":false,"path_per_floor":["M","$","M","?","M","E","M","R","T","M","E","T","R","M","R","B",null,"M","M","?","M","$","R","E","M","T","M","R","$","R","?","R","B",null,"M","?","$","M","M","R","E","R","T","M","E","R","$","?","R","B",null],"character_chosen":"WATCHER","items_purchased":["Crescendo","FlurryOfBlows","Pantograph","Protect","DuplicationPotion","Weak Potion"],"campfire_rested":5,"item_purchase_floors":[2,2,22,29,47,47],"current_hp_per_floor":[57,57,54,54,51,39,31,50,50,50,29,39,39,24,24,24,62,45,35,35,13,13,35,24,12,12,14,36,36,36,36,36,43,67,52,52,52,38,27,48,6,27,27,15,13,13,13,62,62,16],"gold":10,"neow_bonus":"HUNDRED_GOLD","is_prod":false,"is_daily":false,"chose_seed":false,"campfire_upgraded":5,"win_rate":0,"timestamp":1568621452,"path_taken":["M","$","M","?","?","E","M","R","T","M","E","?","R","M","R","BOSS","M","M","?","M","$","R","E","M","T","?","R","$","R","?","R","BOSS","M","?","$","M","M","R","E","R","T","M","E","R","$","?","R","BOSS"],"build_version":"2019-09-12","purchased_purges":3,"victory":true,"max_hp_per_floor":[65,65,65,65,65,65,65,65,65,65,65,75,75,75,75,75,75,75,75,75,75,75,75,75,75,75,75,75,75,75,75,75,75,75,75,71,71,71,71,71,71,71,71,71,71,71,71,62,62,62],"card_choices":[{"not_picked":["FlurryOfBlows","EmptyMind"],"picked":"CarveReality","floor":1.0},{"not_picked":["ForeignInfluence","Protect"],"picked":"EmptyBody","floor":3.0},{"not_picked":["Tantrum","Devotion"],"picked":"Consecrate","floor":5.0},{"not_picked":["Scrawl","Evaluate"],"picked":"LessonLearned","floor":6.0},{"not_picked":["Weave","MentalFortress"],"picked":"WreathOfFlame","floor":7.0},{"not_picked":["EmptyBody","FollowUp"],"picked":"ThirdEye","floor":8.0},{"not_picked":["EmptyFist","TalkToTheHand"],"picked":"WindmillStrike","floor":10.0},{"not_picked":["EmptyBody","JustLucky"],"picked":"DeusExMachina","floor":11.0},{"not_picked":["Swivel","JustLucky"],"picked":"Meditate","floor":14.0},{"not_picked":["Wallop","DeusExMachina"],"picked":"Vault","floor":16.0},{"not_picked":["ThirdEye","Consecrate+1"],"picked":"Establishment","floor":18.0},{"not_picked":["Consecrate","WreathOfFlame","Establishment"],"picked":"SKIP","floor":19.0},{"not_picked":["JustLucky+1","Sanctity","BowlingBash"],"picked":"SKIP","floor":21.0},{"not_picked":["CleanseEvil","Consecrate"],"picked":"Devotion+1","floor":23.0},{"not_picked":["Weave","BowlingBash"],"picked":"FearNoEvil+1","floor":24.0},{"not_picked":["CrushJoints","Clarity"],"picked":"EmptyMind+1","floor":25.0},{"not_picked":["Weave+1","Prostrate"],"picked":"Crescendo+1","floor":27.0},{"not_picked":["CrushJoints","SpiritShield"],"picked":"Blasphemy","floor":28.0},{"not_picked":["Nirvana","Metaphysics"],"picked":"Ragnarok","floor":33.0},{"not_picked":["Sanctity+1","Fasting"],"picked":"Worship+1","floor":35.0},{"not_picked":["EmptyFist","WindmillStrike","JustLucky+1"],"picked":"SKIP","floor":38.0},{"not_picked":["EmptyMind+1","JustLucky"],"picked":"ClearTheMind+1","floor":39.0},{"not_picked":["Judgement","Crescendo"],"picked":"Adaptation","floor":40.0},{"not_picked":["Crescendo","EmptyFist","StepAndStrike+1"],"picked":"SKIP","floor":41.0},{"not_picked":["JustLucky+1","CrushJoints","Adaptation"],"picked":"SKIP","floor":44.0},{"not_picked":["BowlingBash+1","FlurryOfBlows+1"],"picked":"ForeignInfluence+1","floor":45.0}],"player_experience":681632,"relics_obtained":[{"floor":6.0,"key":"Dream Catcher"},{"floor":9.0,"key":"Ancient Tea Set"},{"floor":11.0,"key":"PreservedInsect"},{"floor":12.0,"key":"Pear"},{"floor":24.0,"key":"War Paint"},{"floor":26.0,"key":"Vajra"},{"floor":41.0,"key":"Gremlin Horn"},{"floor":43.0,"key":"Shovel"},{"floor":45.0,"key":"FossilizedHelix"},{"floor":46.0,"key":"Kunai"}],"event_choices":[{"cards_removed":["Strike_P"],"damage_healed":0.0,"max_hp_gain":0.0,"max_hp_loss":0.0,"gold_gain":0.0,"event_name":"Bonfire Elementals","player_choice":"Offered Basic","floor":4.0,"gold_loss":0.0,"damage_taken":0.0},{"damage_healed":0.0,"max_hp_gain":0.0,"max_hp_loss":0.0,"gold_gain":0.0,"cards_transformed":["Defend_P"],"event_name":"Transmorgrifier","player_choice":"Transformed","floor":20.0,"gold_loss":0.0,"damage_taken":0.0,"cards_obtained":["Fasting"]},{"damage_healed":0.0,"max_hp_gain":0.0,"max_hp_loss":0.0,"gold_gain":0.0,"event_name":"Vampires","player_choice":"Ignored","floor":31.0,"gold_loss":0.0,"damage_taken":0.0},{"damage_healed":0.0,"max_hp_gain":0.0,"max_hp_loss":4.0,"gold_gain":0.0,"event_name":"Winding Halls","player_choice":"Max HP","floor":36.0,"gold_loss":0.0,"damage_taken":0.0},{"damage_healed":62.0,"max_hp_gain":0.0,"max_hp_loss":9.0,"gold_gain":0.0,"event_name":"The Moai Head","player_choice":"Heal","floor":48.0,"gold_loss":0.0,"damage_taken":0.0}],"is_beta":true,"boss_relics":[{"not_picked":["Cursed Key","Calling Bell"],"picked":"Snecko Eye"},{"not_picked":["Coffee Dripper","Runic Dome"],"picked":"Runic Pyramid"}],"items_purged_floors":[2,29,37],"is_endless":false,"potions_floor_spawned":[1,5,7,16,19,21,25,35],"ascension_level":10}