{"gold_per_floor":[110,35,55,55,75,102,102,127,154,154],"floor_reached":10,"playtime":273,"items_purged":["Defend_G"],"score":114,"play_id":"b39dbdd5-98b3-4874-8782-042d98c6d40f","local_time":"20190103190657","is_ascension_mode":true,"campfire_choices":[{"floor":7,"key":"REST"}],"neow_cost":"NONE","seed_source_timestamp":1024121907875543,"circlet_count":0,"master_deck":["AscendersBane","Defend_G","Defend_G","Defend_G","Defend_G","Strike_G","Strike_G","Strike_G","Strike_G","Strike_G","Survivor","Neutralize","All Out Attack","Crippling Poison","Backflip","Cloak And Dagger","Backstab"],"relics":["Ring of the Snake","NeowsBlessing","PreservedInsect","Potion Belt","Centennial Puzzle"],"potions_floor_usage":[8,10],"damage_taken":[{"damage":0,"enemies":"Cultist","floor":1,"turns":1},{"damage":0,"enemies":"Small Slimes","floor":3,"turns":1},{"damage":0,"enemies":"Jaw Worm","floor":5,"turns":1},{"damage":52,"enemies":"Gremlin Nob","floor":6,"turns":6},{"damage":24,"enemies":"Lagavulin","floor":8,"turns":4},{"damage":22,"enemies":"Gremlin Nob","floor":10,"turns":3}],"seed_played":"3887717176795906511","potions_obtained":[{"floor":5,"key":"PowerPotion"},{"floor":6,"key":"Strength Potion"},{"floor":8,"key":"Weak Potion"}],"is_trial":false,"path_per_floor":["M","$","M","$","M","E","R","E","T","E"],"character_chosen":"THE_SILENT","items_purchased":[],"campfire_rested":1,"item_purchase_floors":[],"current_hp_per_floor":[63,63,63,63,63,11,32,8,8,0],"gold":154,"neow_bonus":"THREE_ENEMY_KILL","is_prod":false,"is_daily":false,"chose_seed":false,"campfire_upgraded":0,"win_rate":0,"timestamp":1546560417,"path_taken":["M","?","M","$","?","E","R","E","T","E"],"build_version":"2018-12-20","purchased_purges":1,"victory":false,"max_hp_per_floor":[70,70,70,70,70,70,70,70,70,70],"card_choices":[{"not_picked":["Poisoned Stab","Prepared"],"picked":"All Out Attack","floor":1},{"not_picked":["Backflip","Slice"],"picked":"Crippling Poison","floor":3},{"not_picked":["Heel Hook","Underhanded Strike"],"picked":"Backflip","floor":5},{"not_picked":["Sucker Punch","Underhanded Strike"],"picked":"Cloak And Dagger","floor":6},{"not_picked":["Concentrate","Quick Slash"],"picked":"Backstab","floor":8}],"player_experience":240716,"relics_obtained":[{"floor":6,"key":"PreservedInsect"},{"floor":8,"key":"Potion Belt"},{"floor":9,"key":"Centennial Puzzle"}],"event_choices":[],"is_beta":false,"boss_relics":[],"items_purged_floors":[2],"is_endless":false,"potions_floor_spawned":[5,6,8],"killed_by":"Gremlin Nob","ascension_level":10}