{"gold_per_floor":[114,114,124,143,162,162,197,168,168,196,196,232,212],"floor_reached":13,"playtime":436,"items_purged":[],"score":194,"play_id":"e1007e36-5727-4fe5-bf25-26f052eca9e5","local_time":"20181025172534","is_ascension_mode":true,"campfire_choices":[{"data":"Bouncing Flask","floor":6,"key":"SMITH"}],"neow_cost":"NONE","seed_source_timestamp":2989283420750397,"circlet_count":0,"master_deck":["Defend_G","Defend_G","Defend_G","Defend_G","Defend_G","Strike_G","Strike_G","Strike_G","Strike_G","Strike_G","Survivor","Neutralize+1","AscendersBane","Sucker Punch","Slice","Bouncing Flask+1","Flying Knee","Blur","Bane","Poisoned Stab","Venomology"],"relics":["Ring of the Snake","NeowsBlessing","Ancient Tea Set","Bag of Marbles","Blood Vial","Golden Idol","Gremlin Horn"],"potions_floor_usage":[7,10,12],"damage_taken":[{"damage":0,"enemies":"2 Louse","floor":1,"turns":1},{"damage":0,"enemies":"Jaw Worm","floor":3,"turns":1},{"damage":0,"enemies":"Small Slimes","floor":4,"turns":1},{"damage":4,"enemies":"Blue Slaver","floor":5,"turns":3},{"damage":9,"enemies":"Lagavulin","floor":7,"turns":6},{"damage":7,"enemies":"Exordium Thugs","floor":8,"turns":4},{"damage":17,"enemies":"3 Sentries","floor":10,"turns":6},{"damage":23,"enemies":"Gremlin Nob","floor":12,"turns":4},{"damage":3,"enemies":"Looter","floor":13,"turns":1}],"seed_played":"-3431544202346887225","potions_obtained":[{"floor":1,"key":"Poison Potion"},{"floor":4,"key":"Strength Potion"},{"floor":7,"key":"LiquidBronze"}],"is_trial":false,"path_per_floor":["M","?","M","M","M","R","E","M","T","E","?","E"],"character_chosen":"THE_SILENT","items_purchased":[],"campfire_rested":0,"item_purchase_floors":[],"current_hp_per_floor":[59,59,59,59,55,55,46,39,39,22,22,1,0],"gold":212,"neow_bonus":"THREE_ENEMY_KILL","is_prod":false,"is_daily":false,"chose_seed":false,"campfire_upgraded":1,"win_rate":0,"timestamp":1540513534,"path_taken":["M","?","M","M","M","R","E","M","T","E","?","E","M"],"build_version":"2018-10-25v2","purchased_purges":0,"victory":false,"max_hp_per_floor":[66,66,66,66,66,66,66,66,66,66,60,60,60],"card_choices":[{"not_picked":["Heel Hook","Outmaneuver"],"picked":"Sucker Punch","floor":1},{"not_picked":["Endless Agony","Bane"],"picked":"Slice","floor":3},{"not_picked":["Dagger Throw","PiercingWail"],"picked":"Bouncing Flask","floor":4},{"not_picked":["Distraction","Blade Dance"],"picked":"Flying Knee","floor":5},{"not_picked":["Outmaneuver","Quick Slash"],"picked":"Blur","floor":7},{"not_picked":["Finisher","Concentrate"],"picked":"Bane","floor":8},{"not_picked":["Backflip","Blur"],"picked":"Poisoned Stab","floor":10},{"not_picked":["Quick Slash","Sucker Punch"],"picked":"Venomology","floor":12}],"player_experience":997869,"relics_obtained":[{"floor":7,"key":"Ancient Tea Set"},{"floor":9,"key":"Bag of Marbles"},{"floor":10,"key":"Blood Vial"},{"floor":12,"key":"Gremlin Horn"}],"event_choices":[{"damage_healed":0,"gold_gain":0,"player_choice":"Grow","damage_taken":0,"max_hp_gain":0,"max_hp_loss":0,"event_name":"Living Wall","floor":2,"gold_loss":0,"cards_upgraded":["Neutralize"]},{"damage_healed":0,"gold_gain":0,"player_choice":"Lose Max HP","damage_taken":0,"relics_obtained":["Golden Idol"],"max_hp_gain":0,"max_hp_loss":6,"event_name":"Golden Idol","floor":11,"gold_loss":0}],"is_beta":true,"boss_relics":[],"items_purged_floors":[],"is_endless":false,"potions_floor_spawned":[1,4,7],"killed_by":"Looter","ascension_level":17}