{"gold_per_floor":[111,40,40,190,39,64,82,82,82,99,23,23,42,92,92,169,169,180,51,65,65,77,77,77],"floor_reached":24,"playtime":461,"items_purged":["Doubt"],"score":383,"play_id":"abdfc04b-6c63-4bcc-893b-f2ff1d9c3868","local_time":"20190918152143","is_ascension_mode":true,"campfire_choices":[{"data":"Zap","floor":8.0,"key":"SMITH"},{"data":"Static Discharge","floor":15,"key":"SMITH"},{"floor":23,"key":"REST"}],"neow_cost":"NONE","seed_source_timestamp":58687629916000,"circlet_count":0,"master_deck":["AscendersBane","Strike_B","Strike_B","Strike_B","Defend_B","Defend_B","Defend_B","Defend_B","Zap+1","Dualcast","Genetic Algorithm","White Noise","All For One","Streamline","Coolheaded","Biased Cognition","Static Discharge+1","Beam Cell+1","Glacier","Rainbow","Leap","Go for the Eyes+1","Chaos","Ghostly","Ghostly","Ghostly","Recycle+1"],"special_seed":0,"relics":["Cracked Core","NeowsBlessing","Akabeko","Molten Egg 2","Black Star"],"potions_floor_usage":[16],"damage_taken":[{"damage":0.0,"enemies":"Cultist","floor":1.0,"turns":1.0},{"damage":0.0,"enemies":"Lagavulin","floor":6.0,"turns":1.0},{"damage":0.0,"enemies":"2 Louse","floor":7.0,"turns":1.0},{"damage":2.0,"enemies":"Jaw Worm","floor":10.0,"turns":2.0},{"damage":12.0,"enemies":"Exordium Wildlife","floor":13.0,"turns":3.0},{"damage":42,"enemies":"The Guardian","floor":16,"turns":6},{"damage":4,"enemies":"Spheric Guardian","floor":18,"turns":3},{"damage":13,"enemies":"Shell Parasite","floor":20,"turns":3},{"damage":22,"enemies":"Chosen and Byrds","floor":22,"turns":8},{"damage":25,"enemies":"Masked Bandits","floor":24,"turns":2}],"seed_played":"6021988587196242062","potions_obtained":[{"floor":6.0,"key":"SteroidPotion"},{"floor":13.0,"key":"AttackPotion"},{"floor":16,"key":"EssenceOfSteel"},{"floor":20,"key":"FocusPotion"}],"is_trial":false,"path_per_floor":["M","$","?","?","$","E","M","R","T","M","$","?","M","?","R","B",null,"M","$","M","?","M","R","?"],"character_chosen":"DEFECT","items_purchased":["White Noise","All For One","Static Discharge","Go for the Eyes+1"],"campfire_rested":1,"item_purchase_floors":[2,5,11,19],"current_hp_per_floor":[64,64,64,64,64,64,64,64,64,62,62,62,50,43,43,1,54,50,50,37,35,13,23,0],"gold":77,"neow_bonus":"THREE_ENEMY_KILL","is_prod":false,"is_daily":false,"chose_seed":false,"campfire_upgraded":2,"win_rate":0,"timestamp":1568838103,"path_taken":["M","?","?","?","$","E","M","R","T","?","$","?","M","?","R","BOSS","M","?","?","?","M","R","?"],"build_version":"2019-09-18","purchased_purges":1,"victory":false,"max_hp_per_floor":[71,71,71,71,71,71,71,71,71,71,71,71,71,71,71,71,71,71,71,71,35,35,35,35],"card_choices":[{"not_picked":["Streamline","Sweeping Beam"],"picked":"Genetic Algorithm","floor":1.0},{"not_picked":["Scrape","Static Discharge"],"picked":"Streamline","floor":6.0},{"not_picked":["Turbo","Sweeping Beam"],"picked":"Coolheaded","floor":7.0},{"not_picked":["Barrage+1","Turbo"],"picked":"Biased Cognition","floor":10.0},{"not_picked":["Chaos","Redo"],"picked":"Glacier","floor":13.0},{"not_picked":["Fission","Machine Learning"],"picked":"Rainbow","floor":16},{"not_picked":["Stack","Auto Shields"],"picked":"Leap","floor":18},{"not_picked":["Coolheaded","Beam Cell+1"],"picked":"Chaos","floor":20},{"not_picked":["Ball Lightning+1","Consume"],"picked":"Recycle+1","floor":22}],"player_experience":1388702,"relics_obtained":[{"floor":6.0,"key":"Akabeko"},{"floor":9.0,"key":"Molten Egg 2"}],"event_choices":[{"damage_healed":0.0,"max_hp_gain":0.0,"max_hp_loss":0.0,"gold_gain":0.0,"event_name":"The Cleric","player_choice":"Leave","floor":3.0,"gold_loss":0.0,"damage_taken":0.0},{"damage_healed":0.0,"max_hp_gain":0.0,"max_hp_loss":0.0,"gold_gain":150.0,"event_name":"Liars Game","player_choice":"AGREE","floor":4.0,"gold_loss":0.0,"damage_taken":0.0,"cards_obtained":["Doubt"]},{"damage_healed":0.0,"max_hp_gain":0.0,"max_hp_loss":0.0,"gold_gain":0.0,"cards_transformed":["Strike_B"],"event_name":"Living Wall","player_choice":"Change","floor":12.0,"gold_loss":0.0,"damage_taken":0.0,"cards_obtained":["Beam Cell"]},{"damage_healed":0,"gold_gain":50,"player_choice":"Touch","damage_taken":7,"max_hp_gain":0,"max_hp_loss":0,"event_name":"FaceTrader","floor":14,"gold_loss":0},{"damage_healed":0,"gold_gain":0,"player_choice":"Became a Ghost","damage_taken":0,"max_hp_gain":0,"max_hp_loss":36,"event_name":"Ghosts","floor":21,"gold_loss":0,"cards_obtained":["Ghostly","Ghostly","Ghostly"]},{"damage_healed":0,"gold_gain":0,"player_choice":"Fought Bandits","damage_taken":0,"max_hp_gain":0,"max_hp_loss":0,"event_name":"Masked Bandits","floor":24,"gold_loss":0}],"is_beta":true,"boss_relics":[{"not_picked":["Ectoplasm","Coffee Dripper"],"picked":"Black Star"}],"items_purged_floors":[19],"is_endless":false,"potions_floor_spawned":[6,13,16,20,22],"killed_by":"Masked Bandits","ascension_level":15}