{"gold_per_floor":[117,117,117,137,149,174,187,219,268,268,332,345,345,356,356,451,451,471,471,28,47,137,163,175,175,175,175,14,47,47],"floor_reached":30,"playtime":2662,"items_purged":["Strike_B"],"score":360,"play_id":"a7da19f7-4352-4280-bb43-a88da7ee316b","local_time":"20181228011652","is_ascension_mode":true,"campfire_choices":[{"data":"Glacier","floor":10.0,"key":"SMITH"},{"floor":13.0,"key":"REST"},{"floor":15.0,"key":"REST"},{"floor":25.0,"key":"REST"},{"data":"Sunder","floor":27.0,"key":"SMITH"}],"neow_cost":"NONE","seed_source_timestamp":438995057639420,"circlet_count":0,"master_deck":["Strike_B","Strike_B","Strike_B+1","Defend_B+1","Defend_B","Defend_B","Defend_B","Zap+1","Dualcast","BootSequence","Reinforced Body","Scrape","Glacier+1","Reprogram","Coolheaded","Creative AI+1","Seek","Gash+1","FTL","Sunder+1","Loop+1","Mind Blast","Loop+1","Leap+1","Panache+1"],"special_seed":0,"relics":["Cracked Core","NeowsBlessing","Frozen Egg 2","Blue Candle","Bag of Marbles","Tiny Chest","Inserter","Sundial","Membership Card","Blood Vial","Anchor","Toxic Egg 2","Bottled Flame","Vajra","Lantern"],"potions_floor_usage":[],"damage_taken":[{"damage":0.0,"enemies":"Jaw Worm","floor":1.0,"turns":1.0},{"damage":0.0,"enemies":"2 Louse","floor":4.0,"turns":1.0},{"damage":0.0,"enemies":"Cultist","floor":5.0,"turns":1.0},{"damage":22.0,"enemies":"3 Sentries","floor":6.0,"turns":8.0},{"damage":1.0,"enemies":"Gremlin Gang","floor":7.0,"turns":6.0},{"damage":0.0,"enemies":"Lagavulin","floor":8.0,"turns":8.0},{"damage":35.0,"enemies":"Gremlin Nob","floor":11.0,"turns":5.0},{"damage":0.0,"enemies":"Exordium Thugs","floor":12.0,"turns":4.0},{"damage":0.0,"enemies":"3 Louse","floor":14.0,"turns":3.0},{"damage":26.0,"enemies":"The Guardian","floor":16.0,"turns":15.0},{"damage":14.0,"enemies":"Spheric Guardian","floor":18.0,"turns":8.0},{"damage":9.0,"enemies":"2 Thieves","floor":21.0,"turns":3.0},{"damage":17.0,"enemies":"Slavers","floor":23.0,"turns":5.0},{"damage":28.0,"enemies":"Cultist and Chosen","floor":24.0,"turns":6.0},{"damage":23.0,"enemies":"Gremlin Leader","floor":29.0,"turns":8.0},{"damage":10,"enemies":"Centurion and Healer","floor":30,"turns":4}],"seed_played":"5506653481954420802","potions_obtained":[{"floor":4.0,"key":"FearPotion"},{"floor":5.0,"key":"Poison Potion"},{"floor":11.0,"key":"Strength Potion"},{"floor":14.0,"key":"Strength Potion"},{"floor":18.0,"key":"GamblersBrew"},{"floor":21.0,"key":"FairyPotion"},{"floor":24.0,"key":"SteroidPotion"}],"is_trial":false,"path_per_floor":["M","?","?","M","M","E","M","E","T","R","E","M","R","M","R","B",null,"M","T","$","M","?","E","M","R","T","R","$","E","M"],"character_chosen":"DEFECT","items_purchased":["Membership Card","FTL","Sunder","Blood Vial","Anchor","Panache+1","Vajra"],"campfire_rested":3,"item_purchase_floors":[20,20,20,20,20,28,28],"current_hp_per_floor":[75,60,60,60,60,38,37,37,37,37,2,2,24,24,46,20,75,61,61,61,54,33,18,7,29,29,29,29,8,0],"gold":47,"neow_bonus":"THREE_ENEMY_KILL","is_prod":false,"is_daily":false,"chose_seed":false,"campfire_upgraded":2,"win_rate":0,"timestamp":1545977812,"path_taken":["M","?","?","M","?","E","?","E","T","R","E","M","R","M","R","BOSS","M","?","$","M","?","E","M","R","T","R","$","E","?"],"build_version":"2018-12-20","purchased_purges":1,"victory":false,"max_hp_per_floor":[75,75,75,75,75,75,75,75,75,75,75,75,75,75,75,75,75,75,75,75,75,75,75,75,75,75,75,75,75,75],"card_choices":[{"not_picked":["Turbo","Static Discharge"],"picked":"BootSequence","floor":1.0},{"not_picked":["Redo","Double Energy"],"picked":"Reinforced Body","floor":4.0},{"not_picked":["Doom and Gloom","Compile Driver"],"picked":"Scrape","floor":5.0},{"not_picked":["Reprogram","All For One"],"picked":"Glacier","floor":6.0},{"not_picked":["Gash","Hologram"],"picked":"Reprogram","floor":7.0},{"not_picked":["Beam Cell","Melter"],"picked":"Coolheaded","floor":8.0},{"not_picked":["Redo","Go for the Eyes"],"picked":"Creative AI+1","floor":11.0},{"not_picked":["Static Discharge+1","Sweeping Beam","Recycle"],"picked":"SKIP","floor":12.0},{"not_picked":["Stack","Go for the Eyes","Beam Cell"],"picked":"SKIP","floor":14.0},{"not_picked":["Machine Learning+1","Reboot"],"picked":"Seek","floor":16.0},{"not_picked":["Turbo+1","Genetic Algorithm"],"picked":"Gash+1","floor":18.0},{"not_picked":["Sweeping Beam","Force Field"],"picked":"Loop+1","floor":21.0},{"not_picked":["Leap","Hyperbeam"],"picked":"Loop+1","floor":23.0},{"not_picked":["Stack+1","Static Discharge+1"],"picked":"Leap+1","floor":24.0},{"not_picked":["Streamline+1","Leap+1","Stack+1"],"picked":"SKIP","floor":29.0}],"player_experience":208565,"relics_obtained":[{"floor":6.0,"key":"Frozen Egg 2"},{"floor":8.0,"key":"Blue Candle"},{"floor":9.0,"key":"Bag of Marbles"},{"floor":11.0,"key":"Tiny Chest"},{"floor":19.0,"key":"Sundial"},{"floor":23.0,"key":"Toxic Egg 2"},{"floor":26.0,"key":"Bottled Flame"},{"floor":29.0,"key":"Lantern"}],"event_choices":[{"damage_healed":0.0,"max_hp_gain":0.0,"max_hp_loss":0.0,"gold_gain":0.0,"event_name":"Shining Light","player_choice":"Entered Light","floor":2.0,"gold_loss":0.0,"damage_taken":15.0,"cards_upgraded":["Defend_B","Strike_B"]},{"damage_healed":0.0,"max_hp_gain":0.0,"max_hp_loss":0.0,"gold_gain":0.0,"event_name":"Upgrade Shrine","player_choice":"Upgraded","floor":3.0,"gold_loss":0.0,"damage_taken":0.0,"cards_upgraded":["Zap"]},{"damage_healed":0.0,"max_hp_gain":0.0,"max_hp_loss":0.0,"gold_gain":90.0,"event_name":"Knowing Skull","player_choice":"GOLD CARD ","floor":22.0,"potions_obtained":[],"gold_loss":0.0,"damage_taken":21.0,"cards_obtained":["Mind Blast"]},{"damage_healed":0.0,"max_hp_gain":0.0,"max_hp_loss":0.0,"gold_gain":90.0,"event_name":"Knowing Skull","player_choice":"GOLD CARD ","floor":22.0,"potions_obtained":[],"gold_loss":0.0,"damage_taken":21.0,"cards_obtained":["Mind Blast"]}],"is_beta":false,"boss_relics":[{"not_picked":["FrozenCore","Ectoplasm"],"picked":"Inserter"}],"items_purged_floors":[20],"is_endless":false,"potions_floor_spawned":[4,5,11,14,18,21,24],"killed_by":"Centurion and Healer","ascension_level":3}