{"gold_per_floor":[114,114,34,53,67,67,102,102,127,127,152,9,184,184],"floor_reached":14,"playtime":1137,"items_purged":[],"score":96,"play_id":"03161b6e-bb6f-4902-860d-06c76bec5ee4","local_time":"20190910060200","is_ascension_mode":false,"campfire_choices":[{"data":"Eruption","floor":6,"key":"SMITH"},{"data":"Sanctity","floor":8,"key":"SMITH"},{"floor":10,"key":"REST"}],"neow_cost":"NONE","seed_source_timestamp":310016955420610,"circlet_count":0,"master_deck":["Strike_P","Strike_P","Strike_P","Defend_P","Defend_P","Defend_P","Defend_P","Eruption+1","Vigilance","WaveOfTheHand","FlurryOfBlows","Collect","Sanctity+1","EmptyBody","Meditate","Doubt"],"special_seed":0,"relics":["PureWater","Boot","Melange","Mummified Hand","Centennial Puzzle"],"potions_floor_usage":[7],"damage_taken":[{"damage":0.0,"enemies":"Cultist","floor":1.0,"turns":3.0},{"damage":3.0,"enemies":"Small Slimes","floor":4.0,"turns":2.0},{"damage":5.0,"enemies":"2 Louse","floor":5.0,"turns":3.0},{"damage":28,"enemies":"Lagavulin","floor":7,"turns":3},{"damage":34,"enemies":"3 Sentries","floor":11,"turns":7},{"damage":21,"enemies":"Large Slime","floor":14,"turns":3}],"seed_played":"-2221293102150611899","potions_obtained":[{"floor":1.0,"key":"Explosive Potion"},{"floor":11,"key":"PowerPotion"}],"is_trial":false,"path_per_floor":["M","?","$","M","M","R","E","R","T","R","E","$","?","M"],"character_chosen":"WATCHER","items_purchased":["FlurryOfBlows","Centennial Puzzle"],"campfire_rested":1,"item_purchase_floors":[3,12],"current_hp_per_floor":[71,64,64,61,56,56,28,28,28,49,15,15,15,0],"gold":184,"neow_bonus":"TEN_PERCENT_HP_BONUS","is_prod":false,"is_daily":false,"chose_seed":false,"campfire_upgraded":2,"win_rate":0.0,"timestamp":1568088120,"path_taken":["M","?","$","M","M","R","E","R","T","R","E","$","?","M"],"build_version":"2019-09-09v2","purchased_purges":0,"victory":false,"max_hp_per_floor":[71,71,71,71,71,71,71,71,71,71,71,71,71,71],"card_choices":[{"not_picked":["ForeignInfluence","Collect"],"picked":"WaveOfTheHand","floor":1.0},{"not_picked":["BowlingBash","FlyingSleeves"],"picked":"Collect","floor":4.0},{"not_picked":["EmptyMind","CarveReality"],"picked":"Sanctity","floor":5},{"not_picked":["EmptyFist","Vengeance"],"picked":"EmptyBody","floor":7},{"not_picked":["FlyingSleeves","Sanctity"],"picked":"Meditate","floor":11}],"player_experience":601381,"relics_obtained":[{"floor":7,"key":"Boot"},{"floor":9,"key":"Melange"},{"floor":11,"key":"Mummified Hand"}],"event_choices":[{"cards_removed":["Strike_P"],"damage_healed":0.0,"max_hp_gain":0.0,"max_hp_loss":0.0,"gold_gain":0.0,"event_name":"Golden Wing","player_choice":"Card Removal","floor":2.0,"gold_loss":0.0,"damage_taken":7.0},{"damage_healed":0,"gold_gain":175,"player_choice":"AGREE","damage_taken":0,"max_hp_gain":0,"max_hp_loss":0,"event_name":"Liars Game","floor":13,"gold_loss":0,"cards_obtained":["Doubt"]}],"is_beta":true,"boss_relics":[],"items_purged_floors":[],"is_endless":false,"potions_floor_spawned":[1,11],"killed_by":"Large Slime","ascension_level":0}