{"gold_per_floor":[116,41,52,52,67,67,67,67,67,67,82,97,97],"floor_reached":13,"playtime":435,"items_purged":[],"score":139,"play_id":"e8f3e2e7-60f9-47e5-b9d9-ff6a9d41de3d","local_time":"20190312221816","is_ascension_mode":true,"campfire_choices":[{"data":"Bash","floor":6,"key":"SMITH"},{"data":"Clothesline","floor":8,"key":"SMITH"},{"data":"Shockwave","floor":10,"key":"SMITH"}],"neow_cost":"NONE","seed_source_timestamp":242081293673862,"circlet_count":0,"master_deck":["AscendersBane","Strike_R","Strike_R","Strike_R","Strike_R","Defend_R","Defend_R","Defend_R","Defend_R","Bash+1","Shockwave+1","Clothesline+1","Armaments","Battle Trance"],"relics":["Burning Blood","NeowsBlessing","Golden Idol","Mummified Hand"],"potions_floor_usage":[11,12,13],"damage_taken":[{"damage":0,"enemies":"Small Slimes","floor":1,"turns":1},{"damage":0,"enemies":"Jaw Worm","floor":3,"turns":1},{"damage":0,"enemies":"Cultist","floor":5,"turns":1},{"damage":28,"enemies":"Lots of Slimes","floor":11,"turns":6},{"damage":34,"enemies":"Exordium Thugs","floor":12,"turns":5},{"damage":30,"enemies":"3 Sentries","floor":13,"turns":5}],"seed_played":"8790538088126221034","potions_obtained":[{"floor":5,"key":"Ancient Potion"},{"floor":11,"key":"Poison Potion"},{"floor":12,"key":"Ancient Potion"}],"is_trial":false,"path_per_floor":["M","?","M","?","M","R","?","R","T","R","M","M","E"],"character_chosen":"IRONCLAD","items_purchased":[],"campfire_rested":0,"item_purchase_floors":[],"current_hp_per_floor":[74,74,75,68,68,68,73,73,73,73,51,23,0],"gold":97,"neow_bonus":"THREE_ENEMY_KILL","is_prod":false,"is_daily":false,"chose_seed":false,"campfire_upgraded":3,"win_rate":0,"timestamp":1552425496,"path_taken":["M","?","M","?","M","R","?","R","T","R","M","M","E"],"build_version":"2019-02-06","purchased_purges":0,"victory":false,"max_hp_per_floor":[75,75,75,68,68,68,73,73,73,73,73,73,73],"card_choices":[{"not_picked":["Perfected Strike","Iron Wave"],"picked":"Shockwave","floor":1},{"not_picked":["Wild Strike","Pommel Strike"],"picked":"Clothesline","floor":3},{"not_picked":["Iron Wave","Flame Barrier"],"picked":"Armaments","floor":5},{"not_picked":["Armaments","Twin Strike","Hemokinesis"],"picked":"SKIP","floor":11},{"not_picked":["Twin Strike","Cleave"],"picked":"Battle Trance","floor":12}],"player_experience":224506,"relics_obtained":[{"floor":9,"key":"Mummified Hand"}],"event_choices":[{"cards_removed":["Strike_R"],"damage_healed":0,"gold_gain":0,"player_choice":"Card Removal","damage_taken":0,"max_hp_gain":0,"max_hp_loss":0,"event_name":"The Cleric","floor":2,"gold_loss":75},{"damage_healed":0,"gold_gain":0,"player_choice":"Lose Max HP","damage_taken":0,"relics_obtained":["Golden Idol"],"max_hp_gain":0,"max_hp_loss":7,"event_name":"Golden Idol","floor":4,"gold_loss":0},{"damage_healed":0,"gold_gain":0,"player_choice":"Donut","damage_taken":0,"max_hp_gain":5,"max_hp_loss":0,"event_name":"Big Fish","floor":7,"gold_loss":0}],"is_beta":true,"boss_relics":[],"items_purged_floors":[],"is_endless":false,"potions_floor_spawned":[5,11,12],"killed_by":"3 Sentries","ascension_level":17}