{"gold_per_floor":[112,112,112,124,124,124,153,10,33,33,33,49,69,80,80,159,159,179,179,278,294,308,335,355,355,379,50,50,61,61,95,95,167,167,177,34,34,47,58,58,77,77,149,149,162,172,17,17,17,17],"floor_reached":51,"playtime":3097,"items_purged":[],"score":1076,"play_id":"4a8e43a6-9cc8-4f89-9898-9c91e40ca131","local_time":"20190311190615","is_ascension_mode":true,"campfire_choices":[{"floor":6.0,"key":"REST"},{"data":"Iron Wave","floor":11.0,"key":"SMITH"},{"data":"Shockwave","floor":15.0,"key":"SMITH"},{"data":"Havoc","floor":25.0,"key":"SMITH"},{"floor":28.0,"key":"REST"},{"floor":30.0,"key":"REST"},{"floor":32.0,"key":"REST"},{"floor":40.0,"key":"REST"},{"floor":42,"key":"REST"},{"floor":49,"key":"REST"}],"neow_cost":"CURSE","seed_source_timestamp":0,"circlet_count":0,"master_deck":["AscendersBane","Strike_R","Strike_R","Strike_R","Strike_R","Defend_R","Defend_R","Defend_R+1","Defend_R","Bash+1","Juggernaut+1","Inflame+1","Dropkick","Iron Wave+1","Shockwave+1","Anger","Bludgeon","Havoc+1","J.A.X.","Burning Pact","Immolate","Iron Wave+1","Shrug It Off","Disarm","Impervious","Offering","Battle Trance","Demon Form","Rage+1","True Grit","Disarm+1","Limit Break"],"special_seed":0,"relics":["Burning Blood","Blood Vial","Bronze Scales","Centennial Puzzle","Mark of Pain","Gremlin Horn","Bag of Marbles","Ornamental Fan","Happy Flower","Philosopher\u0027s Stone","Shuriken"],"potions_floor_usage":[46,50],"damage_taken":[{"damage":10.0,"enemies":"Small Slimes","floor":1.0,"turns":4.0},{"damage":6.0,"enemies":"2 Louse","floor":4.0,"turns":3.0},{"damage":14.0,"enemies":"Lagavulin","floor":7.0,"turns":6.0},{"damage":5.0,"enemies":"Jaw Worm","floor":12.0,"turns":3.0},{"damage":10.0,"enemies":"Large Slime","floor":13.0,"turns":5.0},{"damage":1.0,"enemies":"Gremlin Gang","floor":14.0,"turns":4.0},{"damage":25.0,"enemies":"Slime Boss","floor":16.0,"turns":7.0},{"damage":5.0,"enemies":"Shell Parasite","floor":18.0,"turns":3.0},{"damage":20.0,"enemies":"2 Thieves","floor":21.0,"turns":3.0},{"damage":15.0,"enemies":"Chosen and Byrds","floor":22.0,"turns":5.0},{"damage":33.0,"enemies":"Book of Stabbing","floor":23.0,"turns":4.0},{"damage":31.0,"enemies":"Snake Plant","floor":24.0,"turns":3.0},{"damage":17.0,"enemies":"Snecko","floor":29.0,"turns":4.0},{"damage":12.0,"enemies":"Slavers","floor":31.0,"turns":3.0},{"damage":63.0,"enemies":"Collector","floor":33.0,"turns":8.0},{"damage":9.0,"enemies":"3 Darklings","floor":35.0,"turns":1.0},{"damage":15.0,"enemies":"3 Shapes","floor":38.0,"turns":4.0},{"damage":51.0,"enemies":"Maw","floor":39.0,"turns":7.0},{"damage":35,"enemies":"Spire Growth","floor":41,"turns":4},{"damage":0,"enemies":"4 Shapes","floor":45,"turns":2},{"damage":9,"enemies":"Jaw Worm Horde","floor":46,"turns":2},{"damage":56,"enemies":"Donu and Deca","floor":50,"turns":7}],"seed_played":"4035831250829519135","potions_obtained":[{"floor":1.0,"key":"Strength Potion"},{"floor":7.0,"key":"PowerPotion"},{"floor":13.0,"key":"EssenceOfSteel"},{"floor":16.0,"key":"Regen Potion"},{"floor":21.0,"key":"Ancient Potion"},{"floor":22.0,"key":"Fire Potion"},{"floor":35.0,"key":"Weak Potion"},{"floor":41,"key":"EssenceOfSteel"},{"floor":44,"key":"GamblersBrew"}],"is_trial":false,"path_per_floor":["M","?","?","M","?","R","E","$","T","?","R","M","M","M","R","B",null,"M","?","?","M","M","E","M","R","T","$","R","M","R","E","R","B",null,"M","$","?","M","M","R","M","R","T","?","M","M","$","?","R","B",null],"character_chosen":"IRONCLAD","items_purchased":["Bronze Scales","Ornamental Fan","Disarm","Demon Form","Limit Break"],"campfire_rested":7,"item_purchase_floors":[8,27,27,36,47],"current_hp_per_floor":[68,61,61,61,45,69,61,61,61,61,61,64,62,69,69,52,73,76,76,76,64,57,44,21,21,21,21,45,36,60,56,80,23,66,65,65,65,58,15,39,12,36,36,36,44,43,43,43,65,17],"gold":17,"neow_bonus":"THREE_RARE_CARDS","is_prod":false,"is_daily":false,"chose_seed":false,"campfire_upgraded":3,"win_rate":0,"timestamp":1552327575,"path_taken":["M","?","?","M","?","R","E","?","T","?","R","M","M","?","R","BOSS","M","?","?","M","M","E","M","R","T","$","R","M","R","E","R","BOSS","M","$","?","M","M","R","M","R","T","?","M","?","?","?","R","BOSS"],"build_version":"2019-02-06","purchased_purges":0,"victory":true,"max_hp_per_floor":[80,80,80,80,80,80,80,80,80,80,80,80,80,80,80,80,80,80,80,80,80,80,80,80,80,80,80,80,80,80,80,80,80,80,80,80,80,80,80,80,80,80,80,80,80,80,80,76,76,76],"card_choices":[{"not_picked":["Exhume","Brutality"],"picked":"Juggernaut","floor":0.0},{"not_picked":["Carnage","Sword Boomerang"],"picked":"Inflame","floor":1.0},{"not_picked":["Power Through","Thunderclap"],"picked":"Dropkick","floor":4.0},{"not_picked":["Twin Strike","Warcry"],"picked":"Iron Wave","floor":7.0},{"not_picked":["Dropkick","Warcry"],"picked":"Shockwave","floor":12.0},{"not_picked":["Clothesline","Cleave"],"picked":"Anger","floor":13.0},{"not_picked":["Wild Strike","Fire Breathing","Clothesline"],"picked":"SKIP","floor":14.0},{"not_picked":["Dark Embrace","Barricade"],"picked":"Bludgeon","floor":16.0},{"not_picked":["Shockwave+1","Headbutt"],"picked":"Havoc","floor":18.0},{"not_picked":["Twin Strike+1","Sever Soul"],"picked":"Burning Pact","floor":21.0},{"not_picked":["Entrench","Body Slam"],"picked":"Immolate","floor":22.0},{"not_picked":["Headbutt+1","Reckless Charge"],"picked":"Iron Wave+1","floor":23.0},{"not_picked":["Flex","Pommel Strike"],"picked":"Shrug It Off","floor":24.0},{"not_picked":["Blood for Blood","Havoc","Body Slam"],"picked":"SKIP","floor":29.0},{"not_picked":["Juggernaut","Heavy Blade"],"picked":"Impervious","floor":31.0},{"not_picked":["Berserk","Juggernaut"],"picked":"Offering","floor":33.0},{"not_picked":["Armaments","Sword Boomerang"],"picked":"Battle Trance","floor":35.0},{"not_picked":["Wild Strike","True Grit"],"picked":"Rage+1","floor":38.0},{"not_picked":["Iron Wave+1","Searing Blow","Cleave"],"picked":"SKIP","floor":39.0},{"not_picked":["Clothesline+1","Anger"],"picked":"True Grit","floor":41},{"not_picked":["Warcry","Flex+1"],"picked":"Disarm+1","floor":45},{"not_picked":["Power Through","Clash","Perfected Strike+1"],"picked":"SKIP","floor":46}],"player_experience":173985,"relics_obtained":[{"floor":7.0,"key":"Blood Vial"},{"floor":9.0,"key":"Centennial Puzzle"},{"floor":23.0,"key":"Gremlin Horn"},{"floor":26.0,"key":"Bag of Marbles"},{"floor":31.0,"key":"Happy Flower"},{"floor":43,"key":"Shuriken"}],"event_choices":[{"cards_removed":["Clumsy"],"damage_healed":0.0,"max_hp_gain":0.0,"max_hp_loss":0.0,"gold_gain":0.0,"event_name":"Golden Wing","player_choice":"Card Removal","floor":2.0,"gold_loss":0.0,"damage_taken":7.0},{"damage_healed":0.0,"max_hp_gain":0.0,"max_hp_loss":0.0,"gold_gain":0.0,"event_name":"Living Wall","player_choice":"Grow","floor":3.0,"gold_loss":0.0,"damage_taken":0.0,"cards_upgraded":["Bash"]},{"damage_healed":0.0,"max_hp_gain":0.0,"max_hp_loss":0.0,"gold_gain":0.0,"event_name":"Shining Light","player_choice":"Entered Light","floor":5.0,"gold_loss":0.0,"damage_taken":16.0,"cards_upgraded":["Inflame","Defend_R"]},{"damage_healed":0.0,"max_hp_gain":0.0,"max_hp_loss":0.0,"gold_gain":0.0,"event_name":"Accursed Blacksmith","player_choice":"Forge","floor":10.0,"gold_loss":0.0,"damage_taken":0.0,"cards_upgraded":["Juggernaut"]},{"damage_healed":0.0,"max_hp_gain":0.0,"max_hp_loss":0.0,"gold_gain":0.0,"event_name":"Drug Dealer","player_choice":"Obtain J.A.X.","floor":19.0,"gold_loss":0.0,"damage_taken":0.0,"cards_obtained":["J.A.X."]},{"damage_healed":0.0,"max_hp_gain":0.0,"max_hp_loss":0.0,"gold_gain":99.0,"event_name":"Nest","player_choice":"Stole From Cult","floor":20.0,"gold_loss":0.0,"damage_taken":0.0},{"cards_removed":["Strike_R"],"damage_healed":0.0,"max_hp_gain":0.0,"max_hp_loss":0.0,"gold_gain":0.0,"event_name":"Falling","player_choice":"Removed Attack","floor":37.0,"gold_loss":0.0,"damage_taken":0.0},{"damage_healed":0,"gold_gain":0,"player_choice":"Got Potions","damage_taken":0,"max_hp_gain":0,"max_hp_loss":0,"event_name":"Lab","floor":44,"gold_loss":0},{"damage_healed":0,"gold_gain":0,"player_choice":"Max HP","damage_taken":0,"max_hp_gain":0,"max_hp_loss":4,"event_name":"Winding Halls","floor":48,"gold_loss":0}],"is_beta":true,"boss_relics":[{"not_picked":["Ectoplasm","Black Blood"],"picked":"Mark of Pain"},{"not_picked":["Coffee Dripper","Tiny House"],"picked":"Philosopher\u0027s Stone"}],"items_purged_floors":[],"is_endless":false,"potions_floor_spawned":[1,7,13,16,21,22,35,41],"ascension_level":13}