{"gold_per_floor":[115,115,1,13,13,13,26,26,49,49,67,67,67,77,77,151,151,165,165,176,28,43,43,43,43],"floor_reached":25,"playtime":1057,"items_purged":[],"score":382,"play_id":"e47936a3-5088-4df3-8670-6f86992e7ee6","local_time":"20190804165242","is_ascension_mode":true,"campfire_choices":[{"data":"Dualcast","floor":6.0,"key":"SMITH"},{"data":"Scrape","floor":8.0,"key":"SMITH"},{"data":"Sunder","floor":10.0,"key":"SMITH"},{"data":"Sweeping Beam","floor":12.0,"key":"SMITH"},{"data":"Go for the Eyes","floor":15.0,"key":"SMITH"},{"data":"Fission","floor":23,"key":"SMITH"}],"neow_cost":"NONE","seed_source_timestamp":3599961797278200,"circlet_count":0,"master_deck":["AscendersBane","Strike_B","Defend_B","Defend_B","Defend_B","Defend_B","Zap+1","Dualcast+1","Scrape+1","Gash","Sunder+1","Turbo","BootSequence","Sweeping Beam+1","Undo","Go for the Eyes+1","Fission+1","Sweeping Beam","Aggregate","Gash","Good Instincts","Coolheaded+1"],"special_seed":0,"relics":["Cracked Core","NeowsBlessing","Pen Nib","Busted Crown","Cables"],"potions_floor_usage":[22],"damage_taken":[{"damage":0.0,"enemies":"Small Slimes","floor":1.0,"turns":1.0},{"damage":0.0,"enemies":"2 Louse","floor":4.0,"turns":1.0},{"damage":0.0,"enemies":"Cultist","floor":7.0,"turns":1.0},{"damage":1.0,"enemies":"Looter","floor":11.0,"turns":3.0},{"damage":0.0,"enemies":"3 Louse","floor":14.0,"turns":2.0},{"damage":22.0,"enemies":"Slime Boss","floor":16.0,"turns":9.0},{"damage":1.0,"enemies":"Shell Parasite","floor":18.0,"turns":3.0},{"damage":6.0,"enemies":"3 Byrds","floor":20.0,"turns":6.0},{"damage":17,"enemies":"Snake Plant","floor":22,"turns":5},{"damage":52,"enemies":"Gremlin Leader","floor":25,"turns":7}],"seed_played":"680899760945788916","potions_obtained":[{"floor":1.0,"key":"Dexterity Potion"},{"floor":7.0,"key":"FocusPotion"},{"floor":16.0,"key":"Dexterity Potion"}],"is_trial":false,"path_per_floor":["M","?","$","M","?","R","M","R","T","R","M","R","?","M","R","B",null,"M","?","M","$","M","R","T","E"],"character_chosen":"DEFECT","items_purchased":["Gash","Sunder","Gash","Good Instincts"],"campfire_rested":0,"item_purchase_floors":[3,3,21,21],"current_hp_per_floor":[64,57,57,57,57,57,57,57,57,57,56,56,56,56,56,34,62,61,61,55,55,38,38,38,0],"gold":43,"neow_bonus":"THREE_ENEMY_KILL","is_prod":false,"is_daily":false,"chose_seed":false,"campfire_upgraded":6,"win_rate":0,"timestamp":1564962762,"path_taken":["M","?","$","M","?","R","?","R","T","R","M","R","?","M","R","BOSS","M","?","?","$","M","R","?","E"],"build_version":"2019-07-18","purchased_purges":0,"victory":false,"max_hp_per_floor":[71,71,71,71,71,71,71,71,71,71,71,71,71,71,71,71,71,71,71,71,71,71,71,71,71],"card_choices":[{"not_picked":["Hologram","Conserve Battery"],"picked":"Scrape","floor":1.0},{"not_picked":["Rebound","Coolheaded"],"picked":"Turbo","floor":4.0},{"not_picked":["Defragment","Steam"],"picked":"BootSequence","floor":7.0},{"not_picked":["Heatsinks","Amplify"],"picked":"Sweeping Beam","floor":11.0},{"not_picked":["Barrage","Reinforced Body"],"picked":"Go for the Eyes","floor":14.0},{"not_picked":["Biased Cognition","Multi-Cast"],"picked":"Fission","floor":16.0},{"not_picked":[],"picked":"Sweeping Beam","floor":18.0},{"not_picked":["Barrage"],"picked":"SKIP","floor":20.0},{"not_picked":[],"picked":"Coolheaded+1","floor":22}],"player_experience":3511655,"relics_obtained":[{"floor":9.0,"key":"Pen Nib"},{"floor":24,"key":"Cables"}],"event_choices":[{"cards_removed":["Strike_B"],"damage_healed":0.0,"max_hp_gain":0.0,"max_hp_loss":0.0,"gold_gain":0.0,"event_name":"Golden Wing","player_choice":"Card Removal","floor":2.0,"gold_loss":0.0,"damage_taken":7.0},{"damage_healed":0.0,"max_hp_gain":0.0,"max_hp_loss":0.0,"gold_gain":0.0,"event_name":"Upgrade Shrine","player_choice":"Upgraded","floor":5.0,"gold_loss":0.0,"damage_taken":0.0,"cards_upgraded":["Zap"]},{"damage_healed":0.0,"max_hp_gain":0.0,"max_hp_loss":0.0,"gold_gain":0.0,"cards_transformed":["Strike_B"],"event_name":"Living Wall","player_choice":"Change","floor":13.0,"gold_loss":0.0,"damage_taken":0.0,"cards_obtained":["Undo"]},{"damage_healed":0.0,"max_hp_gain":0.0,"max_hp_loss":0.0,"gold_gain":0.0,"cards_transformed":["Strike_B"],"event_name":"Transmorgrifier","player_choice":"Transformed","floor":19.0,"gold_loss":0.0,"damage_taken":0.0,"cards_obtained":["Aggregate"]}],"is_beta":true,"boss_relics":[{"not_picked":["Runic Pyramid","Cursed Key"],"picked":"Busted Crown"}],"items_purged_floors":[],"is_endless":false,"potions_floor_spawned":[1,7,16],"killed_by":"Gremlin Leader","ascension_level":20}