{"gold_per_floor":[109,120,130,130,153,192,192,233,233,233,247,222,222,222],"floor_reached":14,"playtime":529,"items_purged":[],"score":200,"play_id":"6608abff-dfb3-44d2-9f07-d469f22fac5d","local_time":"20181224164255","is_ascension_mode":true,"campfire_choices":[{"floor":7.0,"key":"REST"},{"data":"Defragment","floor":10.0,"key":"SMITH"}],"neow_cost":"NONE","seed_source_timestamp":0,"circlet_count":0,"master_deck":["AscendersBane","Strike_B","Strike_B","Defend_B","Defend_B","Defend_B","Defend_B","Zap","Dualcast","Go for the Eyes","Steam","Coolheaded","Sweeping Beam","Barrage","Defragment+1","Seek","Gash","Leap"],"special_seed":0,"relics":["Cracked Core","Golden Idol","Bag of Marbles","Bottled Lightning","Pear"],"potions_floor_usage":[],"damage_taken":[{"damage":7.0,"enemies":"Small Slimes","floor":1.0,"turns":3.0},{"damage":2.0,"enemies":"Jaw Worm","floor":2.0,"turns":4.0},{"damage":0.0,"enemies":"Cultist","floor":3.0,"turns":3.0},{"damage":6.0,"enemies":"Lots of Slimes","floor":5.0,"turns":3.0},{"damage":22.0,"enemies":"Lagavulin","floor":6.0,"turns":10.0},{"damage":15.0,"enemies":"3 Sentries","floor":8.0,"turns":7.0},{"damage":7,"enemies":"3 Louse","floor":11,"turns":4},{"damage":41,"enemies":"Gremlin Nob","floor":14,"turns":3}],"seed_played":"-5195479415474922004","potions_obtained":[{"floor":3.0,"key":"Regen Potion"},{"floor":5.0,"key":"LiquidBronze"},{"floor":11,"key":"Energy Potion"}],"is_trial":false,"path_per_floor":["M","M","M","?","M","E","R","E","T","R","M","$","?","E"],"character_chosen":"DEFECT","items_purchased":["Leap"],"campfire_rested":1,"item_purchase_floors":[12],"current_hp_per_floor":[57,55,55,31,25,18,39,24,34,34,27,27,20,0],"gold":222,"neow_bonus":"TRANSFORM_CARD","is_prod":false,"is_daily":false,"chose_seed":false,"campfire_upgraded":1,"win_rate":0,"timestamp":1545698575,"path_taken":["M","M","M","?","M","E","R","E","T","R","M","$","?","E"],"build_version":"2018-12-20","purchased_purges":0,"victory":false,"max_hp_per_floor":[71,71,71,71,71,71,71,71,81,81,81,81,81,81],"card_choices":[{"not_picked":["Go for the Eyes","Stack"],"picked":"Steam","floor":1.0},{"not_picked":["Steam","Amplify"],"picked":"Coolheaded","floor":2.0},{"not_picked":["Undo","Leap"],"picked":"Sweeping Beam","floor":3.0},{"not_picked":["Chill","Rebound"],"picked":"Barrage","floor":5.0},{"not_picked":["Creative AI","Gash"],"picked":"Defragment","floor":6.0},{"not_picked":["Go for the Eyes","Hologram"],"picked":"Seek","floor":8.0},{"not_picked":["Rebound","Sweeping Beam"],"picked":"Gash","floor":11}],"player_experience":1132862,"relics_obtained":[{"floor":6.0,"key":"Bag of Marbles"},{"floor":8.0,"key":"Bottled Lightning"},{"floor":9.0,"key":"Pear"}],"event_choices":[{"damage_healed":0.0,"max_hp_gain":0.0,"max_hp_loss":0.0,"gold_gain":0.0,"event_name":"Golden Idol","player_choice":"Take Damage","floor":4.0,"gold_loss":0.0,"damage_taken":24.0,"relics_obtained":["Golden Idol"]},{"cards_removed":["Strike_B"],"damage_healed":0,"gold_gain":0,"player_choice":"Card Removal","damage_taken":7,"max_hp_gain":0,"max_hp_loss":0,"event_name":"Golden Wing","floor":13,"gold_loss":0}],"is_beta":true,"boss_relics":[],"items_purged_floors":[],"is_endless":false,"potions_floor_spawned":[3,5,11],"killed_by":"Gremlin Nob","ascension_level":20}