{"gold_per_floor":[117,129,146,19,35,35,61,77,77,89,61,91,91,116,116,116],"floor_reached":16,"playtime":635,"items_purged":["Strike_G"],"score":210,"play_id":"fc48b11e-5483-461c-8a7b-97b203051b26","local_time":"20180724182312","is_ascension_mode":true,"campfire_choices":[{"data":"Neutralize","floor":6.0,"key":"SMITH"},{"floor":10,"key":"REST"},{"data":"Catalyst","floor":15,"key":"SMITH"}],"neow_cost":"NONE","seed_source_timestamp":0,"circlet_count":0,"master_deck":["Defend_G","Defend_G","Defend_G","Defend_G","Defend_G","Strike_G","Strike_G","Strike_G","Strike_G","Survivor","Neutralize+1","AscendersBane","Backflip","Slice","Dagger Throw","Deadly Poison","Catalyst+1","Deflect","Noxious Fumes+1","Infinite Blades"],"special_seed":0,"relics":["Black Star","Pen Nib","Happy Flower","MawBank","Juzu Bracelet","Bronze Scales","Ninja Scroll","Pantograph"],"potions_floor_usage":[7,14,14],"damage_taken":[{"damage":1.0,"enemies":"Jaw Worm","floor":1.0,"turns":4.0},{"damage":0.0,"enemies":"Small Slimes","floor":2.0,"turns":6.0},{"damage":1.0,"enemies":"2 Louse","floor":3.0,"turns":3.0},{"damage":4.0,"enemies":"Looter","floor":5.0,"turns":4.0},{"damage":15,"enemies":"Gremlin Nob","floor":7,"turns":4},{"damage":18,"enemies":"Exordium Wildlife","floor":8,"turns":6},{"damage":24,"enemies":"Lagavulin","floor":12,"turns":7},{"damage":13,"enemies":"Gremlin Nob","floor":14,"turns":3},{"damage":36,"enemies":"Slime Boss","floor":16,"turns":5}],"seed_played":"7349122168938522222","potions_obtained":[{"floor":5.0,"key":"SteroidPotion"},{"floor":12,"key":"AttackPotion"}],"is_trial":false,"path_per_floor":["M","M","M","$","M","R","E","M","T","R","$","E","?","E","R"],"character_chosen":"THE_SILENT","items_purchased":["Strength Potion","Noxious Fumes"],"campfire_rested":1,"item_purchase_floors":[4,11],"current_hp_per_floor":[58,58,57,57,53,53,38,20,20,39,39,15,15,2,2,0],"gold":116,"neow_bonus":"BOSS_RELIC","is_prod":false,"is_daily":false,"chose_seed":false,"campfire_upgraded":2,"win_rate":0,"timestamp":1532481792,"path_taken":["M","M","M","$","M","R","E","M","T","R","$","E","?","E","R","BOSS"],"build_version":"2018-07-23","purchased_purges":1,"victory":false,"max_hp_per_floor":[66,66,66,66,66,66,66,66,66,66,66,66,66,66,66,66],"card_choices":[{"not_picked":["Underhanded Strike","Acrobatics"],"picked":"Backflip","floor":1.0},{"not_picked":["Prepared","Cloak And Dagger"],"picked":"Slice","floor":2.0},{"not_picked":["Deflect","Endless Agony"],"picked":"Dagger Throw","floor":3.0},{"not_picked":["Prepared","Setup"],"picked":"Deadly Poison","floor":5.0},{"not_picked":["Prepared","Underhanded Strike"],"picked":"Catalyst","floor":7},{"not_picked":["Flechettes","Grand Finale"],"picked":"Deflect","floor":8},{"not_picked":["Doppelganger","Deadly Poison"],"picked":"Infinite Blades","floor":12},{"not_picked":["Poisoned Stab","Quick Slash","Flying Knee"],"picked":"SKIP","floor":14}],"player_experience":871042,"relics_obtained":[{"floor":7,"key":"Pen Nib"},{"floor":7,"key":"Happy Flower"},{"floor":9,"key":"MawBank"},{"floor":12,"key":"Juzu Bracelet"},{"floor":12,"key":"Bronze Scales"},{"floor":14,"key":"Ninja Scroll"},{"floor":14,"key":"Pantograph"}],"event_choices":[{"event_name":"Living Wall","player_choice":"Grow","floor":13,"damage_taken":0}],"is_beta":true,"boss_relics":[],"items_purged_floors":[4],"is_endless":false,"potions_floor_spawned":[5,12],"killed_by":"Slime Boss","ascension_level":15}