{"gold_per_floor":[118,130,147,117,73,73,23,33,33,33,33,60,72,98,98,172,172,182,16,16],"floor_reached":20,"playtime":919,"items_purged":[],"score":355,"play_id":"c9b74ebc-9a4b-448e-95ec-90698f15dbba","local_time":"20190320202953","is_ascension_mode":true,"campfire_choices":[{"data":"Clothesline","floor":6,"key":"SMITH"},{"floor":11,"key":"REST"},{"floor":15,"key":"REST"}],"neow_cost":"NONE","seed_source_timestamp":286102853693076,"circlet_count":0,"master_deck":["AscendersBane","Strike_R","Strike_R","Strike_R","Strike_R","Defend_R","Defend_R","Defend_R","Defend_R","Bash","Power Through","Clothesline+1","Inflame","Headbutt","Spot Weakness","Iron Wave","Brutality","Feed","Reaper","Shockwave"],"relics":["Black Blood","Sundial","StoneCalendar","Dodecahedron","Oddly Smooth Stone"],"potions_floor_usage":[12,14,14,20,20],"damage_taken":[{"damage":15,"enemies":"Small Slimes","floor":1,"turns":4},{"damage":8,"enemies":"Cultist","floor":2,"turns":5},{"damage":4,"enemies":"Jaw Worm","floor":3,"turns":7},{"damage":22,"enemies":"3 Louse","floor":8,"turns":4},{"damage":22,"enemies":"Gremlin Nob","floor":12,"turns":4},{"damage":10,"enemies":"Blue Slaver","floor":13,"turns":4},{"damage":9,"enemies":"Lagavulin","floor":14,"turns":7},{"damage":54,"enemies":"The Guardian","floor":16,"turns":10},{"damage":47,"enemies":"Shell Parasite","floor":18,"turns":7},{"damage":34,"enemies":"Spheric Guardian","floor":20,"turns":5}],"seed_played":"-6368350472879791380","potions_obtained":[{"floor":3,"key":"Energy Potion"},{"floor":4,"key":"Weak Potion"},{"floor":13,"key":"Block Potion"},{"floor":16,"key":"LiquidBronze"},{"floor":18,"key":"Energy Potion"}],"is_trial":false,"path_per_floor":["M","M","M","?","$","R","$","M","T","?","R","E","M","E","R","B",null,"M","$","M"],"character_chosen":"IRONCLAD","items_purchased":["Inflame","Headbutt","Oddly Smooth Stone"],"campfire_rested":2,"item_purchase_floors":[5,7,19],"current_hp_per_floor":[66,64,66,66,66,66,66,50,50,43,67,51,47,44,68,20,67,33,33,0],"gold":16,"neow_bonus":"TEN_PERCENT_HP_BONUS","is_prod":false,"is_daily":false,"chose_seed":false,"campfire_upgraded":1,"win_rate":0,"timestamp":1553110193,"path_taken":["M","M","M","?","$","R","?","M","T","?","R","E","M","E","R","BOSS","M","$","M"],"build_version":"2019-03-15","purchased_purges":0,"victory":false,"max_hp_per_floor":[82,82,82,82,82,82,82,82,82,82,82,82,82,82,82,82,82,85,85,85],"card_choices":[{"not_picked":["Heavy Blade","Searing Blow"],"picked":"Power Through","floor":1},{"not_picked":["Body Slam","Twin Strike","Flex"],"picked":"SKIP","floor":2},{"not_picked":["Pommel Strike","Shrug It Off"],"picked":"Clothesline","floor":3},{"not_picked":["Rampage","Armaments"],"picked":"Spot Weakness","floor":8},{"not_picked":["Whirlwind","Twin Strike"],"picked":"Iron Wave","floor":12},{"not_picked":["Iron Wave","Clash"],"picked":"Brutality","floor":13},{"not_picked":["Perfected Strike","True Grit"],"picked":"Feed","floor":14},{"not_picked":["Demon Form","Brutality"],"picked":"Reaper","floor":16},{"not_picked":["Pommel Strike","True Grit"],"picked":"Shockwave","floor":18}],"player_experience":349504,"relics_obtained":[{"floor":9,"key":"Sundial"},{"floor":12,"key":"StoneCalendar"},{"floor":14,"key":"Dodecahedron"}],"event_choices":[{"damage_healed":0,"gold_gain":0,"player_choice":"Bought 2 Potions","damage_taken":0,"max_hp_gain":0,"max_hp_loss":0,"event_name":"The Woman in Blue","floor":4,"gold_loss":0},{"cards_removed":["Strike_R"],"damage_healed":0,"gold_gain":0,"player_choice":"Card Removal","damage_taken":7,"max_hp_gain":0,"max_hp_loss":0,"event_name":"Golden Wing","floor":10,"gold_loss":0}],"is_beta":true,"boss_relics":[{"not_picked":["Mark of Pain","Ectoplasm"],"picked":"Black Blood"}],"items_purged_floors":[],"is_endless":false,"potions_floor_spawned":[3,13,16,18],"killed_by":"Spheric Guardian","ascension_level":19}