{"gold_per_floor":[118,133,151,151,176,176,190,190,266,266,0,36,36,79,79,175,175,196,217,251,251,251,251,275,275,275,275,7,7,7],"floor_reached":30,"playtime":1857,"items_purged":["Strike_G"],"score":497,"play_id":"1cd53497-ec3f-46a9-aaae-425eb01763b7","local_time":"20190605233152","is_ascension_mode":true,"campfire_choices":[{"data":"Neutralize","floor":6,"key":"SMITH"},{"data":"Sucker Punch","floor":8,"key":"SMITH"},{"data":"Cloak And Dagger","floor":10,"key":"SMITH"},{"data":"Bouncing Flask","floor":15,"key":"SMITH"},{"data":"Well Laid Plans","floor":23,"key":"SMITH"},{"data":"Discovery","floor":25,"key":"SMITH"},{"data":"Corpse Explosion","floor":27,"key":"SMITH"},{"data":"Backflip","floor":29,"key":"SMITH"}],"neow_cost":"NONE","seed_source_timestamp":3542205081529730,"circlet_count":0,"master_deck":["AscendersBane","Defend_G","Defend_G","Defend_G","Defend_G","Defend_G","Survivor","Neutralize+1","Backflip+1","Poisoned Stab","Cloak And Dagger+1","Quick Slash","Sucker Punch+1","Well Laid Plans+1","Deadly Poison","Discovery+1","PiercingWail","Bouncing Flask+1","Corpse Explosion+1","Blur+1","PiercingWail","Bite","Bite","Bite","Bite"],"relics":["Ring of the Snake","Golden Idol","Mercury Hourglass","The Specimen","Regal Pillow","Peace Pipe","Snecko Eye","Red Mask","Pantograph","Toxic Egg 2"],"potions_floor_usage":[12,30,30],"damage_taken":[{"damage":13,"enemies":"Jaw Worm","floor":1,"turns":6},{"damage":2,"enemies":"Small Slimes","floor":2,"turns":5},{"damage":1,"enemies":"Cultist","floor":3,"turns":3},{"damage":2,"enemies":"Large Slime","floor":5,"turns":7},{"damage":9,"enemies":"3 Louse","floor":7,"turns":4},{"damage":2,"enemies":"Gremlin Nob","floor":12,"turns":3},{"damage":16,"enemies":"3 Sentries","floor":14,"turns":6},{"damage":18,"enemies":"The Guardian","floor":16,"turns":10},{"damage":0,"enemies":"Chosen","floor":18,"turns":4},{"damage":17,"enemies":"Spheric Guardian","floor":19,"turns":6},{"damage":12,"enemies":"Masked Bandits","floor":20,"turns":2},{"damage":0,"enemies":"Snake Plant","floor":24,"turns":3},{"damage":43,"enemies":"Gremlin Leader","floor":30,"turns":6}],"seed_played":"6993839342618877726","potions_obtained":[{"floor":1,"key":"Fire Potion"},{"floor":5,"key":"FairyPotion"},{"floor":14,"key":"Swift Potion"},{"floor":16,"key":"Swift Potion"},{"floor":20,"key":"Strength Potion"}],"is_trial":false,"path_per_floor":["M","M","M","?","M","R","M","R","T","R","$","E","?","E","R","B",null,"M","M","?","?","?","R","M","R","T","R","$","R","E"],"character_chosen":"THE_SILENT","items_purchased":["Well Laid Plans","Deadly Poison","Discovery","Toxic Egg 2"],"campfire_rested":0,"item_purchase_floors":[11,11,11,28],"current_hp_per_floor":[52,50,49,49,47,47,38,38,38,38,38,36,36,20,20,2,49,49,32,20,20,25,25,27,27,27,27,27,27,0],"gold":7,"neow_bonus":"TEN_PERCENT_HP_BONUS","is_prod":false,"is_daily":false,"chose_seed":false,"campfire_upgraded":8,"win_rate":0,"timestamp":1559802712,"path_taken":["M","M","M","?","M","R","M","R","T","R","$","E","?","E","R","BOSS","M","M","?","?","?","R","M","R","T","R","$","R","E"],"build_version":"2019-06-05","purchased_purges":1,"victory":false,"max_hp_per_floor":[72,72,72,65,65,65,65,65,65,65,65,65,65,65,65,65,65,65,65,65,45,45,45,45,45,45,45,45,45,45],"card_choices":[{"not_picked":["Underhanded Strike","Acrobatics"],"picked":"Backflip","floor":1},{"not_picked":["PiercingWail","Quick Slash"],"picked":"Poisoned Stab","floor":2},{"not_picked":["Masterful Stab","Eviscerate"],"picked":"Cloak And Dagger","floor":3},{"not_picked":["Underhanded Strike","Reflex"],"picked":"Quick Slash","floor":5},{"not_picked":["Phantasmal Killer","Deflect"],"picked":"Sucker Punch","floor":7},{"not_picked":["Riddle With Holes","Finisher"],"picked":"PiercingWail","floor":12},{"not_picked":["Concentrate","Underhanded Strike"],"picked":"Bouncing Flask","floor":14},{"not_picked":["Storm of Steel","Bullet Time"],"picked":"Corpse Explosion","floor":16},{"not_picked":["Masterful Stab","Poisoned Stab+1"],"picked":"Blur+1","floor":18},{"not_picked":["Deflect+1","Expertise","Calculated Gamble+1"],"picked":"SKIP","floor":19},{"not_picked":["Flying Knee","Cloak And Dagger"],"picked":"PiercingWail","floor":20},{"not_picked":["Underhanded Strike","Dagger Throw","Infinite Blades"],"picked":"SKIP","floor":24},{"not_picked":["Underhanded Strike","Dagger Throw","Infinite Blades"],"picked":"SKIP","floor":24}],"player_experience":1305262,"relics_obtained":[{"floor":9,"key":"Mercury Hourglass"},{"floor":12,"key":"The Specimen"},{"floor":14,"key":"Peace Pipe"},{"floor":20,"key":"Red Mask"},{"floor":26,"key":"Pantograph"}],"event_choices":[{"damage_healed":0,"gold_gain":0,"player_choice":"Lose Max HP","damage_taken":0,"relics_obtained":["Golden Idol"],"max_hp_gain":0,"max_hp_loss":7,"event_name":"Golden Idol","floor":4,"gold_loss":0},{"damage_healed":0,"gold_gain":0,"player_choice":"Gave Potion","damage_taken":0,"relics_obtained":["Regal Pillow"],"max_hp_gain":0,"max_hp_loss":0,"event_name":"WeMeetAgain","floor":13,"gold_loss":0},{"damage_healed":0,"gold_gain":0,"player_choice":"Fought Bandits","damage_taken":0,"max_hp_gain":0,"max_hp_loss":0,"event_name":"Masked Bandits","floor":20,"gold_loss":0},{"damage_healed":0,"gold_gain":0,"player_choice":"Became a vampire","damage_taken":0,"max_hp_gain":0,"max_hp_loss":20,"event_name":"Vampires","floor":21,"gold_loss":0,"cards_obtained":["Bite","Bite","Bite","Bite","Bite"]},{"cards_removed":["Bite"],"damage_healed":5,"gold_gain":0,"player_choice":"Offered Special","damage_taken":0,"max_hp_gain":0,"max_hp_loss":0,"event_name":"Bonfire Elementals","floor":22,"gold_loss":0}],"is_beta":true,"boss_relics":[{"not_picked":["Busted Crown","Pandora\u0027s Box"],"picked":"Snecko Eye"}],"items_purged_floors":[11],"is_endless":false,"potions_floor_spawned":[1,5,14,16,20],"killed_by":"Gremlin Leader","ascension_level":20}