{"gold_per_floor":[115,115,129,129,54,54,82,82,109,137,2,34,48,65,65,136,136,156,156,156,156,0,0,28,28,28,28,47,47,65,65,65,65],"floor_reached":33,"playtime":1602,"items_purged":["Strike_R"],"score":667,"play_id":"3e10b9f2-d9ae-4429-ab56-96cedfcc6d36","local_time":"20190314160930","is_ascension_mode":true,"campfire_choices":[{"data":"Anger","floor":6.0,"key":"SMITH"},{"data":"Clothesline","floor":8.0,"key":"SMITH"},{"data":"Armaments","floor":15.0,"key":"SMITH"},{"data":"Flame Barrier","floor":23,"key":"SMITH"},{"floor":25,"key":"REST"},{"data":"True Grit","floor":27,"key":"SMITH"},{"data":"Feed","floor":29,"key":"SMITH"},{"data":"J.A.X.","floor":32,"key":"SMITH"}],"neow_cost":"NONE","seed_source_timestamp":0,"circlet_count":0,"master_deck":["AscendersBane","Strike_R","Strike_R","Strike_R","Strike_R","Defend_R","Defend_R","Defend_R","Defend_R","Bash+1","Armaments+1","Anger+1","Clothesline+1","Flame Barrier+1","Bludgeon","True Grit+1","Feed+1","Headbutt","Ghostly Armor","Exhume","Rampage","Battle Trance","Necronomicurse","J.A.X.+1","Shrug It Off"],"special_seed":0,"relics":["Burning Blood","NeowsBlessing","Mango","Oddly Smooth Stone","Ancient Tea Set","Gambling Chip","Sozu","Necronomicon","Bag of Marbles","Incense Burner","Paper Frog"],"potions_floor_usage":[16,24],"damage_taken":[{"damage":0.0,"enemies":"Cultist","floor":1.0,"turns":1.0},{"damage":0.0,"enemies":"Small Slimes","floor":3.0,"turns":1.0},{"damage":0.0,"enemies":"Lagavulin","floor":7.0,"turns":1.0},{"damage":0.0,"enemies":"Gremlin Nob","floor":10.0,"turns":3.0},{"damage":14.0,"enemies":"Lagavulin","floor":12.0,"turns":6.0},{"damage":5.0,"enemies":"2 Louse","floor":13.0,"turns":3.0},{"damage":8.0,"enemies":"Large Slime","floor":14.0,"turns":6.0},{"damage":27,"enemies":"The Guardian","floor":16,"turns":13},{"damage":8,"enemies":"Shell Parasite","floor":18,"turns":5},{"damage":35,"enemies":"Slavers","floor":24,"turns":7},{"damage":3,"enemies":"2 Thieves","floor":28,"turns":3},{"damage":3,"enemies":"Snake Plant","floor":30,"turns":1},{"damage":77,"enemies":"Automaton","floor":33,"turns":6}],"seed_played":"697112617362285874","potions_obtained":[{"floor":3.0,"key":"SkillPotion"},{"floor":14.0,"key":"Ancient Potion"},{"floor":16,"key":"Explosive Potion"}],"is_trial":false,"path_per_floor":["M","?","M","?","$","R","E","R","T","E","$","E","M","M","R","B",null,"M","?","?","?","?","R","E","R","T","R","M","R","M","T","R","B"],"character_chosen":"IRONCLAD","items_purchased":["Bludgeon","True Grit"],"campfire_rested":1,"item_purchase_floors":[11,11],"current_hp_per_floor":[74,74,75,75,75,75,89,89,89,89,89,81,82,84,84,67,90,91,91,70,70,70,70,41,71,71,71,74,74,77,77,77,0],"gold":65,"neow_bonus":"THREE_ENEMY_KILL","is_prod":false,"is_daily":false,"chose_seed":false,"campfire_upgraded":7,"win_rate":0,"timestamp":1552576170,"path_taken":["M","?","?","?","?","R","E","R","T","E","$","E","M","M","R","BOSS","M","?","?","?","?","R","E","R","T","R","M","R","M","?","R","BOSS"],"build_version":"2019-02-06","purchased_purges":1,"victory":false,"max_hp_per_floor":[75,75,75,75,75,75,89,89,89,89,89,89,89,93,93,97,97,100,100,100,100,100,100,100,100,100,100,100,100,100,100,100,100],"card_choices":[{"not_picked":["Twin Strike","Headbutt"],"picked":"Armaments","floor":1.0},{"not_picked":["Warcry","Anger"],"picked":"Clothesline","floor":3.0},{"not_picked":["Wild Strike","Headbutt"],"picked":"Flame Barrier","floor":7.0},{"not_picked":["Power Through","Twin Strike","Clash"],"picked":"SKIP","floor":10.0},{"not_picked":["Cleave","Heavy Blade"],"picked":"Feed","floor":12.0},{"not_picked":["Searing Blow","Body Slam"],"picked":"Headbutt","floor":13.0},{"not_picked":["Iron Wave","Twin Strike"],"picked":"Ghostly Armor","floor":14.0},{"not_picked":["Reaper","Impervious"],"picked":"Exhume","floor":16},{"not_picked":["Sword Boomerang","Havoc"],"picked":"Rampage","floor":18},{"not_picked":["Clothesline","Cleave+1","Anger"],"picked":"SKIP","floor":24},{"not_picked":["Thunderclap+1","Havoc"],"picked":"Shrug It Off","floor":28},{"not_picked":["Battle Trance+1","Shrug It Off","Clothesline"],"picked":"SKIP","floor":30}],"player_experience":279992,"relics_obtained":[{"floor":7.0,"key":"Mango"},{"floor":9.0,"key":"Oddly Smooth Stone"},{"floor":10.0,"key":"Ancient Tea Set"},{"floor":12.0,"key":"Gambling Chip"},{"floor":20,"key":"Necronomicon"},{"floor":24,"key":"Bag of Marbles"},{"floor":26,"key":"Incense Burner"},{"floor":31,"key":"Paper Frog"}],"event_choices":[{"damage_healed":0.0,"max_hp_gain":0.0,"max_hp_loss":0.0,"gold_gain":0.0,"event_name":"Match and Keep!","player_choice":"1 cards matched","floor":2.0,"gold_loss":0.0,"damage_taken":0.0,"cards_obtained":["Anger"]},{"damage_healed":0.0,"max_hp_gain":0.0,"max_hp_loss":0.0,"gold_gain":0.0,"event_name":"Upgrade Shrine","player_choice":"Upgraded","floor":4.0,"gold_loss":0.0,"damage_taken":0.0,"cards_upgraded":["Bash"]},{"damage_healed":0,"gold_gain":0,"player_choice":"Read","damage_taken":0,"max_hp_gain":0,"max_hp_loss":0,"event_name":"The Library","floor":19,"gold_loss":0,"cards_obtained":["Battle Trance"]},{"damage_healed":0,"gold_gain":0,"player_choice":"Obtained Book","damage_taken":21,"max_hp_gain":0,"max_hp_loss":0,"event_name":"Cursed Tome","floor":20,"gold_loss":0},{"damage_healed":0,"gold_gain":0,"player_choice":"Obtain J.A.X.","damage_taken":0,"max_hp_gain":0,"max_hp_loss":0,"event_name":"Drug Dealer","floor":21,"gold_loss":0,"cards_obtained":["J.A.X."]},{"damage_healed":0,"gold_gain":0,"player_choice":"Paid Fearfully","damage_taken":0,"max_hp_gain":0,"max_hp_loss":0,"event_name":"Masked Bandits","floor":22,"gold_loss":156}],"is_beta":true,"boss_relics":[{"not_picked":["Lizard Tail","Fusion Hammer"],"picked":"Sozu"}],"items_purged_floors":[5],"is_endless":false,"potions_floor_spawned":[3,14,16,18,24,30],"killed_by":"Automaton","ascension_level":19}