{"gold_per_floor":[115,129,140,159,174,174,199,199,199,227,192,192,203,231,231,305,305,320,119,131,131,141,141,173,10,10,24,35,35,35,35,35,107,107,120,134,145,145,159,193,193],"floor_reached":41,"playtime":2124,"items_purged":["Strike_R"],"score":930,"play_id":"7c18b8e4-33fb-48e2-82ab-f94324366bce","local_time":"20190608000740","is_ascension_mode":true,"campfire_choices":[{"data":"Bash","floor":6,"key":"SMITH"},{"data":"Clothesline","floor":8,"key":"SMITH"},{"data":"Immolate","floor":15,"key":"SMITH"},{"data":"Offering","floor":23,"key":"SMITH"},{"data":"Demon Form","floor":29,"key":"SMITH"},{"floor":32,"key":"REST"}],"neow_cost":"NONE","seed_source_timestamp":3716886420148302,"circlet_count":0,"master_deck":["AscendersBane","Strike_R","Strike_R","Defend_R","Defend_R","Defend_R","Defend_R","Bash+1","Clothesline+1","Cleave","Reckless Charge","Feel No Pain","Shrug It Off","Immolate+1","Rage","Spot Weakness","Offering+1","Carnage","Mayhem","Carnage","Fiend Fire+1","Disarm","Demon Form+1","Reaper+1","Disarm","Corruption","Feel No Pain"],"relics":["Burning Blood","Sundial","Paper Frog","Kunai","Singing Bowl","Snecko Eye","Calipers","Bronze Scales","Fusion Hammer","Whetstone"],"potions_floor_usage":[5,14,24,35,41],"damage_taken":[{"damage":6,"enemies":"2 Louse","floor":1,"turns":4},{"damage":0,"enemies":"Cultist","floor":2,"turns":3},{"damage":11,"enemies":"Jaw Worm","floor":3,"turns":6},{"damage":6,"enemies":"Looter","floor":4,"turns":5},{"damage":21,"enemies":"Exordium Wildlife","floor":5,"turns":5},{"damage":15,"enemies":"3 Sentries","floor":7,"turns":12},{"damage":35,"enemies":"Lagavulin","floor":10,"turns":7},{"damage":3,"enemies":"Red Slaver","floor":13,"turns":3},{"damage":8,"enemies":"Gremlin Nob","floor":14,"turns":3},{"damage":26,"enemies":"The Guardian","floor":16,"turns":11},{"damage":8,"enemies":"Spheric Guardian","floor":18,"turns":4},{"damage":0,"enemies":"Chosen","floor":20,"turns":3},{"damage":18,"enemies":"Snake Plant","floor":22,"turns":3},{"damage":31,"enemies":"Gremlin Leader","floor":24,"turns":3},{"damage":13,"enemies":"Centurion and Healer","floor":27,"turns":3},{"damage":0,"enemies":"Cultist and Chosen","floor":28,"turns":2},{"damage":33,"enemies":"Automaton","floor":33,"turns":8},{"damage":47,"enemies":"3 Darklings","floor":35,"turns":4},{"damage":19,"enemies":"3 Shapes","floor":36,"turns":4},{"damage":51,"enemies":"Writhing Mass","floor":37,"turns":6},{"damage":23,"enemies":"Sphere and 2 Shapes","floor":39,"turns":4},{"damage":17,"enemies":"Nemesis","floor":40,"turns":5},{"damage":14,"enemies":"Spire Growth","floor":41,"turns":4}],"seed_played":"-4221271483504792621","potions_obtained":[{"floor":1,"key":"Energy Potion"},{"floor":13,"key":"SteroidPotion"},{"floor":14,"key":"SteroidPotion"},{"floor":16,"key":"FearPotion"},{"floor":24,"key":"Explosive Potion"},{"floor":35,"key":"EssenceOfSteel"},{"floor":37,"key":"PowerPotion"},{"floor":40,"key":"SpeedPotion"}],"is_trial":false,"path_per_floor":["M","M","M","M","M","R","E","R","T","E","?","?","M","E","R","B",null,"M","$","M","?","M","R","E","$","T","M","M","R","$","?","R","B",null,"M","M","M","?","M","E","M"],"character_chosen":"IRONCLAD","items_purchased":["Mayhem","Disarm"],"campfire_rested":1,"item_purchase_floors":[19,25],"current_hp_per_floor":[68,74,69,69,54,54,45,45,45,16,34,34,37,35,35,15,60,58,58,66,66,54,54,29,29,29,24,30,30,30,30,53,26,66,68,58,30,30,15,14,0],"gold":193,"neow_bonus":"REMOVE_CARD","is_prod":false,"is_daily":false,"chose_seed":false,"campfire_upgraded":5,"win_rate":0,"timestamp":1559977660,"path_taken":["M","M","M","M","M","R","E","R","T","E","?","?","?","E","R","BOSS","M","$","M","?","M","R","E","$","T","M","M","R","?","?","R","BOSS","M","M","M","?","M","E","M"],"build_version":"2019-06-05","purchased_purges":1,"victory":false,"max_hp_per_floor":[75,75,75,75,75,75,75,75,75,75,75,75,75,75,75,75,75,75,75,77,77,77,77,77,77,77,79,79,79,79,79,79,79,79,79,81,83,79,79,79,79],"card_choices":[{"not_picked":["Flame Barrier","Heavy Blade"],"picked":"Clothesline","floor":1},{"not_picked":["Dual Wield","Clash","Perfected Strike"],"picked":"SKIP","floor":2},{"not_picked":["Evolve","Entrench"],"picked":"Cleave","floor":3},{"not_picked":["Evolve","Corruption"],"picked":"Reckless Charge","floor":4},{"not_picked":["Warcry","Body Slam"],"picked":"Feel No Pain","floor":5},{"not_picked":["Warcry","Twin Strike"],"picked":"Shrug It Off","floor":7},{"not_picked":["Seeing Red","Uppercut"],"picked":"Immolate","floor":10},{"not_picked":["Shrug It Off","Entrench"],"picked":"Rage","floor":13},{"not_picked":["Juggernaut","Perfected Strike"],"picked":"Spot Weakness","floor":14},{"not_picked":["Impervious","Exhume"],"picked":"Offering","floor":16},{"not_picked":["Flex","Havoc"],"picked":"Carnage","floor":18},{"not_picked":["Havoc","Pommel Strike","Body Slam"],"picked":"Singing Bowl","floor":20},{"not_picked":["Sever Soul","Heavy Blade"],"picked":"Carnage","floor":22},{"not_picked":["Thunderclap","Hemokinesis"],"picked":"Fiend Fire","floor":24},{"not_picked":["Sword Boomerang+1","Pommel Strike","Burning Pact"],"picked":"Singing Bowl","floor":27},{"not_picked":["Heavy Blade","Wild Strike"],"picked":"Demon Form","floor":28},{"not_picked":["Brutality","Immolate"],"picked":"Reaper","floor":33},{"not_picked":["Cleave","Sever Soul"],"picked":"Disarm","floor":35},{"not_picked":["Pummel+1","Rage","Anger"],"picked":"Singing Bowl","floor":36},{"not_picked":["Seeing Red","True Grit","Entrench+1"],"picked":"Singing Bowl","floor":37},{"not_picked":["Iron Wave","True Grit"],"picked":"Corruption","floor":39},{"not_picked":["Clothesline","Offering"],"picked":"Feel No Pain","floor":40}],"player_experience":1327456,"relics_obtained":[{"floor":7,"key":"Sundial"},{"floor":9,"key":"Paper Frog"},{"floor":10,"key":"Kunai"},{"floor":14,"key":"Singing Bowl"},{"floor":24,"key":"Calipers"},{"floor":26,"key":"Bronze Scales"},{"floor":40,"key":"Whetstone"}],"event_choices":[{"damage_healed":18,"gold_gain":0,"player_choice":"Healed","damage_taken":0,"max_hp_gain":0,"max_hp_loss":0,"event_name":"The Cleric","floor":11,"gold_loss":35},{"damage_healed":0,"gold_gain":0,"player_choice":"0 cards matched","damage_taken":0,"max_hp_gain":0,"max_hp_loss":0,"event_name":"Match and Keep!","floor":12,"gold_loss":0,"cards_obtained":[]},{"cards_removed":["Strike_R"],"damage_healed":0,"gold_gain":0,"player_choice":"Purged","damage_taken":0,"max_hp_gain":0,"max_hp_loss":0,"event_name":"Purifier","floor":21,"gold_loss":0},{"damage_healed":0,"gold_gain":0,"player_choice":"Max HP","damage_taken":0,"max_hp_gain":0,"max_hp_loss":4,"event_name":"Winding Halls","floor":38,"gold_loss":0}],"is_beta":true,"boss_relics":[{"not_picked":["Philosopher\u0027s Stone","Sozu"],"picked":"Snecko Eye"},{"not_picked":["Mark of Pain","Black Blood"],"picked":"Fusion Hammer"}],"items_purged_floors":[25],"is_endless":false,"potions_floor_spawned":[1,13,14,16,18,20,24,33,35,37,40],"killed_by":"Spire Growth","ascension_level":20}