{"gold_per_floor":[13,30,49,49,66,66,66,86,112,112,136,136,149,43,43,119,119,132,147,3,14,14,14,25,52,120,138,152,152,152,171,171,171],"floor_reached":33,"playtime":1737,"items_purged":[],"score":499,"play_id":"0c0a5060-2401-443e-9ea1-783240c8813c","local_time":"20180802181529","is_ascension_mode":true,"campfire_choices":[{"data":"Zap","floor":7,"key":"SMITH"},{"data":"Thunder Strike","floor":10,"key":"SMITH"},{"data":"Redo","floor":12,"key":"SMITH"},{"data":"Tempest","floor":15,"key":"SMITH"},{"data":"Hologram","floor":23,"key":"SMITH"},{"data":"Consume","floor":30,"key":"SMITH"},{"floor":32,"key":"REST"}],"neow_cost":"NO_GOLD","seed_source_timestamp":3478089430459,"circlet_count":0,"master_deck":["Strike_B","Strike_B+1","Strike_B","Defend_B","Defend_B","Defend_B","Defend_B","Zap+1","Dualcast","AscendersBane","Thunder Strike+1","Redo+1","FTL+1","Leap","Ball Lightning","Rebound","Core Surge","Tempest+1","Capacitor","Buffer","Hologram+1","Hologram","Conserve Battery","Ghostly","Ghostly","Ghostly","Ghostly","Ghostly","Coolheaded","Compile Driver","Consume+1"],"relics":["Cracked Core","Juzu Bracelet","Ancient Tea Set","Nuclear Battery","Pen Nib","Whetstone","Pear"],"potions_floor_usage":[6,6,16,25],"damage_taken":[{"damage":5,"enemies":"2 Louse","floor":1,"turns":3},{"damage":0,"enemies":"Small Slimes","floor":2,"turns":3},{"damage":2,"enemies":"Jaw Worm","floor":3,"turns":3},{"damage":1,"enemies":"Exordium Wildlife","floor":5,"turns":3},{"damage":12,"enemies":"Gremlin Nob","floor":6,"turns":3},{"damage":13,"enemies":"3 Louse","floor":8,"turns":3},{"damage":0,"enemies":"Blue Slaver","floor":13,"turns":3},{"damage":22,"enemies":"Hexaghost","floor":16,"turns":8},{"damage":0,"enemies":"Spheric Guardian","floor":18,"turns":2},{"damage":7,"enemies":"Shell Parasite","floor":19,"turns":2},{"damage":19,"enemies":"Centurion and Healer","floor":21,"turns":6},{"damage":0,"enemies":"Snecko","floor":24,"turns":6},{"damage":17,"enemies":"Book of Stabbing","floor":25,"turns":7},{"damage":3,"enemies":"Cultist and Chosen","floor":27,"turns":8},{"damage":0,"enemies":"Centurion and Healer","floor":28,"turns":10},{"damage":0,"enemies":"Snake Plant","floor":31,"turns":4},{"damage":43,"enemies":"Automaton","floor":33,"turns":10}],"seed_played":"8479552896417070318","potions_obtained":[{"floor":3,"key":"SmokeBomb"},{"floor":5,"key":"SkillPotion"},{"floor":8,"key":"AttackPotion"},{"floor":18,"key":"Strength Potion"},{"floor":19,"key":"Poison Potion"},{"floor":24,"key":"PowerPotion"},{"floor":27,"key":"Poison Potion"}],"is_trial":false,"path_per_floor":["M","M","M","?","M","E","R","M","T","R","T","R","M","$","R","B",null,"M","M","$","M","?","R","M","E","T","M","M","?","R","M","R"],"character_chosen":"DEFECT","items_purchased":["Tempest","Capacitor","Pen Nib"],"campfire_rested":1,"item_purchase_floors":[14,14,20],"current_hp_per_floor":[59,59,57,50,49,37,37,24,24,24,24,24,24,24,24,2,54,54,47,47,28,28,28,28,18,28,25,25,25,25,25,38,0],"gold":171,"neow_bonus":"THREE_RARE_CARDS","is_prod":false,"is_daily":false,"chose_seed":false,"campfire_upgraded":6,"win_rate":0,"timestamp":1533258929,"path_taken":["M","M","M","?","M","E","R","M","T","R","?","R","M","$","R","BOSS","M","M","$","M","?","R","M","E","T","M","M","?","R","M","R","BOSS"],"build_version":"2018-08-01","purchased_purges":0,"victory":false,"max_hp_per_floor":[71,71,71,71,71,71,71,71,71,71,71,71,71,71,71,71,71,71,71,71,71,35,35,35,35,45,45,45,45,45,45,45,45],"card_choices":[{"not_picked":["Multi-Cast","Reboot"],"picked":"Thunder Strike","floor":0},{"not_picked":["Reinforced Body","Stack"],"picked":"Redo","floor":1},{"not_picked":["Stack","Gash"],"picked":"FTL","floor":2},{"not_picked":["Redo","Sweeping Beam"],"picked":"Leap","floor":3},{"not_picked":["Cold Snap","Coolheaded"],"picked":"Ball Lightning","floor":5},{"not_picked":["Turbo","FTL"],"picked":"Rebound","floor":8},{"not_picked":["Sweeping Beam","Ball Lightning"],"picked":"Core Surge","floor":13},{"not_picked":["Thunder Strike","Multi-Cast"],"picked":"Buffer","floor":16},{"not_picked":["Melter","Steam"],"picked":"Hologram","floor":18},{"not_picked":["Auto Shields","Sunder"],"picked":"Hologram","floor":19},{"not_picked":["Gash+1","Go for the Eyes"],"picked":"Conserve Battery","floor":21},{"not_picked":["Turbo+1","Buffer"],"picked":"Coolheaded","floor":24},{"not_picked":["Steam","Streamline","Fusion"],"picked":"SKIP","floor":25},{"not_picked":["Go for the Eyes","Barrage+1","FTL+1"],"picked":"SKIP","floor":27},{"not_picked":["BootSequence","White Noise"],"picked":"Compile Driver","floor":28},{"not_picked":["Stack","Reprogram","Beam Cell"],"picked":"SKIP","floor":31}],"player_experience":893271,"relics_obtained":[{"floor":9,"key":"Juzu Bracelet"},{"floor":11,"key":"Ancient Tea Set"},{"floor":25,"key":"Whetstone"},{"floor":26,"key":"Pear"}],"event_choices":[{"event_name":"Golden Wing","player_choice":"Card Removal","floor":4,"damage_taken":0},{"event_name":"Ghosts","player_choice":"Became a Ghost","floor":22,"damage_taken":0},{"event_name":"The Library","player_choice":"Read","floor":29,"damage_taken":0}],"is_beta":true,"boss_relics":[{"not_picked":["Busted Crown","Eternal Feather"],"picked":"Nuclear Battery"}],"items_purged_floors":[],"is_endless":false,"potions_floor_spawned":[3,5,6,8,18,19,24,27],"killed_by":"Automaton","ascension_level":15}