{"gold_per_floor":[116,132,1,14,14,14,46,46,46,76,76,109,109,124,124,195,245,223,236,251,263,275,275,288,288,314,332,332],"floor_reached":28,"playtime":1619,"items_purged":[],"score":448,"play_id":"94bd64ba-5393-46b9-8787-f89e6b8472fe","local_time":"20181026000005","is_ascension_mode":true,"campfire_choices":[{"data":"Neutralize","floor":6,"key":"SMITH"},{"floor":8,"key":"REST"},{"floor":11,"key":"REST"},{"data":"Noxious Fumes","floor":15,"key":"SMITH"},{"data":"Catalyst","floor":23,"key":"SMITH"},{"data":"Wraith Form v2","floor":25,"key":"SMITH"}],"neow_cost":"NONE","seed_source_timestamp":3011772177825349,"circlet_count":0,"master_deck":["Defend_G","Defend_G","Defend_G","Defend_G","Defend_G+1","Strike_G","Strike_G","Strike_G","Strike_G","Strike_G","Survivor","Neutralize+1","AscendersBane","Unload","Slice","Cloak And Dagger","Noxious Fumes+1","Catalyst+1","Poisoned Stab","Wraith Form v2+1","Predator+1","Deadly Poison","Malaise","Caltrops","All Out Attack+1","Flying Knee+1","Sucker Punch+1","Doppelganger"],"relics":["Ring of the Snake","Anchor","Meat on the Bone","Bronze Scales","Molten Egg 2","Tiny House","Centennial Puzzle"],"potions_floor_usage":[7,10,22,28,28],"damage_taken":[{"damage":13,"enemies":"Jaw Worm","floor":1,"turns":7},{"damage":0,"enemies":"2 Louse","floor":2,"turns":2},{"damage":7,"enemies":"Small Slimes","floor":4,"turns":4},{"damage":18,"enemies":"3 Sentries","floor":7,"turns":6},{"damage":26,"enemies":"Gremlin Nob","floor":10,"turns":5},{"damage":9,"enemies":"3 Sentries","floor":12,"turns":7},{"damage":0,"enemies":"3 Louse","floor":14,"turns":3},{"damage":22,"enemies":"Hexaghost","floor":16,"turns":9},{"damage":6,"enemies":"2 Thieves","floor":18,"turns":4},{"damage":0,"enemies":"3 Byrds","floor":19,"turns":3},{"damage":28,"enemies":"Shelled Parasite and Fungi","floor":20,"turns":6},{"damage":10,"enemies":"Centurion and Healer","floor":21,"turns":8},{"damage":35,"enemies":"Sentry and Sphere","floor":22,"turns":8},{"damage":14,"enemies":"Snecko","floor":24,"turns":6},{"damage":12,"enemies":"Snake Plant","floor":27,"turns":5},{"damage":24,"enemies":"Slavers","floor":28,"turns":7}],"seed_played":"4432403655801542719","potions_obtained":[{"floor":1,"key":"Strength Potion"},{"floor":2,"key":"LiquidBronze"},{"floor":12,"key":"EssenceOfSteel"},{"floor":14,"key":"Ancient Potion"},{"floor":17,"key":"SpeedPotion"},{"floor":24,"key":"Fire Potion"}],"is_trial":false,"path_per_floor":["M","M","$","M","?","R","E","R","T","E","R","E","?","M","R","B",null,"M","M","M","M","M","R","M","R","T","M"],"character_chosen":"THE_SILENT","items_purchased":["Noxious Fumes","Catalyst"],"campfire_rested":2,"item_purchase_floors":[3,3],"current_hp_per_floor":[46,46,46,39,34,34,16,35,35,21,40,43,48,48,48,38,68,62,62,46,48,25,25,23,23,23,23,0],"gold":332,"neow_bonus":"ONE_RANDOM_RARE_CARD","is_prod":false,"is_daily":false,"chose_seed":false,"campfire_upgraded":4,"win_rate":0,"timestamp":1540537205,"path_taken":["M","M","$","M","?","R","E","R","T","E","R","E","?","M","R","BOSS","M","?","?","M","M","R","M","R","T","M","E"],"build_version":"2018-10-25v2","purchased_purges":0,"victory":false,"max_hp_per_floor":[66,66,66,66,66,66,66,66,66,66,66,66,71,71,71,71,76,76,76,76,76,76,76,76,76,76,76,76],"card_choices":[{"not_picked":["Acrobatics","Deflect"],"picked":"Slice","floor":1},{"not_picked":["Concentrate","Slice"],"picked":"Cloak And Dagger","floor":2},{"not_picked":["Infinite Blades","Underhanded Strike"],"picked":"Poisoned Stab","floor":4},{"not_picked":["Caltrops","Deflect"],"picked":"Wraith Form v2","floor":7},{"not_picked":["Predator","Outmaneuver","Concentrate"],"picked":"SKIP","floor":10},{"not_picked":["Setup","Masterful Stab"],"picked":"Predator","floor":12},{"not_picked":["Cloak And Dagger","PiercingWail"],"picked":"Deadly Poison","floor":14},{"not_picked":["A Thousand Cuts","Unload+1"],"picked":"Malaise","floor":16},{"not_picked":["Dodge and Roll","Expertise"],"picked":"Caltrops","floor":18},{"not_picked":["Acrobatics","Cloak And Dagger"],"picked":"All Out Attack+1","floor":19},{"not_picked":["All Out Attack+1","Acrobatics"],"picked":"Flying Knee+1","floor":20},{"not_picked":["Underhanded Strike+1","Bane+1","Dagger Throw+1"],"picked":"SKIP","floor":21},{"not_picked":["Underhanded Strike+1","Bane+1","Dagger Throw+1"],"picked":"SKIP","floor":21},{"not_picked":["Cloak And Dagger","Poisoned Stab+1","Deadly Poison"],"picked":"SKIP","floor":22},{"not_picked":["Terror","Setup+1"],"picked":"Sucker Punch+1","floor":24},{"not_picked":["Poisoned Stab+1","Underhanded Strike+1"],"picked":"Doppelganger","floor":27}],"player_experience":1003780,"relics_obtained":[{"floor":7,"key":"Anchor"},{"floor":9,"key":"Meat on the Bone"},{"floor":10,"key":"Bronze Scales"},{"floor":12,"key":"Molten Egg 2"},{"floor":26,"key":"Centennial Puzzle"}],"event_choices":[{"damage_healed":0,"gold_gain":0,"player_choice":"Fled","damage_taken":5,"max_hp_gain":0,"max_hp_loss":0,"event_name":"Scrap Ooze","floor":5,"gold_loss":0},{"damage_healed":0,"gold_gain":0,"player_choice":"Donut","damage_taken":0,"max_hp_gain":5,"max_hp_loss":0,"event_name":"Big Fish","floor":13,"gold_loss":0}],"is_beta":true,"boss_relics":[{"not_picked":["WristBlade","White Beast Statue"],"picked":"Tiny House"}],"items_purged_floors":[],"is_endless":false,"potions_floor_spawned":[1,2,12,14,20,21,24,27],"killed_by":"Slavers","ascension_level":17}