{"gold_per_floor":[114,127,144,0,0,0,30,30,30,30,58,78,78,111,111,216,216,234,39,39,51,51,51,80,80,106,116,36,36,55,88,88,88],"floor_reached":33,"playtime":2615,"items_purged":["Strike_G"],"score":360,"play_id":"d3f1394e-c25d-4c9f-a09a-085055248ddf","local_time":"20190317230848","is_ascension_mode":true,"campfire_choices":[{"data":"Neutralize","floor":6,"key":"SMITH"},{"data":"Sucker Punch","floor":8,"key":"SMITH"},{"floor":13,"key":"REST"},{"data":"Caltrops","floor":15,"key":"SMITH"},{"floor":23,"key":"REST"},{"floor":32,"key":"REST"}],"neow_cost":"PERCENT_DAMAGE","seed_source_timestamp":34745404590702,"circlet_count":0,"master_deck":["Defend_G","Defend_G","Defend_G","Defend_G","Defend_G","Strike_G","Strike_G","Strike_G","Strike_G","Survivor","Neutralize+1","Sucker Punch+1","Bouncing Flask","Backstab","Well Laid Plans","Caltrops+1","Quick Slash","PiercingWail","Predator","Glass Knife","Prepared+1","Blur+1","Backflip+1","Cloak And Dagger+1","Flechettes"],"relics":["Ring of the Snake","The Courier","Art of War","Pantograph","Unceasing Top","Fusion Hammer","Toxic Egg 2","Spirit Poop","Happy Flower","Bag of Preparation","Potion Belt"],"potions_floor_usage":[7,11,14,24,30,31,33,33],"damage_taken":[{"damage":0,"enemies":"2 Louse","floor":1,"turns":2},{"damage":7,"enemies":"Small Slimes","floor":2,"turns":4},{"damage":0,"enemies":"Cultist","floor":3,"turns":3},{"damage":16,"enemies":"Lagavulin","floor":7,"turns":6},{"damage":26,"enemies":"3 Sentries","floor":11,"turns":7},{"damage":0,"enemies":"Looter","floor":12,"turns":2},{"damage":22,"enemies":"Gremlin Nob","floor":14,"turns":4},{"damage":18,"enemies":"The Guardian","floor":16,"turns":10},{"damage":17,"enemies":"Shell Parasite","floor":18,"turns":4},{"damage":22,"enemies":"2 Thieves","floor":21,"turns":4},{"damage":33,"enemies":"Book of Stabbing","floor":24,"turns":4},{"damage":16,"enemies":"Centurion and Healer","floor":27,"turns":8},{"damage":0,"enemies":"Cultist and Chosen","floor":30,"turns":7},{"damage":41,"enemies":"Gremlin Leader","floor":31,"turns":10},{"damage":78,"enemies":"Champ","floor":33,"turns":13}],"seed_played":"3806290085844635049","potions_obtained":[{"floor":1,"key":"PowerPotion"},{"floor":7,"key":"Explosive Potion"},{"floor":11,"key":"GamblersBrew"},{"floor":12,"key":"AttackPotion"},{"floor":21,"key":"Strength Potion"},{"floor":27,"key":"SpeedPotion"},{"floor":30,"key":"GhostInAJar"}],"is_trial":false,"path_per_floor":["M","M","M","$","?","R","E","R","T","?","E","M","R","E","R","B",null,"M","$","?","M","?","R","E","?","T","M","$","$","M","E","R","B"],"character_chosen":"THE_SILENT","items_purchased":["Well Laid Plans","Toxic Egg 2","Backflip+1","Explosive Potion"],"campfire_rested":3,"item_purchase_floors":[4,19,28,28],"current_hp_per_floor":[63,56,56,56,84,84,68,68,68,68,42,42,67,45,45,52,84,67,67,67,45,45,70,37,65,65,49,49,49,49,8,33,0],"gold":88,"neow_bonus":"TWENTY_PERCENT_HP_BONUS","is_prod":false,"is_daily":false,"chose_seed":false,"campfire_upgraded":3,"win_rate":0,"timestamp":1552860528,"path_taken":["M","M","M","$","?","R","E","R","T","?","E","?","R","E","R","BOSS","M","$","?","?","?","R","E","?","T","M","?","$","M","E","R","BOSS"],"build_version":"2019-03-15","purchased_purges":1,"victory":false,"max_hp_per_floor":[84,84,84,84,84,84,84,84,84,84,84,84,84,84,84,84,84,84,84,84,84,84,84,84,84,84,84,84,84,84,84,84,84],"card_choices":[{"not_picked":["Outmaneuver","Bane"],"picked":"Sucker Punch","floor":1},{"not_picked":["Endless Agony","Masterful Stab"],"picked":"Bouncing Flask","floor":2},{"not_picked":["Skewer","Sucker Punch"],"picked":"Backstab","floor":3},{"not_picked":["Terror","Heel Hook"],"picked":"Caltrops","floor":7},{"not_picked":["Bouncing Flask","Skewer"],"picked":"Quick Slash","floor":11},{"not_picked":["Prepared","Riddle With Holes"],"picked":"PiercingWail","floor":12},{"not_picked":["Doppelganger","Flying Knee"],"picked":"Predator","floor":14},{"not_picked":["Venomology","Unload"],"picked":"Glass Knife","floor":16},{"not_picked":["Endless Agony","Outmaneuver","Blade Dance"],"picked":"SKIP","floor":18},{"not_picked":["Finisher","Eviscerate","Quick Slash"],"picked":"SKIP","floor":21},{"not_picked":["Reflex+1","Grand Finale"],"picked":"Prepared+1","floor":24},{"not_picked":["Infinite Blades","Catalyst+1"],"picked":"Blur+1","floor":27},{"not_picked":["Prepared+1","Dagger Throw+1"],"picked":"Cloak And Dagger+1","floor":30},{"not_picked":["Reflex+1","Infinite Blades"],"picked":"Flechettes","floor":31}],"player_experience":296672,"relics_obtained":[{"floor":7,"key":"The Courier"},{"floor":9,"key":"Art of War"},{"floor":11,"key":"Pantograph"},{"floor":14,"key":"Unceasing Top"},{"floor":24,"key":"Happy Flower"},{"floor":26,"key":"Bag of Preparation"},{"floor":31,"key":"Potion Belt"}],"event_choices":[{"damage_healed":28,"gold_gain":0,"player_choice":"Banana","damage_taken":0,"max_hp_gain":0,"max_hp_loss":0,"event_name":"Big Fish","floor":5,"gold_loss":0},{"damage_healed":0,"gold_gain":0,"player_choice":"Cursed","damage_taken":0,"max_hp_gain":0,"max_hp_loss":0,"event_name":"Wheel of Change","floor":10,"gold_loss":0,"cards_obtained":["Decay"]},{"cards_removed":["Decay"],"damage_healed":0,"gold_gain":0,"player_choice":"Offered Curse","damage_taken":0,"relics_obtained":["Spirit Poop"],"max_hp_gain":0,"max_hp_loss":0,"event_name":"Bonfire Elementals","floor":20,"gold_loss":0},{"damage_healed":0,"gold_gain":0,"player_choice":"Ignored","damage_taken":0,"max_hp_gain":0,"max_hp_loss":0,"event_name":"Beggar","floor":22,"gold_loss":0},{"damage_healed":28,"gold_gain":0,"player_choice":"Heal","damage_taken":0,"max_hp_gain":0,"max_hp_loss":0,"event_name":"The Library","floor":25,"gold_loss":0}],"is_beta":true,"boss_relics":[{"not_picked":["Pandora\u0027s Box","Empty Cage"],"picked":"Fusion Hammer"}],"items_purged_floors":[4],"is_endless":false,"potions_floor_spawned":[1,7,11,12,21,27,30],"killed_by":"Champ","ascension_level":4}