{"gold_per_floor":[110,110,110,123,147,175,175,201,201,230,250,250,283,358,358,432,432,452,727,743,441,441,441,467,467,467,205,224,240,240,259,259,332,332,347,17,31,31,43,70,70,70],"floor_reached":42,"playtime":2125,"items_purged":["Regret","Strike_R"],"score":1069,"play_id":"d9432ad2-44af-41c8-8b82-0a17cc481dc9","local_time":"20190114164422","is_ascension_mode":true,"campfire_choices":[{"data":"Armaments","floor":7,"key":"SMITH"},{"data":"Clothesline","floor":12,"key":"SMITH"},{"data":"Bash","floor":15,"key":"SMITH"},{"floor":23,"key":"REST"},{"floor":25,"key":"REST"},{"floor":32,"key":"REST"},{"floor":41,"key":"REST"}],"neow_cost":"NONE","seed_source_timestamp":669631112431188,"circlet_count":0,"master_deck":["AscendersBane","Strike_R","Strike_R+1","Strike_R","Strike_R","Defend_R","Defend_R","Defend_R","Defend_R","Bash+1","Armaments+1","Wild Strike","Spot Weakness","Clothesline+1","Flame Barrier","Fiend Fire+1","Shrug It Off","Fiend Fire","Whirlwind","Battle Trance","Secret Technique","Heavy Blade","Impervious","Headbutt","Heavy Blade+1"],"relics":["Burning Blood","NeowsBlessing","Pocketwatch","Ancient Tea Set","Blood Vial","Meat on the Bone","Singing Bowl","Vajra","Bag of Marbles","Fusion Hammer","Shuriken","Pear","Pen Nib","Whetstone","Incense Burner","Runic Cube","Gambling Chip","Frozen Egg 2"],"potions_floor_usage":[24,24,40,42,42],"damage_taken":[{"damage":0,"enemies":"2 Louse","floor":1,"turns":1},{"damage":0,"enemies":"Jaw Worm","floor":4,"turns":1},{"damage":0,"enemies":"Gremlin Nob","floor":6,"turns":1},{"damage":25,"enemies":"Lagavulin","floor":8,"turns":4},{"damage":21,"enemies":"3 Sentries","floor":10,"turns":8},{"damage":0,"enemies":"Cultist","floor":11,"turns":3},{"damage":6,"enemies":"Gremlin Nob","floor":13,"turns":3},{"damage":31,"enemies":"The Guardian","floor":16,"turns":10},{"damage":11,"enemies":"2 Thieves","floor":18,"turns":2},{"damage":14,"enemies":"Shell Parasite","floor":20,"turns":3},{"damage":10,"enemies":"Book of Stabbing","floor":24,"turns":3},{"damage":18,"enemies":"Shelled Parasite and Fungi","floor":28,"turns":2},{"damage":1,"enemies":"Centurion and Healer","floor":29,"turns":7},{"damage":14,"enemies":"Sentry and Sphere","floor":31,"turns":7},{"damage":34,"enemies":"Champ","floor":33,"turns":10},{"damage":1,"enemies":"3 Shapes","floor":35,"turns":6},{"damage":0,"enemies":"Orb Walker","floor":37,"turns":1},{"damage":0,"enemies":"Jaw Worm Horde","floor":39,"turns":4},{"damage":74,"enemies":"Giant Head","floor":40,"turns":6},{"damage":79,"enemies":"Reptomancer","floor":42,"turns":4}],"seed_played":"3902479384710620312","potions_obtained":[{"floor":1,"key":"LiquidBronze"},{"floor":8,"key":"Ancient Potion"},{"floor":20,"key":"AttackPotion"},{"floor":29,"key":"Regen Potion"},{"floor":31,"key":"SkillPotion"},{"floor":33,"key":"FearPotion"},{"floor":35,"key":"Regen Potion"},{"floor":40,"key":"SpeedPotion"}],"is_trial":false,"path_per_floor":["M","?","?","M","T","E","R","E","T","E","M","R","E","?","R","B",null,"M","?","M","$","T","R","E","R","T","$","M","M","?","M","R","B",null,"M","$","M","$","M","E","R","E"],"character_chosen":"IRONCLAD","items_purchased":["Battle Trance","Secret Technique","Whetstone","Gambling Chip"],"campfire_rested":4,"item_purchase_floors":[21,21,27,36],"current_hp_per_floor":[74,74,56,62,62,68,68,51,51,50,58,58,60,49,49,38,66,65,65,59,59,59,77,85,89,89,89,79,86,86,82,93,65,86,93,93,95,95,97,41,70,0],"gold":70,"neow_bonus":"THREE_ENEMY_KILL","is_prod":false,"is_daily":false,"chose_seed":false,"campfire_upgraded":3,"win_rate":0,"timestamp":1547513062,"path_taken":["M","?","?","M","?","E","R","E","T","E","M","R","E","?","R","BOSS","M","?","M","$","?","R","E","R","T","$","?","M","?","M","R","BOSS","M","$","M","$","?","E","R","E"],"build_version":"2019-01-10","purchased_purges":2,"victory":false,"max_hp_per_floor":[75,75,75,75,75,75,75,75,75,75,75,75,75,75,75,75,75,77,77,77,77,77,77,89,89,89,89,91,91,91,93,93,93,93,93,93,95,95,97,97,97,97],"card_choices":[{"not_picked":["Searing Blow","Rage"],"picked":"Armaments","floor":1},{"not_picked":["Dropkick","Warcry"],"picked":"Wild Strike","floor":4},{"not_picked":["Havoc","Sword Boomerang"],"picked":"Spot Weakness","floor":6},{"not_picked":["Headbutt","Juggernaut"],"picked":"Clothesline","floor":8},{"not_picked":["Havoc","Armaments"],"picked":"Flame Barrier","floor":10},{"not_picked":["Body Slam","Sword Boomerang"],"picked":"Fiend Fire","floor":11},{"not_picked":["Evolve","Clash"],"picked":"Shrug It Off","floor":13},{"not_picked":["Double Tap","Dark Embrace"],"picked":"Fiend Fire","floor":16},{"not_picked":["Sever Soul","Flex","Clothesline+1"],"picked":"Singing Bowl","floor":18},{"not_picked":["Rage","Sever Soul"],"picked":"Whirlwind","floor":20},{"not_picked":["Evolve","Headbutt","Spot Weakness+1"],"picked":"Singing Bowl","floor":24},{"not_picked":["Flex","Anger","Pummel"],"picked":"Singing Bowl","floor":28},{"not_picked":["Headbutt","Burning Pact"],"picked":"Heavy Blade","floor":29},{"not_picked":["Clash+1","Power Through","Burning Pact"],"picked":"Singing Bowl","floor":31},{"not_picked":["Exhume","Barricade"],"picked":"Impervious","floor":33},{"not_picked":["Infernal Blade","True Grit"],"picked":"Headbutt","floor":35},{"not_picked":["Sword Boomerang","Entrench","True Grit"],"picked":"Singing Bowl","floor":37},{"not_picked":["Searing Blow","Rampage+1","Pummel"],"picked":"Singing Bowl","floor":39},{"not_picked":["Shockwave+1","Bloodletting"],"picked":"Heavy Blade+1","floor":40}],"player_experience":1186637,"relics_obtained":[{"floor":5,"key":"Ancient Tea Set"},{"floor":6,"key":"Blood Vial"},{"floor":8,"key":"Meat on the Bone"},{"floor":9,"key":"Singing Bowl"},{"floor":10,"key":"Vajra"},{"floor":13,"key":"Bag of Marbles"},{"floor":22,"key":"Shuriken"},{"floor":24,"key":"Pear"},{"floor":26,"key":"Pen Nib"},{"floor":40,"key":"Frozen Egg 2"}],"event_choices":[{"damage_healed":0,"gold_gain":0,"player_choice":"Ignored","damage_taken":0,"max_hp_gain":0,"max_hp_loss":0,"event_name":"Liars Game","floor":2,"gold_loss":0},{"damage_healed":0,"gold_gain":0,"player_choice":"Success","damage_taken":18,"relics_obtained":["Pocketwatch"],"max_hp_gain":0,"max_hp_loss":0,"event_name":"Scrap Ooze","floor":3,"gold_loss":0},{"damage_healed":0,"gold_gain":75,"player_choice":"Gather Gold","damage_taken":11,"max_hp_gain":0,"max_hp_loss":0,"event_name":"World of Goop","floor":14,"gold_loss":0},{"damage_healed":0,"gold_gain":275,"player_choice":"Desecrate","damage_taken":0,"max_hp_gain":0,"max_hp_loss":0,"event_name":"Golden Shrine","floor":19,"gold_loss":0,"cards_obtained":["Regret"]},{"damage_healed":0,"gold_gain":0,"player_choice":"Gave Potion","damage_taken":0,"relics_obtained":["Incense Burner"],"max_hp_gain":0,"max_hp_loss":0,"event_name":"WeMeetAgain","floor":30,"gold_loss":0}],"is_beta":true,"boss_relics":[{"not_picked":["Coffee Dripper","Lizard Tail"],"picked":"Fusion Hammer"},{"not_picked":["Sozu","Velvet Choker"],"picked":"Runic Cube"}],"items_purged_floors":[21,27],"is_endless":false,"potions_floor_spawned":[1,8,13,16,20,29,31,33,35,40],"killed_by":"Reptomancer","ascension_level":20}