{"gold_per_floor":[111,124,124,138,63,94,112,112,138,138,172,184,184,199,199,199],"floor_reached":16,"playtime":932,"items_purged":["Strike_G"],"score":129,"play_id":"ca1fd8e9-afa0-4da7-a62e-205824c8f468","local_time":"20190317193631","is_ascension_mode":true,"campfire_choices":[{"data":"Neutralize","floor":8,"key":"SMITH"},{"data":"Cloak And Dagger","floor":10,"key":"SMITH"},{"floor":15,"key":"REST"}],"neow_cost":"NONE","seed_source_timestamp":23691449815445,"circlet_count":0,"master_deck":["Defend_G","Defend_G+1","Defend_G","Defend_G","Defend_G","Strike_G","Strike_G","Strike_G","Strike_G","Survivor","Neutralize+1","Cloak And Dagger+1","Dagger Spray","All Out Attack","Jack Of All Trades","Endless Agony","PiercingWail","Doppelganger","Leg Sweep+1","Quick Slash","Skewer"],"relics":["Ring of the Snake","NeowsBlessing","PreservedInsect","Potion Belt","Smiling Mask"],"potions_floor_usage":[11,16,16],"damage_taken":[{"damage":0,"enemies":"2 Louse","floor":1,"turns":1},{"damage":0,"enemies":"Cultist","floor":2,"turns":1},{"damage":0,"enemies":"Small Slimes","floor":4,"turns":1},{"damage":22,"enemies":"3 Sentries","floor":6,"turns":7},{"damage":13,"enemies":"Blue Slaver","floor":7,"turns":5},{"damage":14,"enemies":"Gremlin Nob","floor":11,"turns":4},{"damage":0,"enemies":"3 Louse","floor":12,"turns":2},{"damage":0,"enemies":"Large Slime","floor":14,"turns":6},{"damage":43,"enemies":"Hexaghost","floor":16,"turns":16}],"seed_played":"-8790016167119817333","potions_obtained":[{"floor":6,"key":"Regen Potion"},{"floor":11,"key":"GhostInAJar"},{"floor":14,"key":"Weak Potion"}],"is_trial":false,"path_per_floor":["M","M","?","M","$","E","M","R","T","R","E","M","?","M","R","B"],"character_chosen":"THE_SILENT","items_purchased":[],"campfire_rested":1,"item_purchase_floors":[],"current_hp_per_floor":[70,70,70,70,70,48,35,35,35,35,33,33,19,19,40,0],"gold":199,"neow_bonus":"THREE_ENEMY_KILL","is_prod":false,"is_daily":false,"chose_seed":false,"campfire_upgraded":2,"win_rate":0,"timestamp":1552847791,"path_taken":["M","M","?","?","?","E","?","R","T","R","E","M","?","M","R","BOSS"],"build_version":"2019-03-15","purchased_purges":1,"victory":false,"max_hp_per_floor":[70,70,70,70,70,70,70,70,70,70,70,70,70,70,70,70],"card_choices":[{"not_picked":["Underhanded Strike","Finisher"],"picked":"Cloak And Dagger","floor":1},{"not_picked":["Poisoned Stab","Acrobatics"],"picked":"Dagger Spray","floor":2},{"not_picked":["Cloak And Dagger","Slice"],"picked":"Endless Agony","floor":4},{"not_picked":["Terror","Flying Knee"],"picked":"PiercingWail","floor":6},{"not_picked":["Setup","Deadly Poison"],"picked":"Doppelganger","floor":7},{"not_picked":["PiercingWail","Deflect"],"picked":"Leg Sweep","floor":11},{"not_picked":["Underhanded Strike","All Out Attack"],"picked":"Quick Slash","floor":12},{"not_picked":["Blade Dance","Acrobatics"],"picked":"Skewer","floor":14}],"player_experience":286280,"relics_obtained":[{"floor":6,"key":"PreservedInsect"},{"floor":9,"key":"Potion Belt"},{"floor":11,"key":"Smiling Mask"}],"event_choices":[{"damage_healed":0,"gold_gain":0,"player_choice":"2 cards matched","damage_taken":0,"max_hp_gain":0,"max_hp_loss":0,"event_name":"Match and Keep!","floor":3,"gold_loss":0,"cards_obtained":["All Out Attack","Jack Of All Trades"]},{"damage_healed":0,"gold_gain":0,"player_choice":"Entered Light","damage_taken":14,"max_hp_gain":0,"max_hp_loss":0,"event_name":"Shining Light","floor":13,"gold_loss":0,"cards_upgraded":["Leg Sweep","Defend_G"]}],"is_beta":true,"boss_relics":[],"items_purged_floors":[5],"is_endless":false,"potions_floor_spawned":[6,11,14],"killed_by":"Hexaghost","ascension_level":3}