{"gold_per_floor":[110,123,123,123,48,80,80,94,175,175],"floor_reached":10,"playtime":260,"items_purged":["Strike_B"],"score":129,"play_id":"d71a725d-b435-4ec4-a147-43eccb18a628","local_time":"20181108174037","is_ascension_mode":true,"campfire_choices":[{"data":"Zap","floor":7,"key":"SMITH"}],"neow_cost":"NONE","seed_source_timestamp":4203563434479171,"circlet_count":0,"master_deck":["AscendersBane","Strike_B+1","Strike_B","Strike_B","Defend_B","Defend_B","Defend_B","Defend_B","Zap+1","Dualcast","Forethought","Cold Snap+1","Streamline+1","Cold Snap"],"relics":["Cracked Core","Oddly Smooth Stone","Toxic Egg 2"],"potions_floor_usage":[6],"damage_taken":[{"damage":0,"enemies":"2 Louse","floor":1,"turns":2},{"damage":12,"enemies":"Jaw Worm","floor":2,"turns":2},{"damage":6,"enemies":"Gremlin Nob","floor":6,"turns":3},{"damage":0,"enemies":"Small Slimes","floor":8,"turns":3},{"damage":34,"enemies":"Gremlin Gang","floor":10,"turns":2}],"seed_played":"1660227484374551161","potions_obtained":[{"floor":1,"key":"FocusPotion"},{"floor":2,"key":"PowerPotion"}],"is_trial":false,"path_per_floor":["M","M","?","?","$","E","R","M","T","M"],"character_chosen":"DEFECT","items_purchased":[],"campfire_rested":0,"item_purchase_floors":[],"current_hp_per_floor":[64,52,31,31,31,25,25,25,25,0],"gold":175,"neow_bonus":"RANDOM_COLORLESS","is_prod":false,"is_daily":false,"chose_seed":false,"campfire_upgraded":1,"win_rate":0,"timestamp":1541727637,"path_taken":["M","M","?","?","$","E","R","M","T","M"],"build_version":"2018-11-07","purchased_purges":1,"victory":false,"max_hp_per_floor":[71,71,71,71,71,71,71,71,71,71],"card_choices":[{"not_picked":["Gash","FTL"],"picked":"Cold Snap","floor":1},{"not_picked":["Compile Driver","Rebound"],"picked":"Streamline","floor":2},{"not_picked":["Steam Power","Reprogram"],"picked":"Cold Snap","floor":6},{"not_picked":["Barrage","Streamline","Double Energy"],"picked":"SKIP","floor":8}],"player_experience":1032061,"relics_obtained":[{"floor":6,"key":"Oddly Smooth Stone"},{"floor":9,"key":"Toxic Egg 2"}],"event_choices":[{"damage_healed":0,"gold_gain":0,"player_choice":"Entered Light","damage_taken":21,"max_hp_gain":0,"max_hp_loss":0,"event_name":"Shining Light","floor":3,"gold_loss":0,"cards_upgraded":["Strike_B","Cold Snap"]},{"damage_healed":0,"gold_gain":0,"player_choice":"Grow","damage_taken":0,"max_hp_gain":0,"max_hp_loss":0,"event_name":"Living Wall","floor":4,"gold_loss":0,"cards_upgraded":["Streamline"]}],"is_beta":true,"boss_relics":[],"items_purged_floors":[5],"is_endless":false,"potions_floor_spawned":[1,2],"killed_by":"Gremlin Gang","ascension_level":19}