{"gold_per_floor":[113,127,177,3,3,3,33,47,120,145,160,160],"floor_reached":12,"playtime":461,"items_purged":[],"score":156,"play_id":"ce87f3e5-1dd8-4824-a499-48db6d7c596c","local_time":"20190331220321","is_ascension_mode":true,"campfire_choices":[{"data":"Bash","floor":6,"key":"SMITH"}],"neow_cost":"NONE","seed_source_timestamp":291167268597033,"circlet_count":0,"master_deck":["AscendersBane","Strike_R","Strike_R","Strike_R","Strike_R","Strike_R","Defend_R","Defend_R+1","Defend_R","Defend_R+1","Bash+1","True Grit","Cleave","Offering","Juggernaut","Uppercut"],"relics":["Burning Blood","Vajra","Potion Belt","Gremlin Horn","PreservedInsect"],"potions_floor_usage":[12],"damage_taken":[{"damage":2,"enemies":"Jaw Worm","floor":1,"turns":4},{"damage":1,"enemies":"Cultist","floor":2,"turns":4},{"damage":31,"enemies":"3 Sentries","floor":7,"turns":10},{"damage":12,"enemies":"Small Slimes","floor":8,"turns":3},{"damage":13,"enemies":"Blue Slaver","floor":11,"turns":4},{"damage":7,"enemies":"Gremlin Gang","floor":12,"turns":1}],"seed_played":"3174394242618412553","potions_obtained":[{"floor":2,"key":"LiquidBronze"},{"floor":11,"key":"Dexterity Potion"}],"is_trial":false,"path_per_floor":["M","M","?","$","?","R","E","M","T","T","M","M"],"character_chosen":"IRONCLAD","items_purchased":["Offering"],"campfire_rested":0,"item_purchase_floors":[4],"current_hp_per_floor":[72,75,68,68,45,45,20,14,14,14,7,0],"gold":160,"neow_bonus":"RANDOM_COMMON_RELIC","is_prod":false,"is_daily":false,"chose_seed":false,"campfire_upgraded":1,"win_rate":0,"timestamp":1554062601,"path_taken":["M","M","?","?","?","R","E","M","T","?","M","M"],"build_version":"2019-03-15","purchased_purges":0,"victory":false,"max_hp_per_floor":[75,75,75,75,75,75,75,75,75,75,75,75],"card_choices":[{"not_picked":["Armaments","Iron Wave"],"picked":"True Grit","floor":1},{"not_picked":["Armaments","Warcry"],"picked":"Cleave","floor":2},{"not_picked":["True Grit","Ghostly Armor"],"picked":"Juggernaut","floor":7},{"not_picked":["Anger","Twin Strike"],"picked":"Uppercut","floor":8},{"not_picked":["Havoc","Cleave","Second Wind"],"picked":"SKIP","floor":11}],"player_experience":420658,"relics_obtained":[{"floor":7,"key":"Potion Belt"},{"floor":9,"key":"Gremlin Horn"},{"floor":10,"key":"PreservedInsect"}],"event_choices":[{"damage_healed":0,"gold_gain":50,"player_choice":"Touch","damage_taken":7,"max_hp_gain":0,"max_hp_loss":0,"event_name":"FaceTrader","floor":3,"gold_loss":0},{"damage_healed":0,"gold_gain":0,"player_choice":"Entered Light","damage_taken":23,"max_hp_gain":0,"max_hp_loss":0,"event_name":"Shining Light","floor":5,"gold_loss":0,"cards_upgraded":["Defend_R","Defend_R"]}],"is_beta":true,"boss_relics":[],"items_purged_floors":[],"is_endless":false,"potions_floor_spawned":[2,11],"killed_by":"Gremlin Gang","ascension_level":20}