{"gold_per_floor":[117,132,207,207,226,226,246,246,246,272,272,290,290,355,355,355],"floor_reached":16,"playtime":635,"items_purged":[],"score":220,"play_id":"7f380d1c-3a1e-46c4-8d5f-eb3b576f2517","local_time":"20190422021023","is_ascension_mode":true,"campfire_choices":[{"data":"Bash","floor":6,"key":"SMITH"},{"data":"Hemokinesis","floor":8,"key":"SMITH"},{"floor":11,"key":"REST"},{"data":"Shrug It Off","floor":15,"key":"SMITH"}],"neow_cost":"NONE","seed_source_timestamp":120600272270048,"circlet_count":0,"master_deck":["AscendersBane","Strike_R","Strike_R","Strike_R","Strike_R","Strike_R","Defend_R","Defend_R","Defend_R","Defend_R","Bash+1","Hemokinesis+1","True Grit+1","Metallicize","Iron Wave+1","Pommel Strike+1","Armaments","Shrug It Off+1"],"relics":["Burning Blood","Molten Egg 2","Potion Belt","Girya","Tiny Chest"],"potions_floor_usage":[14,14,14,16],"damage_taken":[{"damage":9,"enemies":"2 Louse","floor":1,"turns":4},{"damage":12,"enemies":"Jaw Worm","floor":2,"turns":3},{"damage":4,"enemies":"Cultist","floor":5,"turns":4},{"damage":15,"enemies":"2 Fungi Beasts","floor":7,"turns":5},{"damage":31,"enemies":"Lagavulin","floor":10,"turns":6},{"damage":15,"enemies":"Blue Slaver","floor":12,"turns":2},{"damage":10,"enemies":"Gremlin Nob","floor":14,"turns":3},{"damage":26,"enemies":"The Guardian","floor":16,"turns":11}],"seed_played":"-890326406151896981","potions_obtained":[{"floor":0,"key":"Explosive Potion"},{"floor":0,"key":"SteroidPotion"},{"floor":7,"key":"Ancient Potion"},{"floor":12,"key":"LiquidBronze"},{"floor":14,"key":"Swift Potion"}],"is_trial":false,"path_per_floor":["M","M","?","?","M","R","M","R","T","E","R","M","?","E","R","B"],"character_chosen":"IRONCLAD","items_purchased":[],"campfire_rested":1,"item_purchase_floors":[],"current_hp_per_floor":[65,59,48,48,50,50,41,41,41,16,38,29,29,25,25,0],"gold":355,"neow_bonus":"THREE_SMALL_POTIONS","is_prod":false,"is_daily":false,"chose_seed":false,"campfire_upgraded":3,"win_rate":0,"timestamp":1555891823,"path_taken":["M","M","?","?","?","R","M","R","T","E","R","M","?","E","R","BOSS"],"build_version":"2019-04-20","purchased_purges":0,"victory":false,"max_hp_per_floor":[75,75,75,75,75,75,75,75,75,75,75,75,75,75,75,75],"card_choices":[{"not_picked":["Perfected Strike","Wild Strike"],"picked":"Hemokinesis","floor":1},{"not_picked":["Clash","Sentinel"],"picked":"True Grit","floor":2},{"not_picked":["Clash+1","Fire Breathing"],"picked":"Metallicize","floor":5},{"not_picked":["Double Tap","Rampage+1"],"picked":"Iron Wave+1","floor":7},{"not_picked":["Sword Boomerang+1","Combust"],"picked":"Pommel Strike+1","floor":10},{"not_picked":["Body Slam+1","Flex"],"picked":"Armaments","floor":12},{"not_picked":["Ghostly Armor","Limit Break"],"picked":"Shrug It Off","floor":14}],"player_experience":485924,"relics_obtained":[{"floor":9,"key":"Potion Belt"},{"floor":10,"key":"Girya"},{"floor":14,"key":"Tiny Chest"}],"event_choices":[{"damage_healed":0,"gold_gain":75,"player_choice":"Gather Gold","damage_taken":11,"max_hp_gain":0,"max_hp_loss":0,"event_name":"World of Goop","floor":3,"gold_loss":0},{"damage_healed":0,"gold_gain":0,"player_choice":"Gave Potion","damage_taken":0,"relics_obtained":["Molten Egg 2"],"max_hp_gain":0,"max_hp_loss":0,"event_name":"WeMeetAgain","floor":4,"gold_loss":0},{"damage_healed":0,"gold_gain":0,"player_choice":"Grow","damage_taken":0,"max_hp_gain":0,"max_hp_loss":0,"event_name":"Living Wall","floor":13,"gold_loss":0,"cards_upgraded":["True Grit"]}],"is_beta":true,"boss_relics":[],"items_purged_floors":[],"is_endless":false,"potions_floor_spawned":[2,7,12,14],"killed_by":"The Guardian","ascension_level":20}