{"gold_per_floor":[111,111,131,148,148,148,148,148,148,129,140,0,0,0,0,96,96,80,94,22,22,37,37,56,72,72,347,365,365],"floor_reached":29,"playtime":2928,"items_purged":[],"score":219,"play_id":"7419bd4c-ff4d-4250-8026-eb2df96bedd6","local_time":"20190802201309","is_ascension_mode":false,"campfire_choices":[{"floor":6,"key":"REST"},{"floor":13,"key":"REST"},{"floor":15,"key":"REST"},{"floor":23,"key":"REST"}],"neow_cost":"NONE","seed_source_timestamp":985653963289200,"circlet_count":0,"master_deck":["Strike_B+1","Strike_B+1","Strike_B+1","Strike_B+1","Defend_B+1","Defend_B+1","Defend_B+1","Zap","Blizzard","Compile Driver","Gash","Iron Wave","Auto Shields","Cold Snap","White Noise","Multi-Cast","Electrodynamics","Beam Cell","FTL","Gash","Coolheaded","Cold Snap","Lockon+1","Coolheaded","Regret","Go for the Eyes"],"relics":["FrozenCore","Meat on the Bone","Mummified Hand","Dodecahedron"],"potions_floor_usage":[29],"damage_taken":[{"damage":1,"enemies":"Jaw Worm","floor":1,"turns":4},{"damage":6,"enemies":"Cultist","floor":3,"turns":3},{"damage":6,"enemies":"2 Louse","floor":4,"turns":3},{"damage":13,"enemies":"Gremlin Gang","floor":8,"turns":4},{"damage":12,"enemies":"Exordium Thugs","floor":10,"turns":4},{"damage":0,"enemies":"Looter","floor":11,"turns":3},{"damage":20,"enemies":"Slime Boss","floor":16,"turns":10},{"damage":10,"enemies":"2 Thieves","floor":18,"turns":4},{"damage":13,"enemies":"Spheric Guardian","floor":19,"turns":5},{"damage":26,"enemies":"Shelled Parasite and Fungi","floor":22,"turns":9},{"damage":0,"enemies":"Snecko","floor":24,"turns":6},{"damage":9,"enemies":"Chosen and Byrds","floor":25,"turns":5},{"damage":17,"enemies":"Sentry and Sphere","floor":28,"turns":6},{"damage":55,"enemies":"Gremlin Leader","floor":29,"turns":6}],"seed_played":"2356675553254529095","potions_obtained":[{"floor":3,"key":"Swift Potion"},{"floor":4,"key":"FearPotion"},{"floor":16,"key":"GamblersBrew"},{"floor":18,"key":"PowerPotion"}],"is_trial":false,"path_per_floor":["M","?","M","M","T","R","?","M","T","M","M","$","R","$","R","B",null,"M","M","$","?","M","R","M","M","T","?","M","E"],"character_chosen":"DEFECT","items_purchased":["Multi-Cast","Gash","Coolheaded"],"campfire_rested":4,"item_purchase_floors":[12,20,20],"current_hp_per_floor":[81,81,75,69,69,82,82,69,69,57,57,57,81,81,82,62,82,72,59,59,59,45,69,69,60,60,60,43,0],"gold":365,"neow_bonus":"TEN_PERCENT_HP_BONUS","is_prod":false,"is_daily":false,"chose_seed":false,"campfire_upgraded":0,"win_rate":0.0,"timestamp":1564765989,"path_taken":["M","?","M","?","?","R","?","?","T","M","M","$","R","?","R","BOSS","M","M","$","?","M","R","M","M","T","?","?","E"],"build_version":"2019-07-17","purchased_purges":0,"victory":false,"max_hp_per_floor":[82,82,82,82,82,82,82,82,82,82,82,82,82,82,82,82,82,82,82,82,82,82,82,82,82,82,82,82,82],"card_choices":[{"not_picked":["Stack","Coolheaded"],"picked":"Blizzard","floor":1},{"not_picked":["Leap","Steam"],"picked":"Compile Driver","floor":3},{"not_picked":["Self Repair","Barrage"],"picked":"Gash","floor":4},{"not_picked":["Storm","Stack"],"picked":"Auto Shields","floor":8},{"not_picked":["Auto Shields","Go for the Eyes"],"picked":"Cold Snap","floor":10},{"not_picked":["Hologram","Hello World"],"picked":"White Noise","floor":11},{"not_picked":["Amplify","Seek"],"picked":"Electrodynamics","floor":16},{"not_picked":["Leap","Hello World+1"],"picked":"Beam Cell","floor":18},{"not_picked":["Hologram","BootSequence"],"picked":"FTL","floor":19},{"not_picked":["Reprogram+1","Ball Lightning"],"picked":"Cold Snap","floor":22},{"not_picked":["Reinforced Body+1","Sweeping Beam"],"picked":"Lockon+1","floor":24},{"not_picked":["Beam Cell","Leap+1"],"picked":"Coolheaded","floor":25},{"not_picked":["Coolheaded","Sweeping Beam"],"picked":"Go for the Eyes","floor":28}],"player_experience":21746,"relics_obtained":[{"floor":5,"key":"Meat on the Bone"},{"floor":9,"key":"Mummified Hand"},{"floor":26,"key":"Dodecahedron"}],"event_choices":[{"cards_removed":["Dualcast"],"damage_healed":0,"gold_gain":0,"player_choice":"Offered Basic","damage_taken":0,"max_hp_gain":0,"max_hp_loss":0,"event_name":"Bonfire Elementals","floor":2,"gold_loss":0},{"cards_removed":["Defend_B"],"damage_healed":0,"gold_gain":0,"player_choice":"Took Card","damage_taken":0,"max_hp_gain":0,"max_hp_loss":0,"event_name":"NoteForYourself","floor":7,"gold_loss":0,"cards_obtained":["Iron Wave"]},{"damage_healed":0,"gold_gain":0,"player_choice":"Simplicity","damage_taken":0,"max_hp_gain":0,"max_hp_loss":0,"event_name":"Back to Basics","floor":21,"gold_loss":0,"cards_upgraded":["Strike_B","Strike_B","Strike_B","Strike_B","Defend_B","Defend_B","Defend_B"]},{"damage_healed":0,"gold_gain":275,"player_choice":"Desecrate","damage_taken":0,"max_hp_gain":0,"max_hp_loss":0,"event_name":"Golden Shrine","floor":27,"gold_loss":0,"cards_obtained":["Regret"]}],"is_beta":false,"boss_relics":[{"not_picked":["Nuclear Battery","Runic Pyramid"],"picked":"FrozenCore"}],"items_purged_floors":[],"is_endless":false,"potions_floor_spawned":[3,4,16,18,19,24,25],"killed_by":"Gremlin Leader","ascension_level":0}