{"gold_per_floor":[219,237,288,301,25,25,45,72,126,153,153,171,171,186,186,258,258,268,287,24,24,24,24,38,38,63,63,78,78,78,106,106,183,183,198,198,198,40,57,83,83,114,114,114,114,114,61,61,61,61,61,61,5,5],"floor_reached":54,"playtime":3539,"items_purged":["Strike_G"],"score":1353,"play_id":"7e8be48d-ce1b-4bbb-89a6-00ecdd9df781","local_time":"20181126211206","is_ascension_mode":true,"campfire_choices":[{"data":"Apotheosis","floor":6.0,"key":"SMITH"},{"floor":11.0,"key":"REST"},{"data":"1","floor":13.0,"key":"LIFT"},{"data":"2","floor":15.0,"key":"LIFT"},{"floor":23,"key":"REST"},{"data":"3","floor":25,"key":"LIFT"},{"data":"Secret Technique","floor":27,"key":"SMITH"},{"floor":30,"key":"REST"},{"floor":32,"key":"REST"},{"floor":41,"key":"REST"},{"floor":46,"key":"REST"},{"floor":49,"key":"RECALL"},{"floor":52,"key":"REST"}],"neow_cost":"NONE","seed_source_timestamp":0,"circlet_count":0,"master_deck":["AscendersBane","Defend_G","Defend_G","Defend_G","Defend_G","Defend_G","Strike_G","Survivor","Neutralize","Dodge and Roll","Flechettes","Cloak And Dagger","Apotheosis+1","Bouncing Flask","Quick Slash","Corpse Explosion","Prepared","Expertise","Sucker Punch","Envenom","PiercingWail","Secret Technique+1","Well Laid Plans","Cloak And Dagger","Prepared","Noxious Fumes+1","Infinite Blades","Wraith Form v2","Malaise","Accuracy+1","Prepared+1","Calculated Gamble","Bane"],"special_seed":0,"relics":["Ring of the Snake","Juzu Bracelet","Dream Catcher","Centennial Puzzle","Girya","WristBlade","Regal Pillow","Dodecahedron","Fusion Hammer","Matryoshka","Lantern","Sundial"],"potions_floor_usage":[28,40,50,50],"damage_taken":[{"damage":0.0,"enemies":"Cultist","floor":1.0,"turns":4.0},{"damage":10.0,"enemies":"Jaw Worm","floor":2.0,"turns":9.0},{"damage":3.0,"enemies":"Small Slimes","floor":4.0,"turns":4.0},{"damage":0.0,"enemies":"Gremlin Gang","floor":7.0,"turns":5.0},{"damage":22.0,"enemies":"Gremlin Nob","floor":8.0,"turns":4.0},{"damage":14.0,"enemies":"Lagavulin","floor":10.0,"turns":8.0},{"damage":4.0,"enemies":"Exordium Wildlife","floor":12.0,"turns":2.0},{"damage":0.0,"enemies":"Looter","floor":14.0,"turns":3.0},{"damage":1.0,"enemies":"Hexaghost","floor":16.0,"turns":8.0},{"damage":4.0,"enemies":"Chosen","floor":18.0,"turns":4.0},{"damage":12.0,"enemies":"3 Byrds","floor":19.0,"turns":2.0},{"damage":4,"enemies":"Cultist and Chosen","floor":24,"turns":6},{"damage":6,"enemies":"Snake Plant","floor":28,"turns":5},{"damage":12,"enemies":"Colosseum Slavers","floor":29,"turns":4},{"damage":34,"enemies":"Slavers","floor":31,"turns":7},{"damage":52,"enemies":"Champ","floor":33,"turns":13},{"damage":3,"enemies":"3 Darklings","floor":35,"turns":3},{"damage":15,"enemies":"Orb Walker","floor":39,"turns":3},{"damage":31,"enemies":"Reptomancer","floor":40,"turns":5},{"damage":55,"enemies":"Giant Head","floor":42,"turns":10},{"damage":35,"enemies":"Awakened One","floor":50,"turns":18},{"damage":90,"enemies":"Shield and Spear","floor":54,"turns":6}],"seed_played":"-2733515535581381414","potions_obtained":[{"floor":7.0,"key":"Poison Potion"},{"floor":8.0,"key":"GamblersBrew"},{"floor":10.0,"key":"Explosive Potion"},{"floor":14.0,"key":"Swift Potion"},{"floor":24,"key":"Weak Potion"},{"floor":31,"key":"FairyPotion"},{"floor":40,"key":"Fire Potion"}],"is_trial":false,"path_per_floor":["M","M","T","M","$","R","M","E","T","E","R","M","R","M","R","B",null,"M","M","$","?","?","R","M","R","T","R","M","?","R","E","R","B",null,"M","?","?","$","M","E","R","E","T","?","?","R","$","?","R","B",null,"R","$","E"],"character_chosen":"THE_SILENT","items_purchased":["Apotheosis","Bouncing Flask","Secret Technique","Well Laid Plans","GhostInAJar","Dexterity Potion","Dexterity Potion"],"campfire_rested":7,"item_purchase_floors":[5,5,20,20,38,47,53],"current_hp_per_floor":[59,49,49,46,46,46,46,24,24,10,29,25,25,25,25,24,56,52,40,40,40,22,43,39,39,39,39,33,21,57,23,59,7,55,52,71,71,71,56,25,61,6,6,6,6,42,42,42,42,7,55,71,71,0],"gold":5,"neow_bonus":"HUNDRED_GOLD","is_prod":false,"is_daily":false,"chose_seed":false,"campfire_upgraded":2,"win_rate":0,"timestamp":1543295526,"path_taken":["M","M","?","M","$","R","M","E","T","E","R","M","R","M","R","BOSS","M","M","$","?","?","R","M","R","T","R","M","?","R","E","R","BOSS","M","?","?","$","M","E","R","E","T","?","?","R","$","?","R","BOSS","R","$","E"],"build_version":"2018-11-15","purchased_purges":1,"victory":false,"max_hp_per_floor":[66,66,66,66,66,66,66,66,66,66,66,66,66,66,66,66,66,66,66,66,66,71,71,71,71,71,71,71,71,71,71,71,71,71,71,71,71,71,71,71,71,71,71,71,71,71,71,71,71,71,71,71,71,71],"card_choices":[{"not_picked":["Prepared","Concentrate"],"picked":"Dodge and Roll","floor":1.0},{"not_picked":["Distraction","Underhanded Strike"],"picked":"Flechettes","floor":2.0},{"not_picked":["Tactician","Phantasmal Killer"],"picked":"Cloak And Dagger","floor":4.0},{"not_picked":["Blade Dance","Backflip"],"picked":"Quick Slash","floor":7.0},{"not_picked":["Poisoned Stab","Choke","Endless Agony"],"picked":"SKIP","floor":8.0},{"not_picked":["Concentrate","Well Laid Plans"],"picked":"Corpse Explosion","floor":10.0},{"not_picked":["Bane","Distraction"],"picked":"Prepared","floor":11.0},{"not_picked":["Endless Agony","Poisoned Stab","Expertise"],"picked":"SKIP","floor":12.0},{"not_picked":["Endless Agony","Poisoned Stab"],"picked":"Expertise","floor":12.0},{"not_picked":["Heel Hook","Flechettes"],"picked":"Sucker Punch","floor":14.0},{"not_picked":["Glass Knife","Night Terror"],"picked":"Envenom","floor":16.0},{"not_picked":["Backflip","Deadly Poison"],"picked":"PiercingWail","floor":18.0},{"not_picked":["Riddle With Holes","Quick Slash","Dagger Throw"],"picked":"SKIP","floor":19.0},{"not_picked":["Deflect","Sucker Punch"],"picked":"Cloak And Dagger","floor":23},{"not_picked":["Well Laid Plans","Dagger Throw"],"picked":"Prepared","floor":24},{"not_picked":["Blade Dance+1","Dagger Throw"],"picked":"Noxious Fumes+1","floor":28},{"not_picked":["Outmaneuver","Deflect"],"picked":"Infinite Blades","floor":30},{"not_picked":["PiercingWail","Deadly Poison"],"picked":"Wraith Form v2","floor":31},{"not_picked":["A Thousand Cuts","Doppelganger"],"picked":"Malaise","floor":33},{"not_picked":["Blade Dance","Flying Knee"],"picked":"Accuracy+1","floor":35},{"not_picked":["Dodge and Roll","Blade Dance"],"picked":"Prepared+1","floor":39},{"not_picked":["Expertise","Outmaneuver","Deadly Poison"],"picked":"SKIP","floor":40},{"not_picked":["Dodge and Roll","Terror"],"picked":"Calculated Gamble","floor":42}],"player_experience":1096613,"relics_obtained":[{"floor":3.0,"key":"Juzu Bracelet"},{"floor":8.0,"key":"Dream Catcher"},{"floor":9.0,"key":"Centennial Puzzle"},{"floor":10.0,"key":"Girya"},{"floor":26,"key":"Regal Pillow"},{"floor":31,"key":"Dodecahedron"},{"floor":40,"key":"Matryoshka"},{"floor":42,"key":"Lantern"},{"floor":43,"key":"Sundial"}],"event_choices":[{"damage_healed":0,"gold_gain":0,"player_choice":"Ignored","damage_taken":0,"max_hp_gain":0,"max_hp_loss":0,"event_name":"The Mausoleum","floor":21,"gold_loss":0},{"damage_healed":0,"gold_gain":0,"player_choice":"Shed Blood","damage_taken":23,"max_hp_gain":5,"max_hp_loss":0,"event_name":"Forgotten Altar","floor":22,"gold_loss":0},{"damage_healed":0,"gold_gain":0,"player_choice":"Fight","damage_taken":0,"max_hp_gain":0,"max_hp_loss":0,"event_name":"Colosseum","floor":29,"gold_loss":0},{"damage_healed":0,"gold_gain":0,"player_choice":"Fled From Nobs","damage_taken":0,"max_hp_gain":0,"max_hp_loss":0,"event_name":"Colosseum","floor":29,"gold_loss":0},{"damage_healed":19,"gold_gain":0,"player_choice":"Full Heal","damage_taken":0,"max_hp_gain":0,"max_hp_loss":0,"event_name":"Wheel of Change","floor":36,"gold_loss":0},{"cards_removed":["Strike_G"],"damage_healed":0,"gold_gain":0,"player_choice":"Removed Attack","damage_taken":0,"max_hp_gain":0,"max_hp_loss":0,"event_name":"Falling","floor":37,"gold_loss":0},{"damage_healed":0,"gold_gain":0,"player_choice":"Ignored","damage_taken":0,"max_hp_gain":0,"max_hp_loss":0,"event_name":"The Moai Head","floor":44,"gold_loss":0},{"damage_healed":0,"gold_gain":0,"cards_transformed":["Strike_G"],"player_choice":"Transformed","damage_taken":0,"max_hp_gain":0,"max_hp_loss":0,"event_name":"Transmorgrifier","floor":45,"gold_loss":0,"cards_obtained":["Bane"]},{"cards_removed":["Strike_G"],"damage_healed":0,"gold_gain":0,"player_choice":"Purged","damage_taken":0,"max_hp_gain":0,"max_hp_loss":0,"event_name":"Purifier","floor":48,"gold_loss":0}],"is_beta":true,"boss_relics":[{"not_picked":["Velvet Choker","Lizard Tail"],"picked":"WristBlade"},{"not_picked":["Black Star","HoveringKite"],"picked":"Fusion Hammer"}],"items_purged_floors":[38],"is_endless":false,"potions_floor_spawned":[7,8,10,14,24,31,39,40],"killed_by":"Shield and Spear","ascension_level":19}