{"gold_per_floor":[114,125,145,145,155,180,180,210,210,241,253,253,253,265,265,362,362,379,391,391,391,97,126,126,158,158,183,183,199,215,244,244,343,343,355,375,375],"floor_reached":37,"playtime":3188,"items_purged":["Strike_G"],"score":544,"play_id":"9d2b6bb8-bd7c-4988-889b-09d6c0388ed6","local_time":"20181110122214","is_ascension_mode":true,"campfire_choices":[{"floor":7.0,"key":"REST"},{"floor":12.0,"key":"REST"},{"floor":15.0,"key":"REST"},{"floor":24.0,"key":"REST"},{"floor":28.0,"key":"REST"},{"floor":32.0,"key":"REST"}],"neow_cost":"NONE","seed_source_timestamp":0,"circlet_count":0,"master_deck":["Defend_G","Defend_G","Defend_G","Defend_G","Defend_G","Strike_G","Strike_G","Strike_G","Strike_G","Survivor","Neutralize","Dodge and Roll","Backflip","Flying Knee","Bouncing Flask+1","Footwork","Bouncing Flask+1","Well Laid Plans","Poisoned Stab","Backflip+1","Envenom","Leg Sweep+1","Backflip+1","Discovery+1","Dodge and Roll+1","Blur+1","Crippling Poison+1","Deadly Poison+1","Outmaneuver+1","Terror+1","Deadly Poison+1","Blur+1","Caltrops+1","Deflect+1","Burst+1","Noxious Fumes+1"],"special_seed":0,"relics":["Ring of the Snake","Toxic Egg 2","Vajra","Gambling Chip","Matryoshka","StoneCalendar","Fusion Hammer","Dream Catcher","Question Card","Pen Nib","Juzu Bracelet","Omamori","Frozen Egg 2","Paper Crane","Eternal Feather"],"potions_floor_usage":[36,37],"damage_taken":[{"damage":2.0,"enemies":"Small Slimes","floor":1.0,"turns":3.0},{"damage":5.0,"enemies":"2 Louse","floor":2.0,"turns":2.0},{"damage":0.0,"enemies":"Cultist","floor":3.0,"turns":5.0},{"damage":9.0,"enemies":"Exordium Wildlife","floor":5.0,"turns":7.0},{"damage":22.0,"enemies":"Lagavulin","floor":6.0,"turns":6.0},{"damage":23.0,"enemies":"3 Sentries","floor":8.0,"turns":7.0},{"damage":4.0,"enemies":"Lagavulin","floor":10.0,"turns":5.0},{"damage":0.0,"enemies":"2 Fungi Beasts","floor":11.0,"turns":3.0},{"damage":13.0,"enemies":"Blue Slaver","floor":14.0,"turns":3.0},{"damage":9.0,"enemies":"The Guardian","floor":16.0,"turns":7.0},{"damage":22.0,"enemies":"3 Byrds","floor":18.0,"turns":5.0},{"damage":5.0,"enemies":"Spheric Guardian","floor":19.0,"turns":5.0},{"damage":27.0,"enemies":"Gremlin Leader","floor":23.0,"turns":9.0},{"damage":3.0,"enemies":"Book of Stabbing","floor":25.0,"turns":6.0},{"damage":41.0,"enemies":"Gremlin Leader","floor":27.0,"turns":8.0},{"damage":0.0,"enemies":"Snecko","floor":29.0,"turns":4.0},{"damage":19.0,"enemies":"Cultist and Chosen","floor":30.0,"turns":6.0},{"damage":0.0,"enemies":"Book of Stabbing","floor":31.0,"turns":5.0},{"damage":23.0,"enemies":"Automaton","floor":33.0,"turns":9.0},{"damage":2,"enemies":"Orb Walker","floor":35,"turns":2},{"damage":32,"enemies":"3 Darklings","floor":36,"turns":5},{"damage":64,"enemies":"4 Shapes","floor":37,"turns":3}],"seed_played":"-8842821838685230132","potions_obtained":[{"floor":2.0,"key":"SteroidPotion"},{"floor":6.0,"key":"LiquidBronze"},{"floor":8.0,"key":"Energy Potion"},{"floor":11.0,"key":"PowerPotion"},{"floor":19.0,"key":"LiquidBronze"},{"floor":25.0,"key":"EssenceOfSteel"},{"floor":27.0,"key":"Strength Potion"},{"floor":35,"key":"Fire Potion"},{"floor":36,"key":"SkillPotion"}],"is_trial":false,"path_per_floor":["M","M","M","?","M","E","R","E","T","E","M","R","?","M","R","B",null,"M","M","?","?","$","E","R","E","T","E","R","M","M","E","R","B",null,"M","M","M"],"character_chosen":"THE_SILENT","items_purchased":["Dream Catcher","Blur+1"],"campfire_rested":6,"item_purchase_floors":[22,22],"current_hp_per_floor":[75,70,70,58,49,27,50,27,27,23,23,46,71,58,77,68,77,55,50,75,75,75,48,71,68,68,27,50,50,31,31,54,31,77,75,43,0],"gold":375,"neow_bonus":"TEN_PERCENT_HP_BONUS","is_prod":false,"is_daily":false,"chose_seed":false,"campfire_upgraded":0,"win_rate":0,"timestamp":1541848934,"path_taken":["M","M","M","?","M","E","R","E","T","E","M","R","?","M","R","BOSS","M","M","?","?","$","E","R","E","T","E","R","M","M","E","R","BOSS","M","M","M"],"build_version":"2018-11-08","purchased_purges":1,"victory":false,"max_hp_per_floor":[77,77,77,77,77,77,77,77,77,77,77,77,77,77,77,77,77,77,77,77,77,77,77,77,77,77,77,77,77,77,77,77,77,77,77,77,77],"card_choices":[{"not_picked":["Dagger Throw","Acrobatics"],"picked":"Dodge and Roll","floor":1.0},{"not_picked":["Heel Hook","Slice"],"picked":"Backflip","floor":2.0},{"not_picked":["Underhanded Strike","Deadly Poison"],"picked":"Flying Knee","floor":3.0},{"not_picked":["Noxious Fumes","Sucker Punch"],"picked":"Bouncing Flask+1","floor":5.0},{"not_picked":["Burst+1","Poisoned Stab"],"picked":"Footwork","floor":6.0},{"not_picked":["PiercingWail+1","Choke"],"picked":"Bouncing Flask+1","floor":8.0},{"not_picked":["Quick Slash","Endless Agony"],"picked":"Well Laid Plans","floor":10.0},{"not_picked":["Dagger Spray","Expertise+1"],"picked":"Poisoned Stab","floor":11.0},{"not_picked":["Dagger Throw","Flying Knee"],"picked":"Backflip+1","floor":14.0},{"not_picked":["Doppelganger+1","Phantasmal Killer+1"],"picked":"Envenom","floor":16.0},{"not_picked":["Quick Slash","Slice"],"picked":"Leg Sweep+1","floor":18.0},{"not_picked":["Sucker Punch","Tactician+1"],"picked":"Backflip+1","floor":19.0},{"not_picked":["Tactician+1","After Image"],"picked":"Crippling Poison+1","floor":23.0},{"not_picked":["Riddle With Holes","PiercingWail+1","Dagger Throw"],"picked":"Deadly Poison+1","floor":24.0},{"not_picked":["Slice","Dagger Spray","Sucker Punch+1"],"picked":"Outmaneuver+1","floor":25.0},{"not_picked":["Glass Knife","Heel Hook","Choke+1"],"picked":"Terror+1","floor":27.0},{"not_picked":["Bane","Poisoned Stab","Quick Slash"],"picked":"Deadly Poison+1","floor":28.0},{"not_picked":["Deadly Poison+1","Acrobatics+1","Eviscerate"],"picked":"Blur+1","floor":29.0},{"not_picked":["Dash","Outmaneuver+1","Dodge and Roll+1"],"picked":"Caltrops+1","floor":30.0},{"not_picked":["Slice","Masterful Stab","Tactician+1","Unload"],"picked":"SKIP","floor":31.0},{"not_picked":["Skewer","Outmaneuver+1","Prepared+1"],"picked":"Deflect+1","floor":32.0},{"not_picked":["Unload","A Thousand Cuts+1","Venomology+1"],"picked":"Burst+1","floor":33.0},{"not_picked":["Dagger Throw","Acrobatics+1","Distraction+1","Dagger Spray+1"],"picked":"SKIP","floor":35},{"not_picked":["Deadly Poison+1","Masterful Stab+1","PiercingWail+1"],"picked":"Noxious Fumes+1","floor":36}],"player_experience":64405,"relics_obtained":[{"floor":6.0,"key":"Vajra"},{"floor":8.0,"key":"Gambling Chip"},{"floor":9.0,"key":"Matryoshka"},{"floor":10.0,"key":"StoneCalendar"},{"floor":23.0,"key":"Question Card"},{"floor":25.0,"key":"Pen Nib"},{"floor":26.0,"key":"Juzu Bracelet"},{"floor":26.0,"key":"Omamori"},{"floor":27.0,"key":"Frozen Egg 2"},{"floor":31.0,"key":"Paper Crane"}],"event_choices":[{"damage_healed":0.0,"max_hp_gain":0.0,"max_hp_loss":0.0,"gold_gain":0.0,"event_name":"Scrap Ooze","player_choice":"Success","floor":4.0,"gold_loss":0.0,"damage_taken":12.0,"relics_obtained":["Toxic Egg 2"]},{"damage_healed":25.0,"max_hp_gain":0.0,"max_hp_loss":0.0,"gold_gain":0.0,"event_name":"Big Fish","player_choice":"Banana","floor":13.0,"gold_loss":0.0,"damage_taken":0.0},{"damage_healed":25.0,"max_hp_gain":0.0,"max_hp_loss":0.0,"gold_gain":0.0,"event_name":"The Library","player_choice":"Heal","floor":20.0,"gold_loss":0.0,"damage_taken":0.0},{"damage_healed":0.0,"max_hp_gain":0.0,"max_hp_loss":0.0,"gold_gain":0.0,"event_name":"Match and Keep!","player_choice":"2 cards matched","floor":21.0,"gold_loss":0.0,"damage_taken":0.0,"cards_obtained":["Discovery","Dodge and Roll"]}],"is_beta":true,"boss_relics":[{"not_picked":["Coffee Dripper","Ectoplasm"],"picked":"Fusion Hammer"},{"not_picked":["Orrery","Ring of the Serpent"],"picked":"Eternal Feather"}],"items_purged_floors":[22],"is_endless":false,"potions_floor_spawned":[2,6,8,11,19,25,27,35,36],"killed_by":"4 Shapes","ascension_level":1}