{"gold_per_floor":[365,365,45,63,74,102,118,118,118,118,118,128,128,147,147,221,221,237,85,105,118,164,164],"floor_reached":23,"playtime":919,"items_purged":["Strike_B"],"score":338,"play_id":"e1c36f90-a9ae-4d8e-aadd-2784c5c77a2c","local_time":"20180812012147","is_ascension_mode":true,"campfire_choices":[{"data":"Zap","floor":8,"key":"SMITH"},{"data":"Capacitor","floor":10,"key":"SMITH"},{"floor":15,"key":"REST"}],"neow_cost":"TEN_PERCENT_HP_LOSS","seed_source_timestamp":807472972670060,"circlet_count":0,"master_deck":["Strike_B+1","Strike_B","Strike_B","Defend_B","Defend_B","Defend_B","Defend_B","Zap+1","Dualcast+1","AscendersBane","Cold Snap","Capacitor+1","Ball Lightning","Tempest","Compile Driver","Cold Snap","Streamline","Machine Learning","Self Repair+1","Conserve Battery","Doom and Gloom"],"relics":["Cracked Core","Orichalcum","Shuriken","Matryoshka","Mercury Hourglass","Black Star","Bag of Preparation","Strawberry","Centennial Puzzle"],"potions_floor_usage":[18,23],"damage_taken":[{"damage":8,"enemies":"2 Louse","floor":1,"turns":4},{"damage":0,"enemies":"Cultist","floor":4,"turns":2},{"damage":6,"enemies":"Small Slimes","floor":5,"turns":3},{"damage":4,"enemies":"Gremlin Nob","floor":6,"turns":3},{"damage":8,"enemies":"Looter","floor":7,"turns":3},{"damage":6,"enemies":"Red Slaver","floor":12,"turns":3},{"damage":9,"enemies":"Exordium Thugs","floor":14,"turns":3},{"damage":21,"enemies":"Slime Boss","floor":16,"turns":7},{"damage":8,"enemies":"3 Byrds","floor":18,"turns":2},{"damage":1,"enemies":"Spheric Guardian","floor":20,"turns":3},{"damage":32,"enemies":"Snake Plant","floor":21,"turns":4},{"damage":36,"enemies":"Book of Stabbing","floor":23,"turns":4}],"seed_played":"-126607002821487382","potions_obtained":[{"floor":1,"key":"FearPotion"},{"floor":12,"key":"PowerPotion"},{"floor":14,"key":"LiquidBronze"},{"floor":18,"key":"PowerPotion"}],"is_trial":false,"path_per_floor":["M","?","$","M","M","E","M","R","T","R","?","M","?","M","R","B",null,"M","$","M","M","T"],"character_chosen":"DEFECT","items_purchased":["Orichalcum","Capacitor","Ball Lightning","Bag of Preparation"],"campfire_rested":1,"item_purchase_floors":[3,3,3,19],"current_hp_per_floor":[56,37,37,37,31,27,19,19,19,19,19,13,13,4,23,2,49,41,41,50,28,35,0],"gold":164,"neow_bonus":"TWO_FIFTY_GOLD","is_prod":false,"is_daily":false,"chose_seed":false,"campfire_upgraded":2,"win_rate":0,"timestamp":1534062107,"path_taken":["M","?","$","M","M","E","M","R","T","R","?","M","?","M","R","BOSS","M","$","M","M","?","E"],"build_version":"2018-08-08","purchased_purges":1,"victory":false,"max_hp_per_floor":[64,64,64,64,64,64,64,64,64,64,64,64,64,64,64,64,64,64,64,64,64,71,71],"card_choices":[{"not_picked":["Auto Shields","Stack"],"picked":"Cold Snap","floor":1},{"not_picked":["Recycle","Storm","Blizzard"],"picked":"SKIP","floor":4},{"not_picked":["Force Field","Scrape"],"picked":"Tempest","floor":5},{"not_picked":["Scrape","Hello World"],"picked":"Compile Driver","floor":6},{"not_picked":["Beam Cell","Streamline"],"picked":"Cold Snap","floor":7},{"not_picked":["Rebound","Turbo","Blizzard"],"picked":"SKIP","floor":12},{"not_picked":["Coolheaded","Turbo"],"picked":"Streamline","floor":14},{"not_picked":["Core Surge","Buffer"],"picked":"Machine Learning","floor":16},{"not_picked":["Compile Driver","Ball Lightning"],"picked":"Self Repair+1","floor":18},{"not_picked":["Cold Snap+1","Steam+1"],"picked":"Conserve Battery","floor":20},{"not_picked":["Go for the Eyes","Cold Snap"],"picked":"Doom and Gloom","floor":21}],"player_experience":905269,"relics_obtained":[{"floor":6,"key":"Shuriken"},{"floor":9,"key":"Matryoshka"},{"floor":22,"key":"Strawberry"},{"floor":22,"key":"Centennial Puzzle"}],"event_choices":[{"event_name":"Shining Light","player_choice":"Entered Light","floor":2,"damage_taken":0},{"event_name":"Liars Game","player_choice":"disagreed","floor":11,"damage_taken":0},{"event_name":"Dead Adventurer","player_choice":"Searched \u00271\u0027 times","floor":13,"damage_taken":0}],"is_beta":true,"boss_relics":[{"not_picked":["Empty Cage","Calling Bell"],"picked":"Black Star"}],"items_purged_floors":[3],"is_endless":false,"potions_floor_spawned":[1,12,14,16,18,21],"killed_by":"Book of Stabbing","ascension_level":15}