{"gold_per_floor":[210,45,62,73,73,73,73,106,129,129,159,178,192,192,192,192],"floor_reached":16,"playtime":404,"items_purged":[],"score":220,"play_id":"989ccd5d-c4b1-410e-bfc5-1691fadd10a4","local_time":"20190102220912","is_ascension_mode":true,"campfire_choices":[{"data":"Bash","floor":6,"key":"SMITH"},{"floor":10,"key":"REST"},{"floor":15,"key":"REST"}],"neow_cost":"NONE","seed_source_timestamp":151041804762609,"circlet_count":0,"master_deck":["AscendersBane","Strike_R","Strike_R","Strike_R","Strike_R","Defend_R","Defend_R","Defend_R","Defend_R","Bash+1","Feel No Pain","Twin Strike","Spot Weakness","Combust","Clothesline","Warcry","Corruption","True Grit"],"relics":["Burning Blood","Bronze Scales","Boot","Ice Cream","Bag of Marbles","Dream Catcher"],"potions_floor_usage":[8,8],"damage_taken":[{"damage":21,"enemies":"Small Slimes","floor":1,"turns":5},{"damage":2,"enemies":"Jaw Worm","floor":3,"turns":5},{"damage":2,"enemies":"2 Louse","floor":4,"turns":3},{"damage":24,"enemies":"Gremlin Nob","floor":8,"turns":4},{"damage":30,"enemies":"Lagavulin","floor":11,"turns":5},{"damage":2,"enemies":"Exordium Wildlife","floor":12,"turns":3},{"damage":12,"enemies":"Blue Slaver","floor":13,"turns":3},{"damage":38,"enemies":"The Guardian","floor":16,"turns":5}],"seed_played":"8501070123001440435","potions_obtained":[{"floor":3,"key":"Dexterity Potion"},{"floor":4,"key":"FearPotion"}],"is_trial":false,"path_per_floor":["M","$","M","M","?","R","?","E","T","R","E","M","M","?","R","B"],"character_chosen":"IRONCLAD","items_purchased":["Bronze Scales"],"campfire_rested":2,"item_purchase_floors":[2],"current_hp_per_floor":[53,53,57,61,43,43,43,25,25,47,23,27,21,14,36,0],"gold":192,"neow_bonus":"HUNDRED_GOLD","is_prod":false,"is_daily":false,"chose_seed":false,"campfire_upgraded":1,"win_rate":0,"timestamp":1546495752,"path_taken":["M","$","M","M","?","R","?","E","T","R","E","M","?","?","R","BOSS"],"build_version":"2019-01-01v2","purchased_purges":0,"victory":false,"max_hp_per_floor":[75,75,75,75,75,75,75,75,75,75,75,75,75,75,75,75],"card_choices":[{"not_picked":["Iron Wave","Anger"],"picked":"Feel No Pain","floor":1},{"not_picked":["Cleave","Second Wind"],"picked":"Twin Strike","floor":3},{"not_picked":["Feel No Pain","Fire Breathing"],"picked":"Spot Weakness","floor":4},{"not_picked":["Flex","Anger"],"picked":"Combust","floor":8},{"not_picked":["Pummel","Pommel Strike"],"picked":"Clothesline","floor":11},{"not_picked":["Flex","Rage"],"picked":"Warcry","floor":12},{"not_picked":["Warcry","Iron Wave"],"picked":"Corruption","floor":13},{"not_picked":["Shrug It Off","Blood for Blood"],"picked":"True Grit","floor":15}],"player_experience":1156364,"relics_obtained":[{"floor":8,"key":"Ice Cream"},{"floor":9,"key":"Bag of Marbles"},{"floor":11,"key":"Dream Catcher"}],"event_choices":[{"damage_healed":0,"gold_gain":0,"player_choice":"Success","damage_taken":18,"relics_obtained":["Boot"],"max_hp_gain":0,"max_hp_loss":0,"event_name":"Scrap Ooze","floor":5,"gold_loss":0},{"damage_healed":0,"gold_gain":0,"player_choice":"Ignored","damage_taken":0,"max_hp_gain":0,"max_hp_loss":0,"event_name":"Liars Game","floor":7,"gold_loss":0},{"cards_removed":["Strike_R"],"damage_healed":0,"gold_gain":0,"player_choice":"Card Removal","damage_taken":7,"max_hp_gain":0,"max_hp_loss":0,"event_name":"Golden Wing","floor":14,"gold_loss":0}],"is_beta":true,"boss_relics":[],"items_purged_floors":[],"is_endless":false,"potions_floor_spawned":[3,4],"killed_by":"The Guardian","ascension_level":20}