{"gold_per_floor":[118,137,157,157,67,96,96,128,154,154,154,173,191,210,210,210],"floor_reached":16,"playtime":1058,"items_purged":[],"score":224,"play_id":"e3cc4399-069d-43f3-9c93-7cd93ea260cf","local_time":"20190728230736","is_ascension_mode":true,"campfire_choices":[{"data":"Phantasmal Killer","floor":7.0,"key":"SMITH"},{"data":"Neutralize","floor":10,"key":"SMITH"},{"data":"Phantasmal Killer","floor":15,"key":"SMITH"}],"neow_cost":"NONE","seed_source_timestamp":3017796509016100,"circlet_count":0,"master_deck":["AscendersBane","Strike_G+1","Strike_G+1","Strike_G","Defend_G","Defend_G","Defend_G","Defend_G","Defend_G","Survivor","Neutralize+1","Backflip","All Out Attack","Dagger Spray","Well Laid Plans","Phantasmal Killer+1","Phantasmal Killer+1","Quick Slash","Distraction","Dagger Throw"],"special_seed":0,"relics":["Ring of the Snake","NeowsBlessing","Whetstone","Potion Belt","Bag of Preparation"],"potions_floor_usage":[8,16],"damage_taken":[{"damage":0.0,"enemies":"Cultist","floor":1.0,"turns":1.0},{"damage":0.0,"enemies":"Small Slimes","floor":2.0,"turns":1.0},{"damage":0.0,"enemies":"Jaw Worm","floor":3.0,"turns":1.0},{"damage":2.0,"enemies":"3 Sentries","floor":6.0,"turns":5.0},{"damage":22,"enemies":"Lagavulin","floor":8,"turns":9},{"damage":0,"enemies":"2 Fungi Beasts","floor":12,"turns":3},{"damage":2,"enemies":"Exordium Thugs","floor":13,"turns":5},{"damage":3,"enemies":"Large Slime","floor":14,"turns":7},{"damage":28,"enemies":"Slime Boss","floor":16,"turns":6}],"seed_played":"-8188206264536339146","potions_obtained":[{"floor":1.0,"key":"FearPotion"},{"floor":2.0,"key":"Explosive Potion"},{"floor":6.0,"key":"PowerPotion"},{"floor":14,"key":"Swift Potion"}],"is_trial":false,"path_per_floor":["M","M","M","?","$","E","R","E","T","R","?","M","M","M","R","B"],"character_chosen":"THE_SILENT","items_purchased":["Well Laid Plans"],"campfire_rested":0,"item_purchase_floors":[5],"current_hp_per_floor":[59,59,59,52,52,50,50,28,28,28,28,28,26,23,23,0],"gold":210,"neow_bonus":"THREE_ENEMY_KILL","is_prod":false,"is_daily":false,"chose_seed":false,"campfire_upgraded":3,"win_rate":0,"timestamp":1564380456,"path_taken":["M","M","M","?","$","E","R","E","T","R","?","?","M","M","R","BOSS"],"build_version":"2019-07-18","purchased_purges":0,"victory":false,"max_hp_per_floor":[66,66,66,66,66,66,66,66,66,66,66,66,66,66,66,66],"card_choices":[{"not_picked":["Flechettes","Underhanded Strike"],"picked":"Backflip","floor":1.0},{"not_picked":["Prepared","Poisoned Stab"],"picked":"All Out Attack","floor":2.0},{"not_picked":["Deflect","Sucker Punch"],"picked":"Dagger Spray","floor":3.0},{"not_picked":["Finisher","Backflip"],"picked":"Phantasmal Killer","floor":6.0},{"not_picked":["Prepared","Concentrate","Outmaneuver"],"picked":"SKIP","floor":8},{"not_picked":["Poisoned Stab","Acrobatics"],"picked":"Quick Slash","floor":12},{"not_picked":["Catalyst","Prepared"],"picked":"Distraction","floor":13},{"not_picked":["Sucker Punch","Reflex"],"picked":"Dagger Throw","floor":14}],"player_experience":3504807,"relics_obtained":[{"floor":6.0,"key":"Whetstone"},{"floor":8,"key":"Potion Belt"},{"floor":9,"key":"Bag of Preparation"}],"event_choices":[{"cards_removed":["Strike_G"],"damage_healed":0.0,"max_hp_gain":0.0,"max_hp_loss":0.0,"gold_gain":0.0,"event_name":"Golden Wing","player_choice":"Card Removal","floor":4.0,"gold_loss":0.0,"damage_taken":7.0},{"damage_healed":0,"gold_gain":0,"cards_transformed":["Strike_G"],"player_choice":"Transformed","damage_taken":0,"max_hp_gain":0,"max_hp_loss":0,"event_name":"Transmorgrifier","floor":11,"gold_loss":0,"cards_obtained":["Phantasmal Killer"]}],"is_beta":true,"boss_relics":[],"items_purged_floors":[],"is_endless":false,"potions_floor_spawned":[1,2,6,14],"killed_by":"Slime Boss","ascension_level":20}