{"gold_per_floor":[115,115,115,133,81,106,106,136,205,223,223,239,239,254,254,328,328,248,248,248,39,39,39,39,39,39,39,39,39,39,39,39,39,39,39,39,39,39,39,39,39,39,39,39,39,39,39,39,39,39,39],"floor_reached":51,"playtime":5264,"items_purged":[],"score":1633,"play_id":"e81306f1-bff7-464e-b3fc-3e3d8cbc1de5","local_time":"20190906161708","is_ascension_mode":true,"campfire_choices":[{"floor":7.0,"key":"REST"},{"data":"Predator","floor":11.0,"key":"SMITH"},{"data":"Dash","floor":13.0,"key":"SMITH"},{"floor":15.0,"key":"REST"},{"data":"Catalyst","floor":23.0,"key":"SMITH"},{"data":"After Image","floor":25.0,"key":"SMITH"},{"floor":30.0,"key":"REST"},{"floor":32.0,"key":"REST"},{"floor":45.0,"key":"REST"},{"floor":49.0,"key":"REST"}],"neow_cost":"NONE","seed_source_timestamp":0,"circlet_count":0,"master_deck":["AscendersBane","Strike_G","Strike_G","Defend_G+1","Defend_G","Defend_G","Defend_G+1","Defend_G","Survivor","Neutralize+1","Infinite Blades+1","Predator+1","Poisoned Stab","Backstab","Catalyst+1","PiercingWail","Dash+1","Night Terror","After Image+1","Deflect","Calculated Gamble","Cloak And Dagger","Deadly Poison","Blade Dance","Acrobatics+1","Backflip","All Out Attack","Finisher","Corpse Explosion","Catalyst","Deadly Poison","Noxious Fumes+1","Escape Plan+1","Crippling Poison","Acrobatics","Deflect+1","Dodge and Roll"],"special_seed":0,"relics":["Ring of the Snake","Pen Nib","Oddly Smooth Stone","Paper Crane","Ectoplasm","War Paint","Omamori","Bronze Scales","Du-Vu Doll","Snake Skull","Philosopher\u0027s Stone","Ginger","Strawberry","Gremlin Horn","Bag of Marbles"],"potions_floor_usage":[51,51],"damage_taken":[{"damage":0.0,"enemies":"Cultist","floor":1.0,"turns":4.0},{"damage":0.0,"enemies":"Jaw Worm","floor":4.0,"turns":6.0},{"damage":36.0,"enemies":"Lagavulin","floor":6.0,"turns":8.0},{"damage":17.0,"enemies":"3 Sentries","floor":8.0,"turns":9.0},{"damage":4.0,"enemies":"Small Slimes","floor":10.0,"turns":3.0},{"damage":2.0,"enemies":"3 Louse","floor":12.0,"turns":2.0},{"damage":0.0,"enemies":"Lots of Slimes","floor":14.0,"turns":4.0},{"damage":0.0,"enemies":"Slime Boss","floor":16.0,"turns":7.0},{"damage":10.0,"enemies":"2 Thieves","floor":18.0,"turns":4.0},{"damage":7.0,"enemies":"Shell Parasite","floor":20.0,"turns":6.0},{"damage":4.0,"enemies":"Centurion and Healer","floor":24.0,"turns":10.0},{"damage":24.0,"enemies":"Book of Stabbing","floor":27.0,"turns":8.0},{"damage":0.0,"enemies":"3 Cultists","floor":28.0,"turns":5.0},{"damage":2.0,"enemies":"Gremlin Leader","floor":29.0,"turns":6.0},{"damage":20.0,"enemies":"Slavers","floor":31.0,"turns":5.0},{"damage":5.0,"enemies":"Automaton","floor":33.0,"turns":11.0},{"damage":8.0,"enemies":"3 Darklings","floor":35.0,"turns":5.0},{"damage":0.0,"enemies":"3 Shapes","floor":36.0,"turns":4.0},{"damage":12.0,"enemies":"Writhing Mass","floor":37.0,"turns":4.0},{"damage":6.0,"enemies":"Spire Growth","floor":38.0,"turns":6.0},{"damage":6.0,"enemies":"4 Shapes","floor":39.0,"turns":4.0},{"damage":16.0,"enemies":"Nemesis","floor":40.0,"turns":5.0},{"damage":6.0,"enemies":"3 Darklings","floor":41.0,"turns":6.0},{"damage":0.0,"enemies":"Writhing Mass","floor":42.0,"turns":5.0},{"damage":3.0,"enemies":"Maw","floor":44.0,"turns":3.0},{"damage":1.0,"enemies":"Reptomancer","floor":48.0,"turns":4.0},{"damage":47.0,"enemies":"Donu and Deca","floor":50.0,"turns":8.0},{"damage":30,"enemies":"Time Eater","floor":51,"turns":6}],"seed_played":"-5121441618194774876","potions_obtained":[{"floor":1.0,"key":"Ancient Potion"},{"floor":12.0,"key":"Explosive Potion"},{"floor":14.0,"key":"Fruit Juice"},{"floor":16.0,"key":"Swift Potion"},{"floor":20.0,"key":"Ancient Potion"},{"floor":28.0,"key":"FearPotion"},{"floor":29.0,"key":"GamblersBrew"},{"floor":31.0,"key":"PowerPotion"},{"floor":39.0,"key":"GamblersBrew"},{"floor":41.0,"key":"GhostInAJar"}],"is_trial":false,"path_per_floor":["M","?","?","M","$","E","R","E","T","M","R","M","R","M","R","B",null,"M","?","M","$","?","R","M","R","T","E","M","E","R","E","R","B",null,"M","M","M","M","M","E","M","M","T","M","R","$","T","E","R","B","B"],"character_chosen":"THE_SILENT","items_purchased":["Poisoned Stab","War Paint","Deadly Poison"],"campfire_rested":6,"item_purchase_floors":[5,21,21],"current_hp_per_floor":[59,59,52,52,52,16,35,18,18,14,14,12,12,12,31,36,62,52,52,45,45,45,45,41,41,41,17,17,15,36,16,37,32,61,53,53,41,35,29,13,7,7,14,11,34,34,34,33,56,9,0],"gold":39,"neow_bonus":"UPGRADE_CARD","is_prod":false,"is_daily":false,"chose_seed":false,"campfire_upgraded":4,"win_rate":0,"timestamp":1567801028,"path_taken":["M","?","?","M","?","E","R","E","T","M","R","M","R","?","R","BOSS","M","?","M","$","?","R","M","R","T","E","?","E","R","E","R","BOSS","M","M","?","M","M","E","M","M","T","M","R","$","?","E","R","BOSS","BOSS"],"build_version":"2019-07-17","purchased_purges":0,"victory":false,"max_hp_per_floor":[66,66,66,66,66,66,66,66,66,66,66,66,66,66,66,71,71,71,71,71,71,71,71,71,71,71,71,71,71,71,71,71,71,71,71,71,71,71,71,71,71,71,78,78,78,78,78,78,78,78,78],"card_choices":[{"not_picked":["Masterful Stab","Outmaneuver"],"picked":"Infinite Blades","floor":1.0},{"not_picked":["Dagger Spray","Accuracy"],"picked":"Predator","floor":4.0},{"not_picked":["Dagger Throw","Sucker Punch"],"picked":"Backstab","floor":6.0},{"not_picked":["Accuracy","Backflip"],"picked":"Catalyst","floor":8.0},{"not_picked":["Underhanded Strike","Calculated Gamble"],"picked":"PiercingWail","floor":10.0},{"not_picked":["Flying Knee","Deflect"],"picked":"Dash","floor":12.0},{"not_picked":["Deflect","Blade Dance"],"picked":"Night Terror","floor":14.0},{"not_picked":["Die Die Die","Glass Knife"],"picked":"After Image","floor":16.0},{"not_picked":["Underhanded Strike","Endless Agony"],"picked":"Deflect","floor":18.0},{"not_picked":["Masterful Stab","Underhanded Strike"],"picked":"Cloak And Dagger","floor":20.0},{"not_picked":["Sucker Punch","Setup+1"],"picked":"Acrobatics+1","floor":24.0},{"not_picked":["Bane","Skewer"],"picked":"Backflip","floor":27.0},{"not_picked":["All Out Attack","Cloak And Dagger","Predator"],"picked":"SKIP","floor":28.0},{"not_picked":["Cloak And Dagger","Predator"],"picked":"All Out Attack","floor":28.0},{"not_picked":["Dagger Throw","All Out Attack"],"picked":"Finisher","floor":29.0},{"not_picked":["Poisoned Stab+1","Night Terror","Acrobatics"],"picked":"SKIP","floor":31.0},{"not_picked":["Doppelganger","Grand Finale"],"picked":"Corpse Explosion","floor":33.0},{"not_picked":["Cloak And Dagger","Deadly Poison"],"picked":"Catalyst","floor":35.0},{"not_picked":["Flechettes","All Out Attack"],"picked":"Deadly Poison","floor":36.0},{"not_picked":["Distraction+1","Deadly Poison+1","Dagger Throw"],"picked":"SKIP","floor":37.0},{"not_picked":["Bane+1","PiercingWail"],"picked":"Noxious Fumes+1","floor":38.0},{"not_picked":["Bane","Terror"],"picked":"Escape Plan+1","floor":39.0},{"not_picked":["Deflect","Riddle With Holes"],"picked":"Crippling Poison","floor":40.0},{"not_picked":["Quick Slash","Distraction"],"picked":"Acrobatics","floor":41.0},{"not_picked":["Masterful Stab+1","Flying Knee+1"],"picked":"Deflect+1","floor":42.0},{"not_picked":["Dagger Throw","Backflip"],"picked":"Dodge and Roll","floor":44.0},{"not_picked":["Flechettes","Grand Finale","Backflip"],"picked":"SKIP","floor":48.0}],"player_experience":774339,"relics_obtained":[{"floor":6.0,"key":"Pen Nib"},{"floor":8.0,"key":"Oddly Smooth Stone"},{"floor":9.0,"key":"Paper Crane"},{"floor":26.0,"key":"Omamori"},{"floor":27.0,"key":"Bronze Scales"},{"floor":29.0,"key":"Du-Vu Doll"},{"floor":31.0,"key":"Snake Skull"},{"floor":40.0,"key":"Ginger"},{"floor":43.0,"key":"Strawberry"},{"floor":47.0,"key":"Gremlin Horn"},{"floor":48.0,"key":"Bag of Marbles"}],"event_choices":[{"damage_healed":0.0,"max_hp_gain":0.0,"max_hp_loss":0.0,"gold_gain":0.0,"event_name":"Living Wall","player_choice":"Grow","floor":2.0,"gold_loss":0.0,"damage_taken":0.0,"cards_upgraded":["Infinite Blades"]},{"cards_removed":["Strike_G"],"damage_healed":0.0,"max_hp_gain":0.0,"max_hp_loss":0.0,"gold_gain":0.0,"event_name":"Golden Wing","player_choice":"Card Removal","floor":3.0,"gold_loss":0.0,"damage_taken":7.0},{"damage_healed":0.0,"max_hp_gain":0.0,"max_hp_loss":0.0,"gold_gain":0.0,"cards_transformed":["Strike_G","Strike_G"],"event_name":"Drug Dealer","player_choice":"Became Test Subject","floor":19.0,"gold_loss":0.0,"damage_taken":0.0,"cards_obtained":["Calculated Gamble","Outmaneuver"]},{"damage_healed":0.0,"max_hp_gain":0.0,"max_hp_loss":0.0,"gold_gain":0.0,"cards_transformed":["Outmaneuver"],"event_name":"Transmorgrifier","player_choice":"Transformed","floor":22.0,"gold_loss":0.0,"damage_taken":0.0,"cards_obtained":["Blade Dance"]}],"is_beta":false,"boss_relics":[{"not_picked":["Velvet Choker","Busted Crown"],"picked":"Ectoplasm"},{"not_picked":["Runic Dome","Orrery"],"picked":"Philosopher\u0027s Stone"}],"items_purged_floors":[],"is_endless":false,"potions_floor_spawned":[1,12,14,16,20,28,29,31,39,41,42,44],"killed_by":"Time Eater","ascension_level":20}