{"gold_per_floor":[211,227,60,119,132,132,165,165,165,165,192,192,223,247,247,247],"floor_reached":16,"playtime":557,"items_purged":[],"score":220,"play_id":"d03ea5e5-bd6a-44e8-83d5-e4aefdcb17c3","local_time":"20181104030314","is_ascension_mode":true,"campfire_choices":[{"data":"Neutralize","floor":6,"key":"SMITH"},{"floor":8,"key":"REST"},{"data":"Footwork","floor":10,"key":"SMITH"},{"floor":12,"key":"REST"},{"floor":15,"key":"REST"}],"neow_cost":"NONE","seed_source_timestamp":3805023723759737,"circlet_count":0,"master_deck":["AscendersBane","Defend_G","Defend_G","Defend_G","Defend_G","Defend_G","Strike_G","Strike_G","Strike_G","Strike_G","Strike_G","Survivor","Neutralize+1","Dagger Throw","Poisoned Stab","Footwork+1","Predator","Dodge and Roll","Dagger Spray","Malaise","Caltrops"],"relics":["Ring of the Snake","Pear","Matryoshka","Happy Flower","Letter Opener","Odd Mushroom"],"potions_floor_usage":[13,14,16],"damage_taken":[{"damage":11,"enemies":"Jaw Worm","floor":1,"turns":5},{"damage":8,"enemies":"2 Louse","floor":2,"turns":5},{"damage":0,"enemies":"Small Slimes","floor":5,"turns":4},{"damage":38,"enemies":"Gremlin Nob","floor":7,"turns":5},{"damage":22,"enemies":"3 Sentries","floor":11,"turns":11},{"damage":24,"enemies":"Gremlin Nob","floor":13,"turns":4},{"damage":7,"enemies":"The Mushroom Lair","floor":14,"turns":5},{"damage":42,"enemies":"Slime Boss","floor":16,"turns":6}],"seed_played":"-1928252079301471893","potions_obtained":[{"floor":5,"key":"GamblersBrew"},{"floor":13,"key":"FearPotion"},{"floor":14,"key":"Energy Potion"}],"is_trial":false,"path_per_floor":["M","M","$","?","M","R","E","R","T","R","E","R","E","?","R","B"],"character_chosen":"THE_SILENT","items_purchased":["Footwork","Predator"],"campfire_rested":3,"item_purchase_floors":[3,3],"current_hp_per_floor":[48,40,40,40,40,40,12,34,34,34,12,34,10,3,25,0],"gold":247,"neow_bonus":"HUNDRED_GOLD","is_prod":false,"is_daily":false,"chose_seed":false,"campfire_upgraded":2,"win_rate":0,"timestamp":1541329394,"path_taken":["M","M","$","?","M","R","E","R","T","R","E","R","E","?","R","BOSS"],"build_version":"2018-11-02","purchased_purges":0,"victory":false,"max_hp_per_floor":[66,66,66,66,66,66,76,76,76,76,76,76,76,76,76,76],"card_choices":[{"not_picked":["Deadly Poison","Outmaneuver"],"picked":"Dagger Throw","floor":1},{"not_picked":["Reflex","Cloak And Dagger"],"picked":"Poisoned Stab","floor":2},{"not_picked":["Blade Dance","Heel Hook"],"picked":"Dodge and Roll","floor":5},{"not_picked":["Bane","Flying Knee"],"picked":"Dagger Spray","floor":7},{"not_picked":["Tactician","Well Laid Plans"],"picked":"Malaise","floor":11},{"not_picked":["Flechettes","Poisoned Stab"],"picked":"Caltrops","floor":13}],"player_experience":1024666,"relics_obtained":[{"floor":7,"key":"Pear"},{"floor":9,"key":"Matryoshka"},{"floor":11,"key":"Happy Flower"},{"floor":13,"key":"Letter Opener"},{"floor":14,"key":"Odd Mushroom"}],"event_choices":[{"damage_healed":0,"gold_gain":59,"player_choice":"Gained Gold","damage_taken":0,"max_hp_gain":0,"max_hp_loss":0,"event_name":"Golden Wing","floor":4,"gold_loss":0},{"damage_healed":0,"gold_gain":0,"player_choice":"Fought Mushrooms","damage_taken":0,"max_hp_gain":0,"max_hp_loss":0,"event_name":"Mushrooms","floor":14,"gold_loss":0}],"is_beta":true,"boss_relics":[],"items_purged_floors":[],"is_endless":false,"potions_floor_spawned":[5,13,14],"killed_by":"Slime Boss","ascension_level":18}