{"gold_per_floor":[113,188,188,202,202,202,236,236,261,304,320,32,45,10,10,105,105,125,125,144,144,144,144],"floor_reached":23,"playtime":824,"items_purged":["Strike_G"],"score":444,"play_id":"82e82e63-f552-44df-bbb5-ed9f6c937e22","local_time":"20190817225310","is_ascension_mode":true,"campfire_choices":[{"data":"Neutralize","floor":6,"key":"SMITH"},{"data":"Predator","floor":8,"key":"SMITH"},{"floor":15,"key":"REST"}],"neow_cost":"NONE","seed_source_timestamp":124236313420600,"circlet_count":0,"master_deck":["AscendersBane","Strike_G+1","Strike_G+1","Defend_G","Defend_G","Defend_G","Defend_G","Defend_G","Survivor","Neutralize+1","Cloak And Dagger","Bouncing Flask","Predator+1","Noxious Fumes","PiercingWail","Footwork","Sucker Punch","Burst","Quick Slash+1","Wraith Form v2","Endless Agony","Backflip","Wraith Form v2"],"relics":["Ring of the Snake","Golden Idol","Blood Vial","Anchor","Juzu Bracelet","Vajra","HoveringKite","Nloth\u0027s Gift"],"potions_floor_usage":[10,16,20,23],"damage_taken":[{"damage":0,"enemies":"Cultist","floor":1,"turns":1},{"damage":0,"enemies":"Jaw Worm","floor":4,"turns":1},{"damage":0,"enemies":"Gremlin Nob","floor":7,"turns":1},{"damage":25,"enemies":"3 Sentries","floor":10,"turns":10},{"damage":0,"enemies":"2 Louse","floor":11,"turns":3},{"damage":0,"enemies":"Red Slaver","floor":13,"turns":3},{"damage":14,"enemies":"Slime Boss","floor":16,"turns":9},{"damage":19,"enemies":"2 Thieves","floor":18,"turns":5},{"damage":9,"enemies":"Chosen","floor":20,"turns":4},{"damage":40,"enemies":"Slavers","floor":23,"turns":6}],"seed_played":"-7641522257688965776","potions_obtained":[{"floor":4,"key":"Poison Potion"},{"floor":10,"key":"AttackPotion"},{"floor":11,"key":"GamblersBrew"},{"floor":16,"key":"Swift Potion"}],"is_trial":false,"path_per_floor":["M","?","?","M","?","R","E","R","T","E","M","$","M","?","R","B",null,"M","?","M","?","?","E"],"character_chosen":"THE_SILENT","items_purchased":["Footwork","Vajra"],"campfire_rested":1,"item_purchase_floors":[12,12],"current_hp_per_floor":[59,48,28,28,28,28,28,28,28,5,7,7,9,24,42,30,53,36,36,29,29,29,0],"gold":144,"neow_bonus":"THREE_ENEMY_KILL","is_prod":false,"is_daily":false,"chose_seed":false,"campfire_upgraded":2,"win_rate":0,"timestamp":1566096790,"path_taken":["M","?","?","?","?","R","E","R","T","E","M","$","M","?","R","BOSS","M","?","M","?","?","E"],"build_version":"2019-07-17","purchased_purges":1,"victory":false,"max_hp_per_floor":[66,66,66,66,60,60,60,60,60,60,60,60,60,60,60,60,60,60,60,60,60,60,60],"card_choices":[{"not_picked":["Eviscerate","Dodge and Roll"],"picked":"Cloak And Dagger","floor":1},{"not_picked":["Quick Slash","Slice"],"picked":"Bouncing Flask","floor":4},{"not_picked":["Outmaneuver","Endless Agony"],"picked":"Predator","floor":7},{"not_picked":["Dagger Throw","Poisoned Stab"],"picked":"Noxious Fumes","floor":10},{"not_picked":["Backstab","Blur"],"picked":"PiercingWail","floor":11},{"not_picked":["Bullet Time","Concentrate"],"picked":"Sucker Punch","floor":13},{"not_picked":["Adrenaline","Die Die Die"],"picked":"Burst","floor":16},{"not_picked":["All Out Attack","Backstab"],"picked":"Quick Slash+1","floor":18},{"not_picked":["Well Laid Plans","Dash"],"picked":"Backflip","floor":20}],"player_experience":727038,"relics_obtained":[{"floor":7,"key":"Blood Vial"},{"floor":9,"key":"Anchor"},{"floor":10,"key":"Juzu Bracelet"}],"event_choices":[{"damage_healed":0,"gold_gain":75,"player_choice":"Gather Gold","damage_taken":11,"max_hp_gain":0,"max_hp_loss":0,"event_name":"World of Goop","floor":2,"gold_loss":0},{"damage_healed":0,"gold_gain":0,"player_choice":"Entered Light","damage_taken":20,"max_hp_gain":0,"max_hp_loss":0,"event_name":"Shining Light","floor":3,"gold_loss":0,"cards_upgraded":["Strike_G","Strike_G"]},{"damage_healed":0,"gold_gain":0,"player_choice":"Lose Max HP","damage_taken":0,"relics_obtained":["Golden Idol"],"max_hp_gain":0,"max_hp_loss":6,"event_name":"Golden Idol","floor":5,"gold_loss":0},{"damage_healed":15,"gold_gain":0,"player_choice":"Healed","damage_taken":0,"max_hp_gain":0,"max_hp_loss":0,"event_name":"The Cleric","floor":14,"gold_loss":35},{"damage_healed":0,"gold_gain":0,"cards_transformed":["Strike_G","Strike_G"],"player_choice":"Became Test Subject","damage_taken":0,"max_hp_gain":0,"max_hp_loss":0,"event_name":"Drug Dealer","floor":19,"gold_loss":0,"cards_obtained":["Wraith Form v2","Endless Agony"]},{"damage_healed":0,"gold_gain":0,"player_choice":"Copied","damage_taken":0,"max_hp_gain":0,"max_hp_loss":0,"event_name":"Duplicator","floor":21,"gold_loss":0,"cards_obtained":["Wraith Form v2"]},{"damage_healed":0,"gold_gain":0,"player_choice":"Traded Relic","damage_taken":0,"relics_obtained":["Nloth\u0027s Gift"],"max_hp_gain":0,"max_hp_loss":0,"event_name":"N\u0027loth","floor":22,"relics_lost":["NeowsBlessing"],"gold_loss":0}],"is_beta":false,"boss_relics":[{"not_picked":["Eternal Feather","Philosopher\u0027s Stone"],"picked":"HoveringKite"}],"items_purged_floors":[12],"is_endless":false,"potions_floor_spawned":[4,10,11,16,18],"killed_by":"Slavers","ascension_level":20}