{"gold_per_floor":[119,134,55,55,71,71,96,96,146,146,157,157,167,493,493,567,567,580,480,497,508,519,519,519,519,519,519,519,533,56,66,66,139,139,156,156,156,170,170],"floor_reached":39,"playtime":2118,"items_purged":["Strike_G","Strike_G"],"score":828,"play_id":"c8c5e800-c441-4654-9e1b-e4bd02718257","local_time":"20181110025035","is_ascension_mode":true,"campfire_choices":[{"data":"Glass Knife","floor":6.0,"key":"SMITH"},{"data":"Neutralize","floor":8.0,"key":"SMITH"},{"data":"Calculated Gamble","floor":12.0,"key":"SMITH"},{"data":"Sucker Punch","floor":15.0,"key":"SMITH"},{"floor":24.0,"key":"REST"},{"floor":28.0,"key":"REST"},{"data":"Catalyst","floor":32.0,"key":"SMITH"}],"neow_cost":"NONE","seed_source_timestamp":0,"circlet_count":0,"master_deck":["AscendersBane","Defend_G","Defend_G","Defend_G","Defend_G","Defend_G","Survivor","Neutralize+1","Tools of the Trade","Poisoned Stab","Calculated Gamble+1","Glass Knife+1","Dash","Dagger Spray","Sucker Punch+1","Bouncing Flask","Corpse Explosion","PiercingWail","Acrobatics+1","Adrenaline","Catalyst+1","Burst","Acrobatics+1"],"special_seed":0,"relics":["Ring of the Snake","Ancient Tea Set","Vajra","Old Coin","Philosopher\u0027s Stone","Gremlin Horn","Letter Opener","Empty Cage"],"potions_floor_usage":[39],"damage_taken":[{"damage":0.0,"enemies":"Jaw Worm","floor":1.0,"turns":6.0},{"damage":0.0,"enemies":"2 Louse","floor":2.0,"turns":3.0},{"damage":0.0,"enemies":"Cultist","floor":5.0,"turns":3.0},{"damage":23.0,"enemies":"3 Sentries","floor":7.0,"turns":13.0},{"damage":0.0,"enemies":"Large Slime","floor":11.0,"turns":4.0},{"damage":0.0,"enemies":"Looter","floor":13.0,"turns":2.0},{"damage":9.0,"enemies":"Lagavulin","floor":14.0,"turns":8.0},{"damage":21.0,"enemies":"Hexaghost","floor":16.0,"turns":10.0},{"damage":11.0,"enemies":"2 Thieves","floor":18.0,"turns":3.0},{"damage":6.0,"enemies":"3 Byrds","floor":20.0,"turns":2.0},{"damage":0.0,"enemies":"3 Cultists","floor":21.0,"turns":2.0},{"damage":30.0,"enemies":"Sentry and Sphere","floor":22.0,"turns":6.0},{"damage":0.0,"enemies":"Gremlin Leader","floor":23.0,"turns":2.0},{"damage":4.0,"enemies":"Snake Plant","floor":29.0,"turns":3.0},{"damage":5.0,"enemies":"Centurion and Healer","floor":31.0,"turns":5.0},{"damage":6,"enemies":"Champ","floor":33,"turns":9},{"damage":4,"enemies":"Orb Walker","floor":35,"turns":3},{"damage":24,"enemies":"3 Shapes","floor":38,"turns":3},{"damage":55,"enemies":"Transient","floor":39,"turns":6}],"seed_played":"5232731411116351575","potions_obtained":[{"floor":5.0,"key":"Block Potion"},{"floor":7.0,"key":"Regen Potion"},{"floor":21.0,"key":"SmokeBomb"},{"floor":27.0,"key":"LiquidBronze"},{"floor":27.0,"key":"Regen Potion"}],"is_trial":false,"path_per_floor":["M","M","$","?","M","R","E","R","T","?","M","R","M","E","R","B",null,"M","$","M","M","M","E","R","?","T","?","R","M","$","M","R","B",null,"M","?","?","M","M"],"character_chosen":"THE_SILENT","items_purchased":["Glass Knife","PiercingWail","Adrenaline","Letter Opener"],"campfire_rested":2,"item_purchase_floors":[3,19,30,30],"current_hp_per_floor":[59,59,59,52,52,52,29,29,29,51,51,51,51,42,42,21,55,44,44,38,38,8,13,32,32,32,32,51,47,47,42,42,36,59,55,55,55,31,0],"gold":170,"neow_bonus":"ONE_RANDOM_RARE_CARD","is_prod":false,"is_daily":false,"chose_seed":false,"campfire_upgraded":5,"win_rate":0,"timestamp":1541847035,"path_taken":["M","M","$","?","M","R","E","R","T","?","M","R","M","E","R","BOSS","M","$","M","M","M","E","R","?","T","?","R","M","$","?","R","BOSS","M","?","?","M","M"],"build_version":"2018-11-08","purchased_purges":2,"victory":false,"max_hp_per_floor":[66,66,66,66,66,66,66,66,66,66,66,66,66,66,66,66,66,66,66,66,66,66,66,66,66,66,66,66,66,66,66,66,66,66,66,66,66,66,66],"card_choices":[{"not_picked":["Deflect","Bane"],"picked":"Poisoned Stab","floor":1.0},{"not_picked":["Finisher","Underhanded Strike"],"picked":"Calculated Gamble","floor":2.0},{"not_picked":["All Out Attack","Escape Plan"],"picked":"Crippling Poison","floor":5.0},{"not_picked":["Bouncing Flask","Bullet Time"],"picked":"Dash","floor":7.0},{"not_picked":["Slice","Choke"],"picked":"Dagger Spray","floor":11.0},{"not_picked":["Quick Slash","Dagger Spray"],"picked":"Sucker Punch","floor":13.0},{"not_picked":["Sucker Punch","Deflect"],"picked":"Bouncing Flask","floor":14.0},{"not_picked":["Burst","Wraith Form v2"],"picked":"Corpse Explosion","floor":16.0},{"not_picked":["Deflect","Predator","Prepared"],"picked":"SKIP","floor":18.0},{"not_picked":["Dodge and Roll","Blade Dance","Sucker Punch"],"picked":"SKIP","floor":20.0},{"not_picked":["Terror","Poisoned Stab","Bane"],"picked":"SKIP","floor":21.0},{"not_picked":["Terror","Poisoned Stab","Bane"],"picked":"SKIP","floor":21.0},{"not_picked":["Dagger Throw+1","Slice+1"],"picked":"Acrobatics+1","floor":22.0},{"not_picked":["Dodge and Roll+1","Dagger Throw","Sucker Punch+1"],"picked":"SKIP","floor":29.0},{"not_picked":["Cloak And Dagger","Prepared"],"picked":"Catalyst","floor":31.0},{"not_picked":["Adrenaline","Venomology"],"picked":"Burst","floor":33},{"not_picked":["Bane","Concentrate"],"picked":"Acrobatics+1","floor":35},{"not_picked":["Prepared","Eviscerate","Poisoned Stab"],"picked":"SKIP","floor":38},{"not_picked":["Prepared","Eviscerate","Poisoned Stab"],"picked":"SKIP","floor":38}],"player_experience":1043518,"relics_obtained":[{"floor":7.0,"key":"Ancient Tea Set"},{"floor":9.0,"key":"Vajra"},{"floor":14.0,"key":"Old Coin"},{"floor":26.0,"key":"Gremlin Horn"}],"event_choices":[{"cards_removed":["Strike_G"],"damage_healed":0.0,"max_hp_gain":0.0,"max_hp_loss":0.0,"gold_gain":0.0,"event_name":"Golden Wing","player_choice":"Card Removal","floor":4.0,"gold_loss":0.0,"damage_taken":7.0},{"damage_healed":22.0,"max_hp_gain":0.0,"max_hp_loss":0.0,"gold_gain":0.0,"event_name":"Big Fish","player_choice":"Banana","floor":10.0,"gold_loss":0.0,"damage_taken":0.0},{"damage_healed":0.0,"max_hp_gain":0.0,"max_hp_loss":0.0,"gold_gain":0.0,"event_name":"Cursed Tome","player_choice":"Ignored","floor":25.0,"gold_loss":0.0,"damage_taken":0.0},{"damage_healed":0.0,"max_hp_gain":0.0,"max_hp_loss":0.0,"gold_gain":0.0,"event_name":"Lab","player_choice":"Got Potions","floor":27.0,"gold_loss":0.0,"damage_taken":0.0},{"cards_removed":["Crippling Poison"],"damage_healed":0,"gold_gain":0,"player_choice":"Removed Skill","damage_taken":0,"max_hp_gain":0,"max_hp_loss":0,"event_name":"Falling","floor":36,"gold_loss":0},{"damage_healed":0,"gold_gain":0,"player_choice":"Ignored","damage_taken":0,"max_hp_gain":0,"max_hp_loss":0,"event_name":"Tomb of Lord Red Mask","floor":37,"gold_loss":0}],"is_beta":true,"boss_relics":[{"not_picked":["Black Star","Runic Dome"],"picked":"Philosopher\u0027s Stone"},{"not_picked":["WristBlade","Orrery"],"picked":"Empty Cage"}],"items_purged_floors":[19,30],"is_endless":false,"potions_floor_spawned":[5,7,13,16,18,21,22,33,35],"killed_by":"Transient","ascension_level":18}