{"gold_per_floor":[113,133,133,146,43,86,157,193,193,193,118,118,156,174,174,174],"floor_reached":16,"playtime":632,"items_purged":["Strike_G"],"score":224,"play_id":"b57ea35b-504a-4cbd-8c62-739177fdb04f","local_time":"20181104025347","is_ascension_mode":true,"campfire_choices":[{"floor":10,"key":"REST"},{"data":"Neutralize","floor":12,"key":"SMITH"},{"data":"Bouncing Flask","floor":15,"key":"SMITH"}],"neow_cost":"NONE","seed_source_timestamp":3804381769532727,"circlet_count":0,"master_deck":["AscendersBane","Defend_G","Defend_G","Defend_G","Defend_G","Defend_G","Strike_G","Strike_G","Strike_G","Strike_G","Survivor","Neutralize+1","Riddle With Holes","Dodge and Roll","Well Laid Plans","Bouncing Flask+1","Quick Slash","Backflip","Caltrops+1"],"relics":["Busted Crown","Golden Idol","Oddly Smooth Stone","Frozen Egg 2","Bag of Preparation","Lantern","Dream Catcher"],"potions_floor_usage":[],"damage_taken":[{"damage":0,"enemies":"Cultist","floor":1,"turns":4},{"damage":2,"enemies":"2 Louse","floor":2,"turns":3},{"damage":0,"enemies":"Jaw Worm","floor":4,"turns":3},{"damage":32,"enemies":"Gremlin Nob","floor":6,"turns":4},{"damage":13,"enemies":"3 Sentries","floor":8,"turns":9},{"damage":1,"enemies":"Lagavulin","floor":13,"turns":5},{"damage":2,"enemies":"Blue Slaver","floor":14,"turns":3},{"damage":43,"enemies":"Slime Boss","floor":16,"turns":8}],"seed_played":"3844280808181247782","potions_obtained":[{"floor":1,"key":"Dexterity Potion"},{"floor":6,"key":"Ancient Potion"}],"is_trial":false,"path_per_floor":["M","M","?","M","$","E","T","E","T","R","$","R","E","M","R","B"],"character_chosen":"THE_SILENT","items_purchased":["Bouncing Flask","Quick Slash"],"campfire_rested":1,"item_purchase_floors":[5,5],"current_hp_per_floor":[59,57,57,57,57,25,25,12,12,30,30,30,29,27,27,0],"gold":174,"neow_bonus":"BOSS_RELIC","is_prod":false,"is_daily":false,"chose_seed":false,"campfire_upgraded":2,"win_rate":0,"timestamp":1541328827,"path_taken":["M","?","?","M","$","E","?","E","T","R","$","R","E","M","R","BOSS"],"build_version":"2018-11-02","purchased_purges":1,"victory":false,"max_hp_per_floor":[66,66,60,60,60,60,60,60,60,60,60,60,60,60,60,60],"card_choices":[{"not_picked":[],"picked":"Riddle With Holes","floor":1},{"not_picked":[],"picked":"Dodge and Roll","floor":2},{"not_picked":[],"picked":"Well Laid Plans","floor":4},{"not_picked":["Well Laid Plans"],"picked":"SKIP","floor":6},{"not_picked":[],"picked":"Backflip","floor":8},{"not_picked":[],"picked":"Caltrops+1","floor":13},{"not_picked":["Bane"],"picked":"SKIP","floor":14}],"player_experience":1024034,"relics_obtained":[{"floor":6,"key":"Oddly Smooth Stone"},{"floor":7,"key":"Frozen Egg 2"},{"floor":8,"key":"Bag of Preparation"},{"floor":9,"key":"Lantern"},{"floor":13,"key":"Dream Catcher"}],"event_choices":[{"damage_healed":0,"gold_gain":0,"player_choice":"Lose Max HP","damage_taken":0,"relics_obtained":["Golden Idol"],"max_hp_gain":0,"max_hp_loss":6,"event_name":"Golden Idol","floor":3,"gold_loss":0}],"is_beta":true,"boss_relics":[],"items_purged_floors":[11],"is_endless":false,"potions_floor_spawned":[1,6],"killed_by":"Slime Boss","ascension_level":18}