{"gold_per_floor":[118,118,137,62,62,62,93,114,166,166,189,202,242,262,262,391,391,391,316,316,316,316,316,316,316,316,316,231,231,231,131,131,131,131,131,131,131,6,6,6,6,6,6,6,6,6,6,6,6,6],"floor_reached":51,"playtime":3816,"items_purged":["Strike_R","Strike_R","Strike_R"],"score":1147,"play_id":"97a13d47-7d56-46a1-a63d-9141287a1eed","local_time":"20190311180137","is_ascension_mode":true,"campfire_choices":[{"floor":6,"key":"REST"},{"floor":10,"key":"REST"},{"floor":15,"key":"REST"},{"floor":23,"key":"REST"},{"data":"Armaments","floor":27,"key":"SMITH"},{"data":"Disarm","floor":32,"key":"SMITH"},{"data":"Demon Form","floor":41,"key":"SMITH"},{"data":"Mind Blast","floor":45,"key":"SMITH"},{"data":"Entrench","floor":49,"key":"SMITH"}],"neow_cost":"PERCENT_DAMAGE","seed_source_timestamp":136893335766344,"circlet_count":0,"master_deck":["AscendersBane","Strike_R","Defend_R","Defend_R","Defend_R","Defend_R","Bash","Armaments+1","Ghostly Armor","Inflame","Shrug It Off","Rampage+1","Inflame","Headbutt","Reaper","Disarm+1","Spot Weakness","Mind Blast+1","Flame Barrier","Headbutt+1","Demon Form+1","Reaper+1","Pommel Strike+1","Sword Boomerang+1","Clothesline+1","Immolate+1","Battle Trance","Entrench+1"],"relics":["Burning Blood","Incense Burner","Bloody Idol","Regal Pillow","Vajra","PreservedInsect","Matryoshka","Ectoplasm","FossilizedHelix","Paper Frog","Pear","Tiny Chest","Sundial","Molten Egg 2","Sozu","Anchor","Potion Belt","Self Forming Clay","The Courier","Smiling Mask"],"potions_floor_usage":[7,13,13,24,25,33,35],"damage_taken":[{"damage":15,"enemies":"Cultist","floor":1,"turns":5},{"damage":2,"enemies":"2 Louse","floor":3,"turns":2},{"damage":46,"enemies":"Lagavulin","floor":7,"turns":9},{"damage":8,"enemies":"Jaw Worm","floor":8,"turns":3},{"damage":12,"enemies":"Looter","floor":11,"turns":3},{"damage":8,"enemies":"3 Louse","floor":12,"turns":5},{"damage":14,"enemies":"3 Sentries","floor":13,"turns":6},{"damage":15,"enemies":"Gremlin Gang","floor":14,"turns":6},{"damage":69,"enemies":"Hexaghost","floor":16,"turns":12},{"damage":14,"enemies":"Spheric Guardian","floor":18,"turns":5},{"damage":26,"enemies":"Colosseum Slavers","floor":20,"turns":5},{"damage":32,"enemies":"Colosseum Nobs","floor":20,"turns":6},{"damage":10,"enemies":"Shell Parasite","floor":21,"turns":5},{"damage":47,"enemies":"Book of Stabbing","floor":24,"turns":4},{"damage":0,"enemies":"Snecko","floor":25,"turns":6},{"damage":13,"enemies":"Chosen and Byrds","floor":30,"turns":7},{"damage":77,"enemies":"Automaton","floor":33,"turns":10},{"damage":29,"enemies":"3 Darklings","floor":35,"turns":5},{"damage":40,"enemies":"3 Shapes","floor":37,"turns":4},{"damage":36,"enemies":"3 Darklings","floor":39,"turns":5},{"damage":52,"enemies":"Giant Head","floor":40,"turns":8},{"damage":0,"enemies":"Transient","floor":42,"turns":5},{"damage":9,"enemies":"Reptomancer","floor":44,"turns":5},{"damage":8,"enemies":"Nemesis","floor":46,"turns":4},{"damage":4,"enemies":"Sphere and 2 Shapes","floor":47,"turns":5},{"damage":0,"enemies":"Maw","floor":48,"turns":6},{"damage":31,"enemies":"Time Eater","floor":50,"turns":9}],"seed_played":"-4375175226501394214","potions_obtained":[{"floor":3,"key":"LiquidBronze"},{"floor":7,"key":"Weak Potion"},{"floor":12,"key":"Energy Potion"},{"floor":20,"key":"Dexterity Potion"},{"floor":21,"key":"FearPotion"},{"floor":24,"key":"Energy Potion"},{"floor":33,"key":"FearPotion"}],"is_trial":false,"path_per_floor":["M","?","M","$","?","R","E","M","T","R","M","M","E","M","R","B",null,"M","?","?","M","?","R","E","M","T","R","?","?","M","$","R","B",null,"M","?","M","$","M","E","R","M","T","E","R","E","M","M","R","B",null],"character_chosen":"IRONCLAD","items_purchased":[],"campfire_rested":4,"item_purchase_floors":[],"current_hp_per_floor":[42,42,46,46,28,65,25,23,23,60,54,52,44,35,72,9,58,50,50,22,26,26,63,53,59,59,59,59,59,67,67,67,12,66,81,81,84,84,71,84,84,84,84,84,84,82,84,84,84,83],"gold":6,"neow_bonus":"ONE_RARE_RELIC","is_prod":false,"is_daily":false,"chose_seed":false,"campfire_upgraded":5,"win_rate":0,"timestamp":1552323697,"path_taken":["M","?","M","$","?","R","E","M","T","R","M","M","E","M","R","BOSS","M","?","?","M","?","R","E","?","T","R","?","?","M","?","R","BOSS","M","?","M","$","?","E","R","M","T","E","R","E","?","?","R","BOSS"],"build_version":"2019-02-06","purchased_purges":3,"victory":true,"max_hp_per_floor":[80,74,74,74,74,74,74,74,74,74,74,74,74,74,74,74,74,74,74,74,74,74,74,84,84,84,84,84,84,84,84,84,84,84,84,84,84,84,84,84,84,84,84,84,84,84,84,84,84,84],"card_choices":[{"not_picked":["Clash","Warcry","Perfected Strike"],"picked":"SKIP","floor":1},{"not_picked":["Flex","Rampage"],"picked":"Armaments","floor":3},{"not_picked":["Headbutt","Heavy Blade"],"picked":"Ghostly Armor","floor":7},{"not_picked":["Evolve","Barricade"],"picked":"Inflame","floor":8},{"not_picked":["Dropkick","Corruption"],"picked":"Shrug It Off","floor":11},{"not_picked":["Rage","Hemokinesis"],"picked":"Rampage","floor":12},{"not_picked":["Flex","Intimidate"],"picked":"Inflame","floor":13},{"not_picked":["Twin Strike","Body Slam"],"picked":"Headbutt","floor":14},{"not_picked":["Juggernaut","Barricade"],"picked":"Reaper","floor":16},{"not_picked":["Clash","Iron Wave"],"picked":"Disarm","floor":18},{"not_picked":["Twin Strike+1","Searing Blow"],"picked":"Spot Weakness","floor":20},{"not_picked":["Warcry","Power Through","Clothesline"],"picked":"SKIP","floor":21},{"not_picked":["Blood for Blood","Anger"],"picked":"Flame Barrier","floor":24},{"not_picked":["Twin Strike+1","Armaments"],"picked":"Headbutt+1","floor":25},{"not_picked":["Clothesline+1","Blood for Blood+1"],"picked":"Demon Form","floor":30},{"not_picked":["Bludgeon+1","Dark Embrace"],"picked":"Reaper+1","floor":33},{"not_picked":["Infernal Blade+1","True Grit"],"picked":"Pommel Strike+1","floor":35},{"not_picked":["Searing Blow+1","Pommel Strike+1","Burning Pact"],"picked":"SKIP","floor":37},{"not_picked":["Shrug It Off","Havoc"],"picked":"Sword Boomerang+1","floor":39},{"not_picked":["Clash+1","True Grit+1"],"picked":"Clothesline+1","floor":40},{"not_picked":["True Grit","Warcry","Headbutt+1"],"picked":"SKIP","floor":42},{"not_picked":["Whirlwind+1","Cleave+1"],"picked":"Immolate+1","floor":44},{"not_picked":["Dual Wield","Inflame","Blood for Blood+1"],"picked":"SKIP","floor":46},{"not_picked":["Armaments","Sword Boomerang+1"],"picked":"Battle Trance","floor":47},{"not_picked":["Cleave+1","Clash+1"],"picked":"Entrench","floor":48}],"player_experience":170169,"relics_obtained":[{"floor":7,"key":"Vajra"},{"floor":9,"key":"PreservedInsect"},{"floor":13,"key":"Matryoshka"},{"floor":20,"key":"FossilizedHelix"},{"floor":20,"key":"Paper Frog"},{"floor":24,"key":"Pear"},{"floor":26,"key":"Tiny Chest"},{"floor":26,"key":"Sundial"},{"floor":40,"key":"Anchor"},{"floor":43,"key":"Potion Belt"},{"floor":43,"key":"Self Forming Clay"},{"floor":44,"key":"The Courier"},{"floor":46,"key":"Smiling Mask"}],"event_choices":[{"damage_healed":0,"gold_gain":0,"player_choice":"Lose Max HP","damage_taken":0,"relics_obtained":["Golden Idol"],"max_hp_gain":0,"max_hp_loss":6,"event_name":"Golden Idol","floor":2,"gold_loss":0},{"damage_healed":0,"gold_gain":0,"player_choice":"Success","damage_taken":18,"relics_obtained":["Regal Pillow"],"max_hp_gain":0,"max_hp_loss":0,"event_name":"Scrap Ooze","floor":5,"gold_loss":0},{"cards_removed":["Strike_R"],"damage_healed":0,"gold_gain":0,"player_choice":"Gave Gold","damage_taken":0,"max_hp_gain":0,"max_hp_loss":0,"event_name":"Beggar","floor":19,"gold_loss":75},{"damage_healed":0,"gold_gain":0,"player_choice":"Fight","damage_taken":0,"max_hp_gain":0,"max_hp_loss":0,"event_name":"Colosseum","floor":20,"gold_loss":0},{"damage_healed":0,"gold_gain":0,"player_choice":"Fought Nobs","damage_taken":0,"max_hp_gain":0,"max_hp_loss":0,"event_name":"Colosseum","floor":20,"gold_loss":0},{"damage_healed":0,"gold_gain":0,"player_choice":"1 cards matched","damage_taken":0,"max_hp_gain":0,"max_hp_loss":0,"event_name":"Match and Keep!","floor":22,"gold_loss":0,"cards_obtained":["Mind Blast"]},{"damage_healed":0,"gold_gain":0,"player_choice":"Obtained Relic","damage_taken":0,"relics_obtained":["Molten Egg 2"],"max_hp_gain":0,"max_hp_loss":0,"event_name":"Addict","floor":28,"gold_loss":85},{"damage_healed":0,"gold_gain":0,"player_choice":"Gave Idol","damage_taken":0,"relics_obtained":["Bloody Idol"],"max_hp_gain":0,"max_hp_loss":0,"event_name":"Forgotten Altar","floor":29,"relics_lost":["Golden Idol"],"gold_loss":0},{"damage_healed":0,"gold_gain":0,"player_choice":"Upgraded","damage_taken":0,"max_hp_gain":0,"max_hp_loss":0,"event_name":"Upgrade Shrine","floor":36,"gold_loss":0,"cards_upgraded":["Rampage"]}],"is_beta":true,"boss_relics":[{"not_picked":["Runic Dome","Runic Cube"],"picked":"Ectoplasm"},{"not_picked":["Eternal Feather","Fusion Hammer"],"picked":"Sozu"}],"items_purged_floors":[4,31,38],"is_endless":false,"potions_floor_spawned":[3,7,12,20,21,24,33,35,39,46,47,48],"ascension_level":12}