{"gold_per_floor":[119,129,48,48,22,22,55,55,55,83,102,119,135,145,145,145],"floor_reached":16,"playtime":877,"items_purged":[],"score":196,"play_id":"8d56a254-2290-44f5-81a2-036cd5be6105","local_time":"20180802171926","is_ascension_mode":true,"campfire_choices":[{"data":"Neutralize","floor":6,"key":"SMITH"},{"data":"Leg Sweep","floor":8,"key":"SMITH"},{"data":"Doppelganger","floor":15,"key":"SMITH"}],"neow_cost":"NONE","seed_source_timestamp":975424576244,"circlet_count":0,"master_deck":["Defend_G","Defend_G","Defend_G","Defend_G","Defend_G","Strike_G","Strike_G","Strike_G","Strike_G","Strike_G","Survivor","Neutralize+1","AscendersBane","Dagger Throw","Dodge and Roll","Well Laid Plans","Poisoned Stab","Leg Sweep+1","Dagger Spray+1","Doppelganger+1","Cloak And Dagger","Bane+1","PiercingWail"],"relics":["Ring of the Snake","Centennial Puzzle","CultistMask","Molten Egg 2","Pantograph","Bird Faced Urn"],"potions_floor_usage":[7],"damage_taken":[{"damage":0,"enemies":"Small Slimes","floor":1,"turns":4},{"damage":0,"enemies":"Cultist","floor":2,"turns":5},{"damage":11,"enemies":"3 Sentries","floor":7,"turns":8},{"damage":18,"enemies":"Gremlin Nob","floor":10,"turns":6},{"damage":0,"enemies":"2 Louse","floor":11,"turns":3},{"damage":0,"enemies":"Exordium Wildlife","floor":12,"turns":3},{"damage":1,"enemies":"Red Slaver","floor":13,"turns":5},{"damage":6,"enemies":"3 Louse","floor":14,"turns":2},{"damage":59,"enemies":"Hexaghost","floor":16,"turns":14}],"seed_played":"-7055904754205522768","potions_obtained":[{"floor":2,"key":"AttackPotion"},{"floor":10,"key":"GhostInAJar"},{"floor":11,"key":"Fire Potion"}],"is_trial":false,"path_per_floor":["M","M","$","?","$","R","E","R","T","E","M","M","M","M","R"],"character_chosen":"THE_SILENT","items_purchased":["Well Laid Plans","Poisoned Stab"],"campfire_rested":0,"item_purchase_floors":[3,5],"current_hp_per_floor":[59,59,59,59,59,59,48,48,48,30,32,34,35,31,31,0],"gold":145,"neow_bonus":"RANDOM_COMMON_RELIC","is_prod":false,"is_daily":false,"chose_seed":false,"campfire_upgraded":3,"win_rate":0,"timestamp":1533255566,"path_taken":["M","M","$","?","?","R","E","R","T","E","M","M","M","M","R","BOSS"],"build_version":"2018-08-01","purchased_purges":0,"victory":false,"max_hp_per_floor":[66,66,66,66,66,66,66,66,66,66,66,66,66,66,66,66],"card_choices":[{"not_picked":["Acrobatics","Eviscerate"],"picked":"Dagger Throw","floor":1},{"not_picked":["Blade Dance","Prepared"],"picked":"Dodge and Roll","floor":2},{"not_picked":["Acrobatics","Cloak And Dagger"],"picked":"Leg Sweep","floor":7},{"not_picked":["Sucker Punch+1","Quick Slash+1"],"picked":"Dagger Spray+1","floor":10},{"not_picked":["Deadly Poison","Quick Slash+1"],"picked":"Doppelganger","floor":11},{"not_picked":["Calculated Gamble","Deflect"],"picked":"Cloak And Dagger","floor":12},{"not_picked":["Sucker Punch+1","Blur"],"picked":"Bane+1","floor":13},{"not_picked":["Poisoned Stab+1","Dagger Throw+1"],"picked":"PiercingWail","floor":14}],"player_experience":890798,"relics_obtained":[{"floor":7,"key":"Molten Egg 2"},{"floor":9,"key":"Pantograph"},{"floor":10,"key":"Bird Faced Urn"}],"event_choices":[{"event_name":"FaceTrader","player_choice":"Trade","floor":4,"damage_taken":0}],"is_beta":true,"boss_relics":[],"items_purged_floors":[],"is_endless":false,"potions_floor_spawned":[2,10,11],"killed_by":"Hexaghost","ascension_level":15}