{"gold_per_floor":[218,233,233,38,52,52,79,154,203,234,234,247,258,274,274,371,371,382,401,412,612,628,628,648,419,469,394,424,61,73,91,91,189,189,209,109,122,122,122,122,136,155,155,170,170,185,185,210,210,210],"floor_reached":51,"playtime":4775,"items_purged":["Defend_R","Defend_R"],"score":821,"play_id":"ec116504-da1c-43ab-b851-1d9601841ffe","local_time":"20180911083723","is_ascension_mode":true,"campfire_choices":[{"data":"Clothesline","floor":6.0,"key":"SMITH"},{"floor":11.0,"key":"REST"},{"data":"Pummel","floor":15.0,"key":"SMITH"},{"floor":23.0,"key":"REST"},{"floor":32.0,"key":"REST"},{"data":"Whirlwind","floor":40.0,"key":"SMITH"},{"data":"Demon Form","floor":45,"key":"SMITH"},{"data":"Intimidate","floor":47,"key":"SMITH"},{"data":"Fire Breathing","floor":49,"key":"SMITH"}],"neow_cost":"NONE","seed_source_timestamp":0,"circlet_count":0,"master_deck":["Strike_R+1","Bash","Pommel Strike+1","Cleave","Clothesline+1","Pummel+1","Demon Form+1","Headbutt","Intimidate+1","Immolate","Infernal Blade+1","Warcry+1","Havoc+1","Sword Boomerang","Armaments+1","True Grit+1","Shrug It Off+1","Disarm+1","Shrug It Off+1","Feel No Pain","Trip+1","Shrug It Off+1","True Grit+1","Impervious+1","Whirlwind+1","Pummel+1","Heavy Blade+1","Fire Breathing+1","Inflame+1"],"special_seed":0,"relics":["Burning Blood","Bag of Preparation","Boot","Whetstone","Centennial Puzzle","Astrolabe","Bronze Scales","Vajra","Toxic Egg 2","Happy Flower","Coffee Dripper","Mummified Hand","War Paint"],"potions_floor_usage":[44,50,50,50],"damage_taken":[{"damage":8.0,"enemies":"Jaw Worm","floor":1.0,"turns":5.0},{"damage":1.0,"enemies":"Cultist","floor":2.0,"turns":3.0},{"damage":3.0,"enemies":"2 Louse","floor":5.0,"turns":2.0},{"damage":24.0,"enemies":"Gremlin Nob","floor":7.0,"turns":4.0},{"damage":30.0,"enemies":"3 Sentries","floor":10.0,"turns":8.0},{"damage":8.0,"enemies":"Looter","floor":12.0,"turns":2.0},{"damage":5.0,"enemies":"Blue Slaver","floor":13.0,"turns":3.0},{"damage":0.0,"enemies":"Gremlin Gang","floor":14.0,"turns":3.0},{"damage":21.0,"enemies":"Slime Boss","floor":16.0,"turns":8.0},{"damage":12.0,"enemies":"Shell Parasite","floor":18.0,"turns":5.0},{"damage":28.0,"enemies":"2 Thieves","floor":19.0,"turns":3.0},{"damage":26.0,"enemies":"Centurion and Healer","floor":20.0,"turns":4.0},{"damage":28.0,"enemies":"Snake Plant","floor":22.0,"turns":4.0},{"damage":8.0,"enemies":"Shelled Parasite and Fungi","floor":24.0,"turns":3.0},{"damage":15.0,"enemies":"Book of Stabbing","floor":28.0,"turns":5.0},{"damage":3.0,"enemies":"Cultist and Chosen","floor":30.0,"turns":3.0},{"damage":11.0,"enemies":"Snake Plant","floor":31.0,"turns":3.0},{"damage":26.0,"enemies":"Collector","floor":33.0,"turns":8.0},{"damage":12.0,"enemies":"3 Shapes","floor":35.0,"turns":5.0},{"damage":4.0,"enemies":"3 Darklings","floor":37.0,"turns":3.0},{"damage":5.0,"enemies":"Sphere and 2 Shapes","floor":41.0,"turns":10.0},{"damage":0,"enemies":"Spire Growth","floor":42,"turns":4},{"damage":5,"enemies":"Reptomancer","floor":44,"turns":4},{"damage":0,"enemies":"Maw","floor":46,"turns":5},{"damage":4,"enemies":"Nemesis","floor":48,"turns":4},{"damage":67,"enemies":"Time Eater","floor":50,"turns":8}],"seed_played":"6801083034555428259","potions_obtained":[{"floor":1.0,"key":"FairyPotion"},{"floor":12.0,"key":"Poison Potion"},{"floor":13.0,"key":"LiquidBronze"},{"floor":14.0,"key":"Ancient Potion"},{"floor":16.0,"key":"Block Potion"},{"floor":20.0,"key":"Ancient Potion"},{"floor":24.0,"key":"Dexterity Potion"},{"floor":33.0,"key":"Swift Potion"},{"floor":41,"key":"AttackPotion"},{"floor":42,"key":"EssenceOfSteel"},{"floor":46,"key":"LiquidBronze"},{"floor":48,"key":"AttackPotion"}],"is_trial":false,"path_per_floor":["M","M","?","$","M","R","E","?","T","E","R","M","M","M","R","B",null,"M","M","M","?","M","R","M","$","T","?","E","$","M","M","R","B",null,"M","$","M","?","?","R","M","M","T","M","R","M","R","E","R","B"],"character_chosen":"IRONCLAD","items_purchased":["Clothesline","Bag of Preparation","Bronze Scales","Feel No Pain","Happy Flower","Trip+1","Shrug It Off+1"],"campfire_rested":3,"item_purchase_floors":[4,4,25,29,29,29,29],"current_hp_per_floor":[78,80,80,80,80,80,62,51,51,27,51,49,50,56,56,41,80,74,52,32,32,10,34,32,32,32,32,23,23,26,21,45,25,80,80,80,80,80,80,80,80,80,80,80,80,80,80,80,80,19],"gold":210,"neow_bonus":"HUNDRED_GOLD","is_prod":false,"is_daily":false,"chose_seed":false,"campfire_upgraded":6,"win_rate":0,"timestamp":1536680243,"path_taken":["M","M","?","?","M","R","E","?","T","E","R","M","M","M","R","BOSS","M","M","M","?","?","R","M","$","T","?","E","$","M","?","R","BOSS","M","$","M","?","?","R","M","M","T","M","R","M","R","E","R","BOSS"],"build_version":"2018-09-06","purchased_purges":2,"victory":true,"max_hp_per_floor":[80,80,80,80,80,80,80,80,80,80,80,80,80,80,80,80,80,80,80,80,80,80,80,80,80,80,80,80,80,80,80,80,80,80,80,80,80,80,80,80,80,80,80,80,80,80,80,80,80,80],"card_choices":[{"not_picked":["Intimidate","Wild Strike"],"picked":"Pommel Strike","floor":1.0},{"not_picked":["Clothesline","Wild Strike"],"picked":"Cleave","floor":2.0},{"not_picked":["Infernal Blade","Thunderclap","Clash"],"picked":"SKIP","floor":5.0},{"not_picked":["Clothesline","Rampage"],"picked":"Pummel","floor":7.0},{"not_picked":["Twin Strike","True Grit"],"picked":"Demon Form","floor":10.0},{"not_picked":["Dual Wield","Rage","Pommel Strike"],"picked":"SKIP","floor":12.0},{"not_picked":["Spot Weakness","Power Through"],"picked":"Headbutt","floor":13.0},{"not_picked":["Hemokinesis","Sword Boomerang"],"picked":"Intimidate","floor":14.0},{"not_picked":["Barricade","Juggernaut"],"picked":"Immolate","floor":16.0},{"not_picked":["Second Wind","Intimidate"],"picked":"Sword Boomerang","floor":18.0},{"not_picked":["Clash+1","Iron Wave"],"picked":"Armaments","floor":19.0},{"not_picked":["Entrench","Cleave+1"],"picked":"True Grit","floor":20.0},{"not_picked":["Dropkick+1","Clothesline+1"],"picked":"Shrug It Off+1","floor":22.0},{"not_picked":["Heavy Blade","Demon Form"],"picked":"Disarm+1","floor":24.0},{"not_picked":["Cleave","Spot Weakness"],"picked":"Shrug It Off","floor":28.0},{"not_picked":["Headbutt+1","Armaments+1"],"picked":"True Grit+1","floor":30.0},{"not_picked":["Perfected Strike","Clash","Sword Boomerang"],"picked":"SKIP","floor":31.0},{"not_picked":["Immolate","Demon Form"],"picked":"Impervious+1","floor":33.0},{"not_picked":["Rampage","Pommel Strike+1"],"picked":"Whirlwind","floor":35.0},{"not_picked":["Anger","Pommel Strike","Burning Pact+1"],"picked":"SKIP","floor":37.0},{"not_picked":["Disarm+1","Perfected Strike"],"picked":"Heavy Blade+1","floor":41},{"not_picked":["Cleave","Metallicize+1","Anger"],"picked":"SKIP","floor":42},{"not_picked":["Whirlwind+1","Second Wind+1"],"picked":"Fire Breathing","floor":44},{"not_picked":["Burning Pact+1","Pommel Strike","Searing Blow"],"picked":"SKIP","floor":46},{"not_picked":["Headbutt+1","Bloodletting+1"],"picked":"Inflame+1","floor":48}],"player_experience":360337,"relics_obtained":[{"floor":7.0,"key":"Boot"},{"floor":9.0,"key":"Whetstone"},{"floor":10.0,"key":"Centennial Puzzle"},{"floor":26.0,"key":"Vajra"},{"floor":28.0,"key":"Toxic Egg 2"},{"floor":43,"key":"Mummified Hand"},{"floor":48,"key":"War Paint"}],"event_choices":[{"event_name":"Living Wall","player_choice":"Forget","floor":3.0,"damage_taken":0.0},{"event_name":"World of Goop","player_choice":"Gather Gold","floor":8.0,"damage_taken":0.0},{"event_name":"Wheel of Change","player_choice":"Gold","floor":21.0,"damage_taken":0.0},{"event_name":"Beggar","player_choice":"Gave Gold","floor":27.0,"damage_taken":0.0},{"event_name":"Falling","player_choice":"Removed Skill","floor":38.0,"damage_taken":0.0},{"event_name":"Duplicator","player_choice":"One dupe","floor":39.0,"damage_taken":0.0}],"is_beta":false,"boss_relics":[{"not_picked":["Black Star","Orrery"],"picked":"Astrolabe"},{"not_picked":["White Beast Statue","Cursed Key"],"picked":"Coffee Dripper"}],"items_purged_floors":[25,36],"is_endless":false,"potions_floor_spawned":[1,12,13,14,16,20,24,33,41,42,46,48],"ascension_level":4}