{"gold_per_floor":[117,117,138,18,31,31,51,51,127,127,30,30,30,53,53,179,179,194,218,69,93,106,106,21,52,52,72,95,119,119,138,138,264,264,283,37,55,118,118,118,118],"floor_reached":41,"playtime":4412,"items_purged":["Bash","Pain"],"score":455,"play_id":"ce443092-69d0-4192-859e-f5b21563e4c9","local_time":"20181101214633","is_ascension_mode":false,"campfire_choices":[{"data":"Perfected Strike","floor":6,"key":"SMITH"},{"data":"Shrug It Off","floor":8,"key":"SMITH"},{"data":"Pommel Strike","floor":10,"key":"SMITH"},{"data":"Perfected Strike","floor":12,"key":"SMITH"},{"data":"Bloodletting","floor":15,"key":"SMITH"},{"data":"Flame Barrier","floor":23,"key":"SMITH"},{"floor":30,"key":"REST"},{"data":"Finesse","floor":32,"key":"SMITH"},{"data":"Juggernaut","floor":40,"key":"SMITH"}],"neow_cost":"NONE","seed_source_timestamp":6417244853076,"circlet_count":0,"master_deck":["Strike_R","Strike_R","Strike_R","Strike_R","Strike_R","Defend_R","Defend_R","Defend_R","Defend_R","Perfected Strike+1","Pommel Strike+1","Shrug It Off+1","Bloodletting+1","Perfected Strike+1","Finesse+1","Pommel Strike","Fiend Fire","Flame Barrier+1","Flex","Flex+1","Injury","Iron Wave","Juggernaut+1","Shame","Shame","Twin Strike+1","Brutality","Feel No Pain"],"relics":["Burning Blood","Oddly Smooth Stone","Golden Idol","Dodecahedron","Cursed Key","Pen Nib","Centennial Puzzle","Vajra","Darkstone Periapt","Calling Bell","Red Skull","Pear","Mango","Anchor","Magic Flower"],"potions_floor_usage":[16,16,31,33,33],"damage_taken":[{"damage":6,"enemies":"Small Slimes","floor":1,"turns":4},{"damage":0,"enemies":"2 Louse","floor":3,"turns":2},{"damage":0,"enemies":"Cultist","floor":5,"turns":3},{"damage":6,"enemies":"Red Slaver","floor":7,"turns":3},{"damage":7,"enemies":"Large Slime","floor":14,"turns":6},{"damage":40,"enemies":"Hexaghost","floor":16,"turns":7},{"damage":9,"enemies":"2 Thieves","floor":18,"turns":4},{"damage":0,"enemies":"Spheric Guardian","floor":19,"turns":2},{"damage":15,"enemies":"Shelled Parasite and Fungi","floor":21,"turns":5},{"damage":0,"enemies":"Centurion and Healer","floor":22,"turns":3},{"damage":20,"enemies":"Slavers","floor":25,"turns":5},{"damage":7,"enemies":"Chosen and Byrds","floor":27,"turns":3},{"damage":3,"enemies":"3 Cultists","floor":28,"turns":4},{"damage":15,"enemies":"Snake Plant","floor":29,"turns":3},{"damage":0,"enemies":"Snecko","floor":31,"turns":4},{"damage":51,"enemies":"Automaton","floor":33,"turns":10},{"damage":18,"enemies":"3 Darklings","floor":35,"turns":8},{"damage":16,"enemies":"3 Shapes","floor":37,"turns":4},{"damage":44,"enemies":"2 Orb Walkers","floor":38,"turns":5},{"damage":84,"enemies":"Nemesis","floor":41,"turns":6}],"seed_played":"4620390521732328218","potions_obtained":[{"floor":1,"key":"FearPotion"},{"floor":7,"key":"Explosive Potion"},{"floor":19,"key":"Block Potion"},{"floor":25,"key":"AttackPotion"},{"floor":28,"key":"Swift Potion"},{"floor":29,"key":"EssenceOfSteel"},{"floor":38,"key":"FearPotion"}],"is_trial":false,"path_per_floor":["M","?","M","$","M","R","M","R","T","R","$","R","$","M","R","B",null,"M","M","$","M","M","R","?","E","T","M","M","M","R","M","R","B",null,"M","$","M","?","?","R"],"character_chosen":"IRONCLAD","items_purchased":["Shrug It Off","Finesse","Pen Nib","Anchor"],"campfire_rested":1,"item_purchase_floors":[4,11,20,36],"current_hp_per_floor":[80,60,66,66,72,72,72,72,72,72,72,72,72,71,71,37,80,77,80,80,71,77,77,77,63,63,62,65,56,80,80,80,35,122,110,110,100,62,62,62,0],"gold":118,"neow_bonus":"RANDOM_COMMON_RELIC","is_prod":false,"is_daily":false,"chose_seed":false,"campfire_upgraded":8,"win_rate":0.0,"timestamp":1541105193,"path_taken":["M","?","?","$","M","R","M","R","T","R","$","R","?","M","R","BOSS","M","M","$","M","M","R","?","E","T","?","M","?","R","M","R","BOSS","M","$","M","?","?","R","E"],"build_version":"2018-10-25v2","purchased_purges":2,"victory":false,"max_hp_per_floor":[80,80,80,80,80,80,80,80,80,80,80,80,80,80,80,80,80,80,80,80,80,80,80,80,80,80,80,80,80,80,80,80,80,122,122,122,122,122,122,122,122],"card_choices":[{"not_picked":["Blood for Blood","Thunderclap"],"picked":"Perfected Strike","floor":1},{"not_picked":["Thunderclap","Metallicize"],"picked":"Pommel Strike","floor":3},{"not_picked":["Hemokinesis","Reckless Charge"],"picked":"Bloodletting","floor":5},{"not_picked":["Pummel","Anger"],"picked":"Perfected Strike","floor":7},{"not_picked":["Burning Pact","Bloodletting"],"picked":"Pommel Strike","floor":14},{"not_picked":["Impervious","Berserk"],"picked":"Fiend Fire","floor":16},{"not_picked":["Second Wind","Pommel Strike"],"picked":"Flame Barrier","floor":18},{"not_picked":["Thunderclap","Body Slam"],"picked":"Flex","floor":19},{"not_picked":["Entrench+1","Fire Breathing"],"picked":"Flex+1","floor":21},{"not_picked":["Body Slam+1","Armaments","Clash+1"],"picked":"SKIP","floor":22},{"not_picked":["Anger","Entrench","Body Slam"],"picked":"SKIP","floor":25},{"not_picked":["Reckless Charge","Dropkick+1"],"picked":"Iron Wave","floor":27},{"not_picked":["Warcry","Reckless Charge","Thunderclap"],"picked":"SKIP","floor":28},{"not_picked":["Cleave","Berserk","Anger"],"picked":"SKIP","floor":29},{"not_picked":["Dropkick","Carnage","Warcry"],"picked":"SKIP","floor":31},{"not_picked":["Barricade","Offering"],"picked":"Juggernaut","floor":33},{"not_picked":["Anger","Fire Breathing+1"],"picked":"Twin Strike+1","floor":35},{"not_picked":["Iron Wave","Hemokinesis","Thunderclap"],"picked":"SKIP","floor":37}],"player_experience":4556,"relics_obtained":[{"floor":9,"key":"Dodecahedron"},{"floor":25,"key":"Vajra"},{"floor":26,"key":"Darkstone Periapt"},{"floor":34,"key":"Red Skull"},{"floor":34,"key":"Pear"},{"floor":34,"key":"Mango"},{"floor":38,"key":"Magic Flower"}],"event_choices":[{"damage_healed":0,"gold_gain":0,"player_choice":"Take Damage","damage_taken":20,"relics_obtained":["Golden Idol"],"max_hp_gain":0,"max_hp_loss":0,"event_name":"Golden Idol","floor":2,"gold_loss":0},{"damage_healed":0,"gold_gain":0,"player_choice":"Obtained Relic","damage_taken":0,"relics_obtained":["Centennial Puzzle"],"max_hp_gain":0,"max_hp_loss":0,"event_name":"Addict","floor":24,"gold_loss":85},{"damage_healed":0,"gold_gain":0,"player_choice":"Fight","damage_taken":0,"max_hp_gain":0,"max_hp_loss":0,"event_name":"Mysterious Sphere","floor":38,"gold_loss":0},{"damage_healed":0,"gold_gain":0,"player_choice":"2 cards matched","damage_taken":0,"max_hp_gain":0,"max_hp_loss":0,"event_name":"Match and Keep!","floor":39,"gold_loss":0,"cards_obtained":["Brutality","Feel No Pain"]}],"is_beta":false,"boss_relics":[{"not_picked":["Tiny House","Ectoplasm"],"picked":"Cursed Key"},{"not_picked":["Eternal Feather","Black Star"],"picked":"Calling Bell"}],"items_purged_floors":[4,36],"is_endless":false,"potions_floor_spawned":[1,7,19,25,28,29,38],"killed_by":"Nemesis","ascension_level":0}