{"gold_per_floor":[111,124,141,141,153,188,206,206,232,249,249,262,282,294,294,393,393,411,336,153,166,166,166,180,180],"floor_reached":25,"playtime":1729,"items_purged":[],"score":209,"play_id":"5241d44f-1940-46ed-9e72-bc24d9061a03","local_time":"20181030162209","is_ascension_mode":false,"campfire_choices":[{"floor":8.0,"key":"REST"},{"floor":11.0,"key":"REST"},{"floor":15.0,"key":"REST"},{"data":"Noxious Fumes","floor":23.0,"key":"SMITH"}],"neow_cost":"NONE","seed_source_timestamp":0,"circlet_count":0,"master_deck":["Defend_G+1","Defend_G","Defend_G","Defend_G","Defend_G","Strike_G","Strike_G","Strike_G","Strike_G","Survivor","Neutralize","Madness","Flechettes","Poisoned Stab","Terror+1","Regret","Footwork","Flechettes","Dagger Spray","Footwork","Crippling Poison","Infinite Blades","Noxious Fumes+1","Tools of the Trade","Blade Dance+1","Secret Technique","Dagger Throw","Blur"],"special_seed":0,"relics":["Ring of the Snake","Letter Opener","Bronze Scales","War Paint","White Beast Statue"],"potions_floor_usage":[],"damage_taken":[{"damage":11.0,"enemies":"2 Louse","floor":1.0,"turns":5.0},{"damage":5.0,"enemies":"Jaw Worm","floor":2.0,"turns":3.0},{"damage":2.0,"enemies":"Small Slimes","floor":3.0,"turns":4.0},{"damage":15.0,"enemies":"Exordium Thugs","floor":5.0,"turns":5.0},{"damage":31.0,"enemies":"Gremlin Nob","floor":6.0,"turns":5.0},{"damage":0.0,"enemies":"2 Fungi Beasts","floor":7.0,"turns":3.0},{"damage":4.0,"enemies":"Looter","floor":10.0,"turns":3.0},{"damage":15.0,"enemies":"Large Slime","floor":12.0,"turns":6.0},{"damage":0.0,"enemies":"Blue Slaver","floor":13.0,"turns":3.0},{"damage":0.0,"enemies":"Looter","floor":14.0,"turns":2.0},{"damage":42.0,"enemies":"Slime Boss","floor":16.0,"turns":9.0},{"damage":16.0,"enemies":"2 Thieves","floor":18.0,"turns":4.0},{"damage":3.0,"enemies":"3 Byrds","floor":21.0,"turns":4.0},{"damage":12.0,"enemies":"Snecko","floor":24.0,"turns":6.0},{"damage":13,"enemies":"Colosseum Slavers","floor":25,"turns":4}],"seed_played":"7976177130162363579","potions_obtained":[{"floor":2.0,"key":"Poison Potion"},{"floor":6.0,"key":"PowerPotion"},{"floor":12.0,"key":"SkillPotion"},{"floor":14.0,"key":"SteroidPotion"},{"floor":18.0,"key":"GhostInAJar"},{"floor":21.0,"key":"AttackPotion"},{"floor":24,"key":"Ancient Potion"}],"is_trial":false,"path_per_floor":["M","M","M","?","M","E","M","R","T","M","R","M","M","M","R","B",null,"M","?","$","M","?","R","M"],"character_chosen":"THE_SILENT","items_purchased":["Secret Technique"],"campfire_rested":3,"item_purchase_floors":[20],"current_hp_per_floor":[59,54,52,52,37,6,6,27,27,23,44,29,29,29,50,8,70,54,54,54,51,38,38,26,13],"gold":180,"neow_bonus":"RANDOM_COLORLESS","is_prod":false,"is_daily":false,"chose_seed":false,"campfire_upgraded":1,"win_rate":0.0,"timestamp":1540930929,"path_taken":["M","M","M","?","M","E","M","R","T","M","R","?","M","M","R","BOSS","M","?","$","M","?","R","M","?"],"build_version":"2018-10-25v2","purchased_purges":0,"victory":false,"max_hp_per_floor":[70,70,70,70,70,70,70,70,70,70,70,70,70,70,70,70,70,70,70,70,70,75,75,75,75],"card_choices":[{"not_picked":["Eviscerate","Deflect"],"picked":"Flechettes","floor":1.0},{"not_picked":["Leg Sweep","Deflect"],"picked":"Poisoned Stab","floor":2.0},{"not_picked":["Deflect","Dodge and Roll"],"picked":"Terror","floor":3.0},{"not_picked":["Sucker Punch","Predator"],"picked":"Footwork","floor":5.0},{"not_picked":["Quick Slash","Distraction"],"picked":"Flechettes","floor":6.0},{"not_picked":["Skewer","PiercingWail"],"picked":"Dagger Spray","floor":7.0},{"not_picked":["Skewer","Dagger Throw"],"picked":"Footwork","floor":10.0},{"not_picked":["Well Laid Plans","Caltrops"],"picked":"Crippling Poison","floor":12.0},{"not_picked":["Slice","Blade Dance"],"picked":"Infinite Blades","floor":13.0},{"not_picked":["Sucker Punch","Dagger Spray"],"picked":"Noxious Fumes","floor":14.0},{"not_picked":["Adrenaline","Die Die Die"],"picked":"Tools of the Trade","floor":16.0},{"not_picked":["Outmaneuver","Distraction+1"],"picked":"Blade Dance+1","floor":18.0},{"not_picked":["Flying Knee","Bane"],"picked":"Dagger Throw","floor":21.0},{"not_picked":["Underhanded Strike","Finisher"],"picked":"Blur","floor":24}],"player_experience":61501,"relics_obtained":[{"floor":6.0,"key":"Bronze Scales"},{"floor":9.0,"key":"War Paint"}],"event_choices":[{"damage_healed":0.0,"max_hp_gain":0.0,"max_hp_loss":0.0,"gold_gain":0.0,"event_name":"Big Fish","player_choice":"Box","floor":4.0,"gold_loss":0.0,"damage_taken":0.0,"relics_obtained":["Letter Opener"],"cards_obtained":["Regret"]},{"cards_removed":["Strike_G"],"damage_healed":0.0,"max_hp_gain":0.0,"max_hp_loss":0.0,"gold_gain":0.0,"event_name":"Beggar","player_choice":"Gave Gold","floor":19.0,"gold_loss":75.0,"damage_taken":0.0},{"damage_healed":0.0,"max_hp_gain":5.0,"max_hp_loss":0.0,"gold_gain":0.0,"event_name":"Forgotten Altar","player_choice":"Shed Blood","floor":22.0,"gold_loss":0.0,"damage_taken":18.0},{"damage_healed":0,"gold_gain":0,"player_choice":"Fight","damage_taken":0,"max_hp_gain":0,"max_hp_loss":0,"event_name":"Colosseum","floor":25,"gold_loss":0}],"is_beta":false,"boss_relics":[{"not_picked":["Busted Crown","Black Star"],"picked":"White Beast Statue"}],"items_purged_floors":[],"is_endless":false,"potions_floor_spawned":[2,6,12,14,18,21,24],"killed_by":"Colosseum Slavers","ascension_level":0}