{"gold_per_floor":[118,118,118,130,150,184,184,203,228,228,247,274,274,30,30,103,103,121,64,52,63,63,63,63],"floor_reached":24,"playtime":909,"items_purged":[],"score":412,"play_id":"403fdf64-bce6-4f2c-b869-4eaa48d74fa1","local_time":"20190114030632","is_ascension_mode":true,"campfire_choices":[{"floor":10,"key":"REST"},{"floor":13,"key":"REST"},{"data":"Armaments","floor":15,"key":"SMITH"},{"data":"Demon Form","floor":23,"key":"SMITH"}],"neow_cost":"NONE","seed_source_timestamp":621778122233804,"circlet_count":0,"master_deck":["AscendersBane","Strike_R+1","Strike_R+1","Strike_R+1","Strike_R+1","Strike_R+1","Defend_R+1","Defend_R+1","Defend_R+1","Defend_R+1","Bash+1","Wild Strike+1","Armaments+1","Pommel Strike","Body Slam","Disarm","Inflame","Combust","Demon Form+1"],"relics":["Burning Blood","Pen Nib","Art of War","Bag of Preparation","Orichalcum","Coffee Dripper"],"potions_floor_usage":[12,16,20],"damage_taken":[{"damage":16,"enemies":"Jaw Worm","floor":1,"turns":5},{"damage":0,"enemies":"Cultist","floor":4,"turns":2},{"damage":0,"enemies":"2 Louse","floor":5,"turns":3},{"damage":55,"enemies":"3 Sentries","floor":6,"turns":13},{"damage":3,"enemies":"2 Fungi Beasts","floor":8,"turns":3},{"damage":22,"enemies":"3 Louse","floor":11,"turns":3},{"damage":22,"enemies":"Lagavulin","floor":12,"turns":5},{"damage":43,"enemies":"The Guardian","floor":16,"turns":11},{"damage":22,"enemies":"Chosen","floor":18,"turns":6},{"damage":7,"enemies":"2 Thieves","floor":20,"turns":4},{"damage":32,"enemies":"Shelled Parasite and Fungi","floor":21,"turns":5},{"damage":26,"enemies":"Slavers","floor":24,"turns":1}],"seed_played":"-8683643346558479978","potions_obtained":[{"floor":11,"key":"PowerPotion"},{"floor":12,"key":"Regen Potion"},{"floor":16,"key":"FearPotion"},{"floor":20,"key":"Dexterity Potion"}],"is_trial":false,"path_per_floor":["M","$","?","M","M","E","?","M","T","R","M","E","R","$","R","B",null,"M","$","M","M","?","R","E"],"character_chosen":"IRONCLAD","items_purchased":["Orichalcum","Combust","Block Potion"],"campfire_rested":2,"item_purchase_floors":[14,14,19],"current_hp_per_floor":[58,58,58,64,70,21,21,24,24,46,30,14,36,36,36,14,60,44,44,43,17,17,17,0],"gold":63,"neow_bonus":"UPGRADE_CARD","is_prod":false,"is_daily":false,"chose_seed":false,"campfire_upgraded":2,"win_rate":0,"timestamp":1547463992,"path_taken":["M","$","?","?","M","E","?","M","T","R","M","E","R","$","R","BOSS","M","$","M","M","?","R","E"],"build_version":"2019-01-10","purchased_purges":0,"victory":false,"max_hp_per_floor":[75,75,75,75,75,75,75,75,75,75,75,75,75,75,75,75,75,75,75,75,75,75,75,75],"card_choices":[{"not_picked":["Shockwave","True Grit"],"picked":"Wild Strike","floor":1},{"not_picked":["Havoc","Second Wind"],"picked":"Armaments","floor":4},{"not_picked":["Burning Pact","Hemokinesis"],"picked":"Pommel Strike","floor":5},{"not_picked":["Sever Soul","Sentinel"],"picked":"Body Slam","floor":6},{"not_picked":["Iron Wave","Clothesline"],"picked":"Disarm","floor":8},{"not_picked":["Clothesline","Bloodletting"],"picked":"Inflame","floor":11},{"not_picked":["Reckless Charge","Searing Blow","Seeing Red"],"picked":"SKIP","floor":12},{"not_picked":["Bludgeon","Limit Break"],"picked":"Demon Form","floor":16},{"not_picked":["Clothesline","Inflame","Dropkick"],"picked":"SKIP","floor":18},{"not_picked":["Anger","Body Slam","Wild Strike"],"picked":"SKIP","floor":20},{"not_picked":["Havoc","Warcry","Inflame"],"picked":"SKIP","floor":21}],"player_experience":1185225,"relics_obtained":[{"floor":6,"key":"Pen Nib"},{"floor":9,"key":"Art of War"},{"floor":12,"key":"Bag of Preparation"}],"event_choices":[{"damage_healed":0,"gold_gain":0,"player_choice":"Upgraded","damage_taken":0,"max_hp_gain":0,"max_hp_loss":0,"event_name":"Upgrade Shrine","floor":3,"gold_loss":0,"cards_upgraded":["Wild Strike"]},{"damage_healed":0,"gold_gain":0,"player_choice":"Fled","damage_taken":0,"max_hp_gain":0,"max_hp_loss":0,"event_name":"Scrap Ooze","floor":7,"gold_loss":0},{"damage_healed":0,"gold_gain":0,"player_choice":"Simplicity","damage_taken":0,"max_hp_gain":0,"max_hp_loss":0,"event_name":"Back to Basics","floor":22,"gold_loss":0,"cards_upgraded":["Strike_R","Strike_R","Strike_R","Strike_R","Strike_R","Defend_R","Defend_R","Defend_R","Defend_R"]}],"is_beta":true,"boss_relics":[{"not_picked":["Runic Cube","Tiny House"],"picked":"Coffee Dripper"}],"items_purged_floors":[],"is_endless":false,"potions_floor_spawned":[11,12,16,20],"killed_by":"Slavers","ascension_level":20}