{"gold_per_floor":[118,118,134,84,84,84,113,113,113,128,6,6,6,16,16,114,114,114,114,126,47,47,82,82,109,109,109,109,129,129,142,142,239,239,253,253,270,289,302,302,302],"floor_reached":41,"playtime":2163,"items_purged":["Strike_B"],"score":551,"play_id":"431600f4-9753-4250-80e4-d7b178c8f466","local_time":"20190404190623","is_ascension_mode":true,"campfire_choices":[{"data":"Zap","floor":6,"key":"SMITH"},{"floor":12,"key":"REST"},{"floor":15,"key":"REST"},{"data":"Electrodynamics","floor":24,"key":"SMITH"},{"data":"Capacitor","floor":28,"key":"SMITH"},{"data":"White Noise","floor":30,"key":"SMITH"},{"data":"Barrage","floor":32,"key":"SMITH"},{"floor":40,"key":"REST"}],"neow_cost":"NONE","seed_source_timestamp":154868337293927,"circlet_count":0,"master_deck":["Defend_B","Defend_B","Defend_B","Zap+1","Dualcast","Streamline","White Noise+1","Reinforced Body+1","Undo+1","Barrage+1","Chaos+1","Amplify+1","Scrape","Electrodynamics+1","Beam Cell+1","Capacitor+1","Self Repair+1","BootSequence+1","Capacitor+1","Fusion+1","Biased Cognition","Ball Lightning+1","Defragment+1","Glacier+1"],"relics":["Cracked Core","Pocketwatch","Question Card","Toxic Egg 2","Velvet Choker","Enchiridion","Bronze Scales","Du-Vu Doll","Omamori","Inserter"],"potions_floor_usage":[16,18,23,25,29,35],"damage_taken":[{"damage":7,"enemies":"Jaw Worm","floor":1,"turns":3},{"damage":10,"enemies":"Small Slimes","floor":3,"turns":3},{"damage":25,"enemies":"3 Sentries","floor":7,"turns":8},{"damage":0,"enemies":"2 Louse","floor":10,"turns":2},{"damage":0,"enemies":"Looter","floor":14,"turns":3},{"damage":4,"enemies":"Hexaghost","floor":16,"turns":9},{"damage":0,"enemies":"3 Byrds","floor":18,"turns":1},{"damage":13,"enemies":"Shell Parasite","floor":20,"turns":5},{"damage":27,"enemies":"Book of Stabbing","floor":23,"turns":5},{"damage":10,"enemies":"Gremlin Leader","floor":25,"turns":4},{"damage":8,"enemies":"Snake Plant","floor":29,"turns":4},{"damage":1,"enemies":"Centurion and Healer","floor":31,"turns":4},{"damage":0,"enemies":"Champ","floor":33,"turns":7},{"damage":48,"enemies":"Orb Walker","floor":35,"turns":5},{"damage":12,"enemies":"3 Darklings","floor":37,"turns":3},{"damage":35,"enemies":"Transient","floor":38,"turns":5},{"damage":29,"enemies":"Maw","floor":39,"turns":5},{"damage":53,"enemies":"Reptomancer","floor":41,"turns":3}],"seed_played":"-6717498825645095555","potions_obtained":[{"floor":0,"key":"FearPotion"},{"floor":0,"key":"AttackPotion"},{"floor":0,"key":"SmokeBomb"},{"floor":7,"key":"GamblersBrew"},{"floor":16,"key":"Regen Potion"},{"floor":20,"key":"Energy Potion"},{"floor":23,"key":"Poison Potion"},{"floor":38,"key":"Swift Potion"},{"floor":39,"key":"Swift Potion"}],"is_trial":false,"path_per_floor":["M","?","M","?","?","R","E","?","T","M","$","R","$","M","R","B",null,"M","?","M","$","?","E","R","E","T","?","R","M","R","M","R","B",null,"M","?","M","M","M","R","E"],"character_chosen":"DEFECT","items_purchased":["Barrage","Capacitor"],"campfire_rested":3,"item_purchase_floors":[11,21],"current_hp_per_floor":[68,61,51,51,44,44,19,4,4,4,4,26,26,26,48,44,75,75,75,62,62,46,33,33,43,43,43,43,45,45,64,64,75,75,47,47,45,30,21,43,0],"gold":302,"neow_bonus":"THREE_SMALL_POTIONS","is_prod":false,"is_daily":false,"chose_seed":false,"campfire_upgraded":5,"win_rate":0,"timestamp":1554397583,"path_taken":["M","?","M","?","?","R","E","?","T","M","$","R","?","M","R","BOSS","M","?","M","$","?","E","R","E","T","?","R","M","R","M","R","BOSS","M","?","?","M","M","R","E"],"build_version":"2019-03-15","purchased_purges":1,"victory":false,"max_hp_per_floor":[75,75,75,75,75,75,75,75,75,75,75,75,75,75,75,75,75,75,75,75,75,75,75,75,75,75,75,75,75,75,75,75,75,75,75,75,75,75,75,75,75],"card_choices":[{"not_picked":["Redo","Heatsinks"],"picked":"Streamline","floor":1},{"not_picked":["Storm","Redo"],"picked":"White Noise","floor":3},{"not_picked":["Stack","Barrage"],"picked":"Reinforced Body","floor":7},{"not_picked":["Gash","Reprogram+1","Recycle+1"],"picked":"Undo+1","floor":10},{"not_picked":["Streamline","Redo+1","FTL"],"picked":"Chaos+1","floor":14},{"not_picked":["Fission+1","Thunder Strike","Hyperbeam"],"picked":"Amplify+1","floor":16},{"not_picked":["Go for the Eyes","Scrape","Streamline"],"picked":"Beam Cell+1","floor":20},{"not_picked":["Rebound","Turbo+1","Steam Power+1"],"picked":"Self Repair+1","floor":23},{"not_picked":["Gash","FTL","Stack+1"],"picked":"BootSequence+1","floor":25},{"not_picked":["Steam Power+1","Heatsinks","Rebound"],"picked":"Capacitor+1","floor":29},{"not_picked":["Blizzard","Hologram+1","Lockon"],"picked":"Fusion+1","floor":31},{"not_picked":["Electrodynamics","Buffer","Machine Learning"],"picked":"Biased Cognition","floor":33},{"not_picked":["Self Repair","Streamline+1","Gash+1"],"picked":"Ball Lightning+1","floor":35},{"not_picked":["Barrage+1","Reboot+1","Leap+1"],"picked":"Defragment+1","floor":37},{"not_picked":["Hologram+1","Stack+1","Double Energy+1"],"picked":"Glacier+1","floor":38},{"not_picked":["Compile Driver","Doom and Gloom+1","Beam Cell","Rebound+1"],"picked":"SKIP","floor":39}],"player_experience":438681,"relics_obtained":[{"floor":7,"key":"Question Card"},{"floor":9,"key":"Toxic Egg 2"},{"floor":22,"key":"Enchiridion"},{"floor":23,"key":"Bronze Scales"},{"floor":25,"key":"Du-Vu Doll"},{"floor":26,"key":"Omamori"}],"event_choices":[{"damage_healed":0,"gold_gain":0,"player_choice":"Success","damage_taken":7,"relics_obtained":["Pocketwatch"],"max_hp_gain":0,"max_hp_loss":0,"event_name":"Scrap Ooze","floor":2,"gold_loss":0},{"cards_removed":["Strike_B"],"damage_healed":0,"gold_gain":0,"player_choice":"Card Removal","damage_taken":0,"max_hp_gain":0,"max_hp_loss":0,"event_name":"The Cleric","floor":4,"gold_loss":50},{"cards_removed":["Strike_B"],"damage_healed":0,"gold_gain":0,"player_choice":"Card Removal","damage_taken":7,"max_hp_gain":0,"max_hp_loss":0,"event_name":"Golden Wing","floor":5,"gold_loss":0},{"damage_healed":0,"gold_gain":0,"player_choice":"Entered Light","damage_taken":15,"max_hp_gain":0,"max_hp_loss":0,"event_name":"Shining Light","floor":8,"gold_loss":0,"cards_upgraded":["Strike_B","Reinforced Body"]},{"damage_healed":0,"gold_gain":0,"cards_transformed":["Defend_B","Strike_B"],"player_choice":"Became Test Subject","damage_taken":0,"max_hp_gain":0,"max_hp_loss":0,"event_name":"Drug Dealer","floor":19,"gold_loss":0,"cards_obtained":["Scrape","Electrodynamics"]},{"damage_healed":0,"gold_gain":0,"player_choice":"Obtained Book","damage_taken":16,"max_hp_gain":0,"max_hp_loss":0,"event_name":"Cursed Tome","floor":22,"gold_loss":0},{"damage_healed":0,"gold_gain":0,"player_choice":"Ignored","damage_taken":0,"max_hp_gain":0,"max_hp_loss":0,"event_name":"Vampires","floor":27,"gold_loss":0},{"damage_healed":0,"gold_gain":0,"player_choice":"Ignored","damage_taken":0,"max_hp_gain":0,"max_hp_loss":0,"event_name":"SecretPortal","floor":36,"gold_loss":0}],"is_beta":true,"boss_relics":[{"not_picked":["Eternal Feather","Tiny House"],"picked":"Velvet Choker"},{"not_picked":["Sozu","Lizard Tail"],"picked":"Inserter"}],"items_purged_floors":[11],"is_endless":false,"potions_floor_spawned":[1,7,16,20,23,38,39],"killed_by":"Reptomancer","ascension_level":3}