{"gold_per_floor":[217,231,243,56,72,72,97,97,97,113,141,141,141,154,154,228,228,247,19,37,50,67,67,67,86,86,86],"floor_reached":27,"playtime":1970,"items_purged":[],"score":454,"play_id":"32a6504c-75ea-4eed-b5d5-2dfc66adc705","local_time":"20190312021702","is_ascension_mode":true,"campfire_choices":[{"data":"Armaments","floor":6.0,"key":"SMITH"},{"data":"Bash","floor":8.0,"key":"SMITH"},{"data":"Havoc","floor":12,"key":"SMITH"},{"floor":15,"key":"REST"},{"floor":23,"key":"REST"}],"neow_cost":"NONE","seed_source_timestamp":0,"circlet_count":0,"master_deck":["AscendersBane","Strike_R","Strike_R","Strike_R","Strike_R","Strike_R","Defend_R","Defend_R","Defend_R","Defend_R","Bash+1","Havoc+1","Armaments+1","Pommel Strike","Spot Weakness","Immolate+1","Dropkick","Body Slam+1","Entrench","Wild Strike+1","Clothesline+1","Limit Break","Shrug It Off","Spot Weakness","Headbutt+1","Shrug It Off","Sword Boomerang+1"],"special_seed":0,"relics":["Burning Blood","Molten Egg 2","Sundial","Bottled Flame","Snecko Eye","DollysMirror","Kunai"],"potions_floor_usage":[11,16,16,20,20,20,22],"damage_taken":[{"damage":6.0,"enemies":"Cultist","floor":1.0,"turns":4.0},{"damage":4.0,"enemies":"2 Louse","floor":2.0,"turns":4.0},{"damage":5.0,"enemies":"Small Slimes","floor":3.0,"turns":4.0},{"damage":6.0,"enemies":"Looter","floor":5.0,"turns":2.0},{"damage":32.0,"enemies":"Lagavulin","floor":7.0,"turns":6.0},{"damage":26.0,"enemies":"Large Slime","floor":10.0,"turns":4.0},{"damage":0,"enemies":"3 Sentries","floor":11,"turns":4},{"damage":13,"enemies":"Exordium Thugs","floor":14,"turns":2},{"damage":14,"enemies":"Hexaghost","floor":16,"turns":7},{"damage":34,"enemies":"Chosen","floor":18,"turns":5},{"damage":12,"enemies":"2 Thieves","floor":20,"turns":3},{"damage":38,"enemies":"Snake Plant","floor":21,"turns":3},{"damage":0,"enemies":"Snecko","floor":22,"turns":3},{"damage":26,"enemies":"Centurion and Healer","floor":25,"turns":4},{"damage":28,"enemies":"Chosen and Byrds","floor":27,"turns":4}],"seed_played":"-8352917435481292653","potions_obtained":[{"floor":2.0,"key":"Dexterity Potion"},{"floor":5.0,"key":"EssenceOfSteel"},{"floor":10.0,"key":"AttackPotion"},{"floor":11,"key":"Energy Potion"},{"floor":14,"key":"Block Potion"},{"floor":18,"key":"EntropicBrew"},{"floor":21,"key":"Swift Potion"}],"is_trial":false,"path_per_floor":["M","M","M","$","M","R","E","R","T","M","E","R","?","M","R","B",null,"M","$","M","M","M","R","?","M","T","M"],"character_chosen":"IRONCLAD","items_purchased":["Spot Weakness","Immolate","DollysMirror"],"campfire_rested":2,"item_purchase_floors":[4,4,19],"current_hp_per_floor":[68,70,71,71,71,71,45,45,45,25,31,31,31,24,46,38,66,38,38,39,7,13,35,35,15,15,0],"gold":86,"neow_bonus":"HUNDRED_GOLD","is_prod":false,"is_daily":false,"chose_seed":false,"campfire_upgraded":3,"win_rate":0,"timestamp":1552353422,"path_taken":["M","M","?","$","M","R","E","R","T","?","E","R","?","M","R","BOSS","M","$","M","?","?","R","?","M","T","M"],"build_version":"2019-02-06","purchased_purges":0,"victory":false,"max_hp_per_floor":[75,75,75,75,75,75,75,75,75,75,75,75,75,75,75,75,75,75,75,75,75,75,75,75,75,75,75],"card_choices":[{"not_picked":["Warcry","Sword Boomerang"],"picked":"Havoc","floor":1.0},{"not_picked":["Entrench","Havoc"],"picked":"Armaments","floor":2.0},{"not_picked":["True Grit","Burning Pact"],"picked":"Pommel Strike","floor":3.0},{"not_picked":["Rampage","Havoc"],"picked":"Dropkick","floor":5.0},{"not_picked":["Sword Boomerang","Double Tap"],"picked":"Body Slam","floor":7.0},{"not_picked":["Cleave+1","Havoc"],"picked":"Entrench","floor":10.0},{"not_picked":["Berserk","Sentinel"],"picked":"Wild Strike+1","floor":11},{"not_picked":["Body Slam+1","Clash+1"],"picked":"Clothesline+1","floor":14},{"not_picked":["Berserk","Feed+1"],"picked":"Limit Break","floor":16},{"not_picked":["Cleave+1","Entrench"],"picked":"Shrug It Off","floor":18},{"not_picked":["Wild Strike+1","Clothesline+1"],"picked":"Headbutt+1","floor":20},{"not_picked":["Headbutt+1","Cleave+1"],"picked":"Shrug It Off","floor":21},{"not_picked":["Rage","Wild Strike+1","Havoc"],"picked":"SKIP","floor":22},{"not_picked":["Warcry","Pommel Strike+1"],"picked":"Sword Boomerang+1","floor":25}],"player_experience":199266,"relics_obtained":[{"floor":7.0,"key":"Molten Egg 2"},{"floor":9.0,"key":"Sundial"},{"floor":11,"key":"Bottled Flame"},{"floor":26,"key":"Kunai"}],"event_choices":[{"damage_healed":0,"gold_gain":0,"player_choice":"Upgraded","damage_taken":0,"max_hp_gain":0,"max_hp_loss":0,"event_name":"Upgrade Shrine","floor":13,"gold_loss":0,"cards_upgraded":["Immolate"]},{"damage_healed":0,"gold_gain":0,"player_choice":"Ignored","damage_taken":0,"max_hp_gain":0,"max_hp_loss":0,"event_name":"Vampires","floor":24,"gold_loss":0}],"is_beta":true,"boss_relics":[{"not_picked":["Sozu","Cursed Key"],"picked":"Snecko Eye"}],"items_purged_floors":[],"is_endless":false,"potions_floor_spawned":[2,5,10,11,14,18,21],"killed_by":"Chosen and Byrds","ascension_level":16}