{"gold_per_floor":[113,130,145,159,109,109,126,126,126,201,216,226,226,236,236,339,339,355,355,355,202,216,216,232,243,321,321,337,348,348,362,362,462,462,473,301,313,323,340,340],"floor_reached":40,"playtime":3372,"items_purged":["Strike_B","Strike_B"],"score":388,"play_id":"1bbceb2b-9898-4f46-9f41-a8728b16a725","local_time":"20190608210756","is_ascension_mode":false,"campfire_choices":[{"data":"Zap","floor":6.0,"key":"SMITH"},{"data":"Dualcast","floor":8.0,"key":"SMITH"},{"data":"Go for the Eyes","floor":15.0,"key":"SMITH"},{"data":"Seek","floor":23.0,"key":"SMITH"},{"data":"Self Repair","floor":30.0,"key":"SMITH"},{"floor":32.0,"key":"REST"}],"neow_cost":"NONE","seed_source_timestamp":0,"circlet_count":0,"master_deck":["Strike_B","Defend_B","Defend_B","Defend_B","Defend_B","Zap+1","Dualcast+1","Go for the Eyes+1","Cold Snap","Echo Form","Leap","Glacier","BootSequence","Seek+1","Cold Snap","Self Repair+1","Gash","Beam Cell+1","Gash","Gash+1","Buffer","Glacier+1","Parasite","Turbo"],"special_seed":0,"relics":["Runic Dome"],"potions_floor_usage":[],"damage_taken":[{"damage":0.0,"enemies":"2 Louse","floor":1.0,"turns":2.0},{"damage":1.0,"enemies":"Jaw Worm","floor":2.0,"turns":4.0},{"damage":0.0,"enemies":"Cultist","floor":3.0,"turns":3.0},{"damage":5.0,"enemies":"Blue Slaver","floor":4.0,"turns":3.0},{"damage":14.0,"enemies":"Lots of Slimes","floor":7.0,"turns":5.0},{"damage":6.0,"enemies":"3 Louse","floor":11.0,"turns":3.0},{"damage":0.0,"enemies":"Exordium Thugs","floor":12.0,"turns":4.0},{"damage":7.0,"enemies":"Large Slime","floor":14.0,"turns":8.0},{"damage":18.0,"enemies":"Hexaghost","floor":16.0,"turns":13.0},{"damage":11.0,"enemies":"Chosen","floor":18.0,"turns":7.0},{"damage":7.0,"enemies":"3 Byrds","floor":22.0,"turns":8.0},{"damage":6.0,"enemies":"Snake Plant","floor":24.0,"turns":8.0},{"damage":14.0,"enemies":"Chosen and Byrds","floor":25.0,"turns":9.0},{"damage":17.0,"enemies":"Shelled Parasite and Fungi","floor":28.0,"turns":6.0},{"damage":9.0,"enemies":"Sentry and Sphere","floor":29.0,"turns":8.0},{"damage":20.0,"enemies":"Cultist and Chosen","floor":31.0,"turns":8.0},{"damage":64.0,"enemies":"Champ","floor":33.0,"turns":15.0},{"damage":17,"enemies":"3 Darklings","floor":35,"turns":10},{"damage":0,"enemies":"3 Shapes","floor":37,"turns":8},{"damage":41,"enemies":"Spire Growth","floor":38,"turns":8},{"damage":21,"enemies":"Writhing Mass","floor":39,"turns":12},{"damage":68,"enemies":"Giant Head","floor":40,"turns":11}],"seed_played":"-9148890623764790479","potions_obtained":[{"floor":2.0,"key":"FocusPotion"},{"floor":3.0,"key":"Strength Potion"},{"floor":4.0,"key":"SpeedPotion"}],"is_trial":false,"path_per_floor":["M","M","M","M","?","R","M","R","T","?","M","M","T","M","R","B",null,"M","?","?","$","M","R","M","M","T","?","M","M","R","M","R","B",null,"M","$","M","M","M","E"],"character_chosen":"DEFECT","items_purchased":["Self Repair","FocusPotion"],"campfire_rested":1,"item_purchase_floors":[21,36],"current_hp_per_floor":[75,74,74,69,69,69,55,55,55,44,38,38,38,31,31,13,75,64,50,50,50,50,50,58,51,51,51,48,53,53,53,77,23,80,80,80,80,59,58,0],"gold":340,"neow_bonus":"BOSS_RELIC","is_prod":false,"is_daily":false,"chose_seed":false,"campfire_upgraded":5,"win_rate":0,"timestamp":1560053276,"path_taken":["M","M","M","M","?","R","M","R","T","?","M","?","?","M","R","BOSS","M","?","?","$","M","R","M","M","T","?","M","M","R","M","R","BOSS","M","$","M","M","?","E"],"build_version":"2019-01-23","purchased_purges":2,"victory":false,"max_hp_per_floor":[75,75,75,75,75,75,75,75,75,75,75,75,75,75,75,75,75,75,80,80,80,80,80,80,80,80,80,80,80,80,80,80,80,80,80,80,80,80,80,80],"card_choices":[{"not_picked":["Turbo","Stack"],"picked":"Go for the Eyes","floor":1.0},{"not_picked":["Hologram","Skim"],"picked":"Cold Snap","floor":2.0},{"not_picked":["Coolheaded","Rip and Tear"],"picked":"Echo Form","floor":3.0},{"not_picked":["Rebound","Turbo","Streamline"],"picked":"SKIP","floor":4.0},{"not_picked":["Recycle","Rebound","Hologram"],"picked":"SKIP","floor":7.0},{"not_picked":["Turbo","Skim"],"picked":"Leap","floor":11.0},{"not_picked":["Undo","White Noise"],"picked":"Glacier","floor":12.0},{"not_picked":["Steam Power","Blizzard"],"picked":"BootSequence","floor":14.0},{"not_picked":["Rainbow","Machine Learning"],"picked":"Seek","floor":16.0},{"not_picked":["Auto Shields+1","Aggregate"],"picked":"Cold Snap","floor":18.0},{"not_picked":["Rebound","Leap"],"picked":"Gash","floor":22.0},{"not_picked":["Coolheaded","Leap","Cold Snap"],"picked":"SKIP","floor":24.0},{"not_picked":["Coolheaded+1","Stack"],"picked":"Beam Cell+1","floor":25.0},{"not_picked":["Steam","Rip and Tear","Go for the Eyes+1"],"picked":"SKIP","floor":28.0},{"not_picked":["Reprogram","Double Energy","Auto Shields"],"picked":"SKIP","floor":29.0},{"not_picked":["Reinforced Body","Rainbow"],"picked":"Gash+1","floor":31.0},{"not_picked":["Machine Learning","Rainbow"],"picked":"Buffer","floor":33.0},{"not_picked":["Rip and Tear","Go for the Eyes+1","Undo+1"],"picked":"SKIP","floor":35},{"not_picked":["Conserve Battery+1","Hello World+1","Consume"],"picked":"SKIP","floor":37},{"not_picked":["Redo+1","Rebound+1"],"picked":"Glacier+1","floor":38},{"not_picked":["Loop","Steam"],"picked":"Turbo","floor":39}],"player_experience":1283035,"relics_obtained":[],"event_choices":[{"cards_removed":["Strike_B"],"damage_healed":0.0,"max_hp_gain":0.0,"max_hp_loss":0.0,"gold_gain":0.0,"event_name":"The Cleric","player_choice":"Card Removal","floor":5.0,"gold_loss":50.0,"damage_taken":0.0},{"damage_healed":0.0,"max_hp_gain":0.0,"max_hp_loss":0.0,"gold_gain":75.0,"event_name":"World of Goop","player_choice":"Gather Gold","floor":10.0,"gold_loss":0.0,"damage_taken":11.0},{"damage_healed":0.0,"max_hp_gain":5.0,"max_hp_loss":0.0,"gold_gain":0.0,"event_name":"Forgotten Altar","player_choice":"Shed Blood","floor":19.0,"gold_loss":0.0,"damage_taken":19.0},{"damage_healed":0.0,"max_hp_gain":0.0,"max_hp_loss":0.0,"gold_gain":0.0,"event_name":"Duplicator","player_choice":"Copied","floor":27.0,"gold_loss":0.0,"damage_taken":0.0,"cards_obtained":["Gash"]}],"is_beta":false,"boss_relics":[{"not_picked":["Orrery","Runic Pyramid","Pandora\u0027s Box"]},{"not_picked":["Philosopher\u0027s Stone","Busted Crown","White Beast Statue"]}],"items_purged_floors":[21,36],"is_endless":false,"potions_floor_spawned":[2,3,4,18,28,38,39],"killed_by":"Giant Head","ascension_level":0}