{"gold_per_floor":[110,110,130,149,149,149,176,206,299,324,336,359,371,444,456,542,554,582,594,620,644,202,202],"floor_reached":23,"playtime":1522,"items_purged":["Strike_G"],"score":357,"play_id":"a93e39c8-4866-48d5-be33-b3b249387b82","local_time":"20190220144337","is_ascension_mode":true,"campfire_choices":[{"floor":6.0,"key":"REST"},{"floor":11.0,"key":"REST"},{"data":"Bouncing Flask","floor":13.0,"key":"SMITH"},{"floor":15.0,"key":"REST"}],"neow_cost":"PERCENT_DAMAGE","seed_source_timestamp":0,"circlet_count":0,"master_deck":["AscendersBane","Defend_G","Defend_G","Defend_G+1","Defend_G","Strike_G","Strike_G","Strike_G","Strike_G","Survivor","Neutralize","Predator","Bouncing Flask+1","Backstab","Choke","Die Die Die","Dagger Spray","Corpse Explosion","Backflip+1"],"special_seed":0,"relics":["Ring of the Serpent","Ginger","MawBank","Ninja Scroll","Centennial Puzzle","Nilry\u0027s Codex","TwistedFunnel","War Paint"],"potions_floor_usage":[21,23],"damage_taken":[{"damage":7.0,"enemies":"Small Slimes","floor":1.0,"turns":5.0},{"damage":1.0,"enemies":"Cultist","floor":3.0,"turns":3.0},{"damage":0.0,"enemies":"2 Louse","floor":4.0,"turns":2.0},{"damage":23.0,"enemies":"Gremlin Nob","floor":7.0,"turns":5.0},{"damage":1.0,"enemies":"Blue Slaver","floor":8.0,"turns":3.0},{"damage":3.0,"enemies":"Exordium Thugs","floor":10.0,"turns":2.0},{"damage":4.0,"enemies":"2 Fungi Beasts","floor":12.0,"turns":2.0},{"damage":8.0,"enemies":"Gremlin Nob","floor":14.0,"turns":3.0},{"damage":61.0,"enemies":"Slime Boss","floor":16.0,"turns":9.0},{"damage":4.0,"enemies":"3 Byrds","floor":18.0,"turns":3.0},{"damage":19,"enemies":"Shell Parasite","floor":20,"turns":3},{"damage":19,"enemies":"Snake Plant","floor":21,"turns":4},{"damage":33,"enemies":"Book of Stabbing","floor":23,"turns":3}],"seed_played":"-3936108437472943112","potions_obtained":[{"floor":1.0,"key":"LiquidBronze"},{"floor":7.0,"key":"SneckoOil"},{"floor":12.0,"key":"Swift Potion"},{"floor":18.0,"key":"Energy Potion"},{"floor":20,"key":"Regen Potion"}],"is_trial":false,"path_per_floor":["M","?","M","M","T","R","E","M","T","M","R","M","R","?","R","B",null,"M","?","M","M","$","E"],"character_chosen":"THE_SILENT","items_purchased":["TwistedFunnel","War Paint"],"campfire_rested":3,"item_purchase_floors":[22,22],"current_hp_per_floor":[49,49,48,48,48,71,48,47,47,44,67,63,63,55,78,17,63,59,38,19,12,12,0],"gold":202,"neow_bonus":"TWENTY_PERCENT_HP_BONUS","is_prod":false,"is_daily":false,"chose_seed":false,"campfire_upgraded":1,"win_rate":0,"timestamp":1550691817,"path_taken":["M","?","M","?","?","R","E","M","T","M","R","M","R","?","R","BOSS","M","?","M","M","?","E"],"build_version":"2019-01-23","purchased_purges":1,"victory":false,"max_hp_per_floor":[78,78,78,78,78,78,78,78,78,78,78,78,78,78,78,78,78,78,78,78,78,78,78],"card_choices":[{"not_picked":["Well Laid Plans","Cloak And Dagger"],"picked":"Predator","floor":1.0},{"not_picked":["Blade Dance","Accuracy"],"picked":"Bouncing Flask","floor":3.0},{"not_picked":["Dagger Throw","Reflex","Eviscerate"],"picked":"SKIP","floor":4.0},{"not_picked":["Deflect","Finisher"],"picked":"Backstab","floor":7.0},{"not_picked":["Bullet Time","Sucker Punch"],"picked":"Choke","floor":8.0},{"not_picked":["PiercingWail","Outmaneuver","Quick Slash"],"picked":"SKIP","floor":10.0},{"not_picked":["Eviscerate","Underhanded Strike"],"picked":"Die Die Die","floor":12.0},{"not_picked":["Quick Slash","Acrobatics"],"picked":"Dagger Spray","floor":14.0},{"not_picked":["Tools of the Trade","Night Terror"],"picked":"Corpse Explosion","floor":16.0},{"not_picked":["Sucker Punch","Dagger Spray","Poisoned Stab"],"picked":"SKIP","floor":18.0},{"not_picked":["Deflect+1","Escape Plan","Slice"],"picked":"SKIP","floor":20},{"not_picked":["Expertise","Blade Dance"],"picked":"Backflip","floor":21}],"player_experience":332565,"relics_obtained":[{"floor":5.0,"key":"Ginger"},{"floor":7.0,"key":"MawBank"},{"floor":9.0,"key":"Ninja Scroll"},{"floor":19.0,"key":"Nilry\u0027s Codex"}],"event_choices":[{"cards_removed":["Defend_G"],"damage_healed":0.0,"max_hp_gain":0.0,"max_hp_loss":0.0,"gold_gain":0.0,"event_name":"Bonfire Elementals","player_choice":"Offered Basic","floor":2.0,"gold_loss":0.0,"damage_taken":0.0},{"damage_healed":0.0,"max_hp_gain":0.0,"max_hp_loss":0.0,"gold_gain":0.0,"event_name":"Dead Adventurer","player_choice":"Searched \u00272\u0027 times","floor":14.0,"gold_loss":0.0,"damage_taken":0.0,"relics_obtained":["Centennial Puzzle"]},{"damage_healed":0.0,"max_hp_gain":0.0,"max_hp_loss":0.0,"gold_gain":0.0,"event_name":"Cursed Tome","player_choice":"Obtained Book","floor":19.0,"gold_loss":0.0,"damage_taken":21.0}],"is_beta":false,"boss_relics":[{"not_picked":["Fusion Hammer","Runic Dome"],"picked":"Ring of the Serpent"}],"items_purged_floors":[22],"is_endless":false,"potions_floor_spawned":[1,7,12,14,18,20],"killed_by":"Book of Stabbing","ascension_level":17}