{"gold_per_floor":[118,68,80,97,97,97,110,110,164,164,182,209,57,82,82,82],"floor_reached":16,"playtime":613,"items_purged":[],"score":220,"play_id":"3ce3dbe8-9b62-46b8-ac2b-76c9fd2fabe1","local_time":"20181111003241","is_ascension_mode":true,"campfire_choices":[{"data":"Bash","floor":6,"key":"SMITH"},{"data":"Evolve","floor":8,"key":"SMITH"},{"data":"Rampage","floor":10,"key":"SMITH"},{"floor":15,"key":"REST"}],"neow_cost":"NONE","seed_source_timestamp":4400734079437685,"circlet_count":0,"master_deck":["AscendersBane","Strike_R","Strike_R","Strike_R+1","Strike_R+1","Defend_R","Defend_R","Defend_R","Defend_R","Bash+1","Reckless Charge","Clothesline","Evolve+1","Rampage+1","Iron Wave","Burning Pact","Reaper"],"relics":["Burning Blood","Ancient Tea Set","Bag of Marbles","Art of War","Whetstone"],"potions_floor_usage":[14,16],"damage_taken":[{"damage":11,"enemies":"Jaw Worm","floor":1,"turns":4},{"damage":1,"enemies":"Cultist","floor":3,"turns":3},{"damage":6,"enemies":"Small Slimes","floor":4,"turns":4},{"damage":23,"enemies":"Exordium Thugs","floor":7,"turns":6},{"damage":8,"enemies":"Blue Slaver","floor":11,"turns":4},{"damage":27,"enemies":"Gremlin Nob","floor":12,"turns":4},{"damage":29,"enemies":"3 Sentries","floor":14,"turns":8},{"damage":42,"enemies":"Hexaghost","floor":16,"turns":9}],"seed_played":"-8795259704362108836","potions_obtained":[{"floor":1,"key":"Dexterity Potion"},{"floor":7,"key":"EssenceOfSteel"}],"is_trial":false,"path_per_floor":["M","$","M","M","?","R","M","R","T","R","M","E","$","E","R","B"],"character_chosen":"IRONCLAD","items_purchased":["Clothesline","Reaper"],"campfire_rested":1,"item_purchase_floors":[2,13],"current_hp_per_floor":[63,63,68,68,68,68,51,51,51,51,49,28,28,9,31,0],"gold":82,"neow_bonus":"RANDOM_COMMON_RELIC","is_prod":false,"is_daily":false,"chose_seed":false,"campfire_upgraded":3,"win_rate":0,"timestamp":1541925161,"path_taken":["M","$","M","M","?","R","?","R","T","R","M","E","?","E","R","BOSS"],"build_version":"2018-11-08","purchased_purges":0,"victory":false,"max_hp_per_floor":[75,75,75,75,75,75,75,75,75,75,75,75,75,75,75,75],"card_choices":[{"not_picked":["Power Through","Heavy Blade"],"picked":"Reckless Charge","floor":1},{"not_picked":["Wild Strike","Armaments"],"picked":"Evolve","floor":3},{"not_picked":["Body Slam","Flex"],"picked":"Rampage","floor":4},{"not_picked":["Clothesline","Twin Strike"],"picked":"Burning Pact","floor":7},{"not_picked":["Sword Boomerang","Body Slam","Seeing Red"],"picked":"SKIP","floor":11},{"not_picked":["Thunderclap","Uppercut","Anger"],"picked":"SKIP","floor":12},{"not_picked":["Clash","Burning Pact","Rupture"],"picked":"SKIP","floor":14}],"player_experience":1059941,"relics_obtained":[{"floor":9,"key":"Bag of Marbles"},{"floor":12,"key":"Art of War"},{"floor":14,"key":"Whetstone"}],"event_choices":[{"damage_healed":0,"gold_gain":0,"cards_transformed":["Strike_R"],"player_choice":"Transformed","damage_taken":0,"max_hp_gain":0,"max_hp_loss":0,"event_name":"Transmorgrifier","floor":5,"gold_loss":0,"cards_obtained":["Iron Wave"]}],"is_beta":true,"boss_relics":[],"items_purged_floors":[],"is_endless":false,"potions_floor_spawned":[1,7,12],"killed_by":"Hexaghost","ascension_level":20}