{"gold_per_floor":[114,289,289,8,27,27,61,9,9,9,38,38,49,59,59,160,160,174,193,205,222,13,13,40,40,115,115,25,25,55,55,55,55],"floor_reached":33,"playtime":2275,"items_purged":[],"score":466,"play_id":"e0f356d3-4875-44a1-81e1-4f0e1e21e70b","local_time":"20190311154057","is_ascension_mode":true,"campfire_choices":[{"floor":6,"key":"DIG"},{"floor":10,"key":"REST"},{"data":"Bash","floor":12,"key":"SMITH"},{"data":"Immolate","floor":15,"key":"SMITH"},{"data":"Flame Barrier","floor":23,"key":"SMITH"},{"floor":25,"key":"REST"},{"floor":29,"key":"REST"},{"floor":32,"key":"DIG"}],"neow_cost":"TEN_PERCENT_HP_LOSS","seed_source_timestamp":130000405206213,"circlet_count":0,"master_deck":["AscendersBane","Strike_R","Strike_R","Strike_R","Strike_R","Defend_R","Defend_R","Defend_R","Defend_R+1","Bash+1","Headbutt","Anger","Battle Trance","Flame Barrier+1","Armaments","Immolate+1","Demon Form+1","Metallicize+1","Uppercut","Feed","Limit Break","Clothesline+1","Iron Wave"],"relics":["Burning Blood","Shovel","Ornamental Fan","Frozen Egg 2","Centennial Puzzle","Question Card","Self Forming Clay","Velvet Choker","Potion Belt","Meat on the Bone","Juzu Bracelet","Orichalcum"],"potions_floor_usage":[11,16,19,20,21,24,30],"damage_taken":[{"damage":7,"enemies":"Small Slimes","floor":1,"turns":3},{"damage":8,"enemies":"Jaw Worm","floor":5,"turns":3},{"damage":26,"enemies":"Lagavulin","floor":7,"turns":6},{"damage":2,"enemies":"Gremlin Nob","floor":11,"turns":3},{"damage":6,"enemies":"Cultist","floor":13,"turns":3},{"damage":4,"enemies":"3 Louse","floor":14,"turns":2},{"damage":31,"enemies":"Slime Boss","floor":16,"turns":10},{"damage":0,"enemies":"Chosen","floor":18,"turns":4},{"damage":7,"enemies":"3 Byrds","floor":19,"turns":4},{"damage":5,"enemies":"Centurion and Healer","floor":20,"turns":6},{"damage":20,"enemies":"Snake Plant","floor":21,"turns":2},{"damage":36,"enemies":"Book of Stabbing","floor":24,"turns":7},{"damage":43,"enemies":"Slavers","floor":30,"turns":6},{"damage":59,"enemies":"Collector","floor":33,"turns":7}],"seed_played":"4340973233616320133","potions_obtained":[{"floor":7,"key":"Energy Potion"},{"floor":16,"key":"AttackPotion"},{"floor":18,"key":"GamblersBrew"},{"floor":20,"key":"Poison Potion"},{"floor":24,"key":"Dexterity Potion"},{"floor":30,"key":"SmokeBomb"}],"is_trial":false,"path_per_floor":["M","?","?","$","M","R","E","$","T","R","E","R","M","M","R","B",null,"M","M","M","M","$","R","E","R","T","?","?","R","E","?","R","B"],"character_chosen":"IRONCLAD","items_purchased":["Ornamental Fan","Anger","Dexterity Potion","Limit Break","Dexterity Potion"],"campfire_rested":3,"item_purchase_floors":[4,4,8,22,22],"current_hp_per_floor":[71,71,64,64,62,62,42,42,42,63,67,67,67,69,69,44,65,71,70,71,57,57,57,31,53,53,39,39,63,41,46,46,0],"gold":55,"neow_bonus":"ONE_RARE_RELIC","is_prod":false,"is_daily":false,"chose_seed":false,"campfire_upgraded":3,"win_rate":0,"timestamp":1552315257,"path_taken":["M","?","?","$","M","R","E","?","T","R","E","R","M","M","R","BOSS","M","M","M","?","$","R","E","R","T","?","?","R","E","?","R","BOSS"],"build_version":"2019-02-06","purchased_purges":0,"victory":false,"max_hp_per_floor":[72,72,72,72,72,72,72,72,72,72,72,72,72,72,72,72,72,72,72,72,72,72,72,76,76,76,81,81,81,84,84,84,84],"card_choices":[{"not_picked":["Havoc","Perfected Strike"],"picked":"Headbutt","floor":1},{"not_picked":["Thunderclap","Heavy Blade"],"picked":"Clothesline","floor":5},{"not_picked":["Sever Soul","Warcry"],"picked":"Battle Trance","floor":7},{"not_picked":["Reckless Charge","Blood for Blood","Iron Wave"],"picked":"Flame Barrier","floor":11},{"not_picked":["Combust+1","Hemokinesis","Rupture+1"],"picked":"Armaments","floor":13},{"not_picked":["Corruption+1","Flex","Body Slam"],"picked":"Immolate","floor":14},{"not_picked":["Feed","Dark Embrace+1","Immolate"],"picked":"Demon Form+1","floor":16},{"not_picked":["Warcry+1","True Grit","Clothesline"],"picked":"Metallicize+1","floor":18},{"not_picked":["Entrench","Thunderclap","Wild Strike","Rampage"],"picked":"SKIP","floor":19},{"not_picked":["Sword Boomerang","Cleave","Wild Strike"],"picked":"Uppercut","floor":20},{"not_picked":["Clash","Perfected Strike","Pummel"],"picked":"Feed","floor":21},{"not_picked":["Thunderclap","Warcry","Sentinel+1"],"picked":"Clothesline+1","floor":24},{"not_picked":["Uppercut","Wild Strike","Intimidate"],"picked":"Iron Wave","floor":30}],"player_experience":163323,"relics_obtained":[{"floor":6,"key":"Frozen Egg 2"},{"floor":7,"key":"Centennial Puzzle"},{"floor":9,"key":"Question Card"},{"floor":11,"key":"Self Forming Clay"},{"floor":24,"key":"Potion Belt"},{"floor":26,"key":"Meat on the Bone"},{"floor":30,"key":"Juzu Bracelet"},{"floor":32,"key":"Orichalcum"}],"event_choices":[{"damage_healed":0,"gold_gain":175,"player_choice":"AGREE","damage_taken":0,"max_hp_gain":0,"max_hp_loss":0,"event_name":"Liars Game","floor":2,"gold_loss":0,"cards_obtained":["Doubt"]},{"cards_removed":["Doubt"],"damage_healed":0,"gold_gain":0,"player_choice":"Card Removal","damage_taken":7,"max_hp_gain":0,"max_hp_loss":0,"event_name":"Golden Wing","floor":3,"gold_loss":0},{"damage_healed":0,"gold_gain":0,"player_choice":"Shed Blood","damage_taken":19,"max_hp_gain":5,"max_hp_loss":0,"event_name":"Forgotten Altar","floor":27,"gold_loss":0},{"cards_removed":["Strike_R"],"damage_healed":0,"gold_gain":0,"player_choice":"Upgrade and Remove","damage_taken":0,"max_hp_gain":0,"max_hp_loss":0,"event_name":"Designer","floor":28,"gold_loss":90,"cards_upgraded":["Defend_R"]},{"cards_removed":["Clothesline"],"damage_healed":5,"gold_gain":0,"player_choice":"Offered Common","damage_taken":0,"max_hp_gain":0,"max_hp_loss":0,"event_name":"Bonfire Elementals","floor":31,"gold_loss":0},{"cards_removed":["Clothesline"],"damage_healed":5,"gold_gain":0,"player_choice":"Offered Special","damage_taken":0,"max_hp_gain":0,"max_hp_loss":0,"event_name":"Bonfire Elementals","floor":31,"gold_loss":0}],"is_beta":true,"boss_relics":[{"not_picked":["Pandora\u0027s Box","Busted Crown"],"picked":"Velvet Choker"}],"items_purged_floors":[],"is_endless":false,"potions_floor_spawned":[7,16,18,20,24,30],"killed_by":"Collector","ascension_level":12}