{"gold_per_floor":[109,119,119,133,151,151,151,151,232,244,262,262,262,280,280,357,357,368,26,26,26,26,26],"floor_reached":23,"playtime":1032,"items_purged":["Regret"],"score":353,"play_id":"339ca606-ae83-49fb-b366-2fdf0aba2020","local_time":"20190830131753","is_ascension_mode":true,"campfire_choices":[{"data":"Anger","floor":6.0,"key":"SMITH"},{"data":"Bash","floor":13.0,"key":"SMITH"},{"data":"Iron Wave","floor":15,"key":"SMITH"}],"neow_cost":"NONE","seed_source_timestamp":0,"circlet_count":0,"master_deck":["AscendersBane","Strike_R","Strike_R","Strike_R","Strike_R","Defend_R","Defend_R","Defend_R","Defend_R","Bash+1","Offering","Cleave","Exhume","Anger+1","Offering","Feel No Pain","Iron Wave+1","Immolate","Flame Barrier","Writhe"],"special_seed":0,"relics":["Burning Blood","Red Skull","Paper Frog","Snecko Eye","Ornamental Fan","Enchiridion","Question Card"],"potions_floor_usage":[18],"damage_taken":[{"damage":7.0,"enemies":"2 Louse","floor":1.0,"turns":3.0},{"damage":7.0,"enemies":"Cultist","floor":2.0,"turns":3.0},{"damage":10.0,"enemies":"Small Slimes","floor":4.0,"turns":4.0},{"damage":12.0,"enemies":"Looter","floor":5.0,"turns":2.0},{"damage":19.0,"enemies":"Large Slime","floor":10.0,"turns":2.0},{"damage":7.0,"enemies":"2 Fungi Beasts","floor":11.0,"turns":3.0},{"damage":6,"enemies":"Blue Slaver","floor":14,"turns":2},{"damage":37,"enemies":"Hexaghost","floor":16,"turns":6},{"damage":34,"enemies":"3 Byrds","floor":18,"turns":2},{"damage":12,"enemies":"2 Thieves","floor":23,"turns":1}],"seed_played":"3788945314871285243","potions_obtained":[{"floor":2.0,"key":"SmokeBomb"},{"floor":5.0,"key":"FearPotion"},{"floor":11.0,"key":"LiquidBronze"},{"floor":14,"key":"LiquidBronze"},{"floor":18,"key":"Strength Potion"}],"is_trial":false,"path_per_floor":["M","M","?","M","M","R","?","?","T","M","M","?","R","M","R","B",null,"M","$","?","?","$","M"],"character_chosen":"IRONCLAD","items_purchased":["Ornamental Fan"],"campfire_rested":0,"item_purchase_floors":[19],"current_hp_per_floor":[67,66,66,62,56,56,56,56,56,43,42,42,42,42,42,11,59,31,31,10,10,10,0],"gold":26,"neow_bonus":"ONE_RANDOM_RARE_CARD","is_prod":false,"is_daily":false,"chose_seed":false,"campfire_upgraded":3,"win_rate":0,"timestamp":1567185473,"path_taken":["M","M","?","?","M","R","?","?","T","M","M","?","R","M","R","BOSS","M","$","?","?","?","M"],"build_version":"2019-07-17","purchased_purges":1,"victory":false,"max_hp_per_floor":[75,75,75,75,75,75,75,75,75,75,75,75,75,75,75,75,75,75,75,75,75,75,75],"card_choices":[{"not_picked":["Clash","Headbutt"],"picked":"Cleave","floor":1.0},{"not_picked":["Reckless Charge","Cleave"],"picked":"Exhume","floor":2.0},{"not_picked":["Rage","Flex"],"picked":"Anger","floor":4.0},{"not_picked":["Body Slam","Metallicize","Seeing Red"],"picked":"SKIP","floor":5.0},{"not_picked":["Rage","Twin Strike"],"picked":"Offering","floor":10.0},{"not_picked":["Perfected Strike","Anger"],"picked":"Feel No Pain","floor":11.0},{"not_picked":["Headbutt","Anger"],"picked":"Iron Wave","floor":14},{"not_picked":["Double Tap","Fiend Fire"],"picked":"Immolate","floor":16},{"not_picked":["Clash","Intimidate"],"picked":"Flame Barrier","floor":18}],"player_experience":751883,"relics_obtained":[{"floor":9.0,"key":"Paper Frog"},{"floor":20,"key":"Enchiridion"}],"event_choices":[{"cards_removed":["Strike_R"],"damage_healed":0.0,"max_hp_gain":0.0,"max_hp_loss":0.0,"gold_gain":0.0,"event_name":"Bonfire Elementals","player_choice":"Offered Basic","floor":3.0,"gold_loss":0.0,"damage_taken":0.0},{"damage_healed":0.0,"max_hp_gain":0.0,"max_hp_loss":0.0,"gold_gain":0.0,"event_name":"Big Fish","player_choice":"Box","floor":7.0,"gold_loss":0.0,"damage_taken":0.0,"relics_obtained":["Red Skull"],"cards_obtained":["Regret"]},{"damage_healed":0.0,"max_hp_gain":0.0,"max_hp_loss":0.0,"gold_gain":0.0,"event_name":"Dead Adventurer","player_choice":"Searched \u00271\u0027 times","floor":8.0,"gold_loss":0.0,"damage_taken":0.0},{"damage_healed":0.0,"max_hp_gain":0.0,"max_hp_loss":0.0,"gold_gain":0.0,"event_name":"Liars Game","player_choice":"Ignored","floor":12.0,"gold_loss":0.0,"damage_taken":0.0},{"damage_healed":0,"gold_gain":0,"player_choice":"Obtained Book","damage_taken":21,"max_hp_gain":0,"max_hp_loss":0,"event_name":"Cursed Tome","floor":20,"gold_loss":0},{"damage_healed":0,"gold_gain":0,"player_choice":"Opened","damage_taken":0,"relics_obtained":["Question Card"],"max_hp_gain":0,"max_hp_loss":0,"event_name":"The Mausoleum","floor":21,"gold_loss":0,"cards_obtained":["Writhe"]}],"is_beta":false,"boss_relics":[{"not_picked":["Orrery","Black Star"],"picked":"Snecko Eye"}],"items_purged_floors":[19],"is_endless":false,"potions_floor_spawned":[2,5,11,14,18],"killed_by":"2 Thieves","ascension_level":19}