{"gold_per_floor":[116,129,142,158,2,2,2,2,73,113,38,54,54,88,88,177,177,191,111,111,61,84,84,84,103,129,129,129,147,147,161,161,255,255,269,26,45,45,45,45,78,98,98,98,119,135,135,154,154,154],"floor_reached":51,"playtime":3621,"items_purged":["Strike_G+1"],"score":1225,"play_id":"c065a99c-4147-4da1-a000-0251c4b69bc4","local_time":"20181026010046","is_ascension_mode":true,"campfire_choices":[{"data":"Neutralize","floor":6,"key":"SMITH"},{"data":"Malaise","floor":8,"key":"SMITH"},{"data":"After Image","floor":13,"key":"SMITH"},{"data":"Footwork","floor":15,"key":"SMITH"},{"data":"Noxious Fumes","floor":23,"key":"SMITH"},{"floor":27,"key":"REST"},{"floor":32,"key":"REST"},{"floor":44,"key":"REST"},{"floor":47,"key":"REST"},{"floor":49,"key":"REST"}],"neow_cost":"NONE","seed_source_timestamp":3013401260317739,"circlet_count":0,"master_deck":["Defend_G+1","Defend_G+1","Defend_G+1","Defend_G+1","Defend_G+1","Strike_G+1","Strike_G+1","Survivor","Neutralize+1","AscendersBane","Flying Knee","Deflect","Heel Hook","Crippling Poison","Malaise+1","Footwork+1","After Image+1","Infinite Blades","Glass Knife","Noxious Fumes+1","Footwork+1","PiercingWail","Backflip","Well Laid Plans","Deadly Poison+1","Noxious Fumes","Corpse Explosion","Underhanded Strike","Catalyst","Leg Sweep","Dash+1"],"relics":["Ring of the Serpent","Golden Idol","Ninja Scroll","Strawberry","Question Card","Nilry\u0027s Codex","Boot","Snecko Eye","Snake Skull","Centennial Puzzle","Mango"],"potions_floor_usage":[10,16,45,50,50],"damage_taken":[{"damage":4,"enemies":"Small Slimes","floor":1,"turns":4},{"damage":0,"enemies":"2 Louse","floor":2,"turns":6},{"damage":1,"enemies":"Cultist","floor":3,"turns":4},{"damage":1,"enemies":"Blue Slaver","floor":4,"turns":5},{"damage":11,"enemies":"3 Sentries","floor":10,"turns":10},{"damage":6,"enemies":"3 Louse","floor":12,"turns":3},{"damage":15,"enemies":"Lagavulin","floor":14,"turns":14},{"damage":5,"enemies":"Hexaghost","floor":16,"turns":16},{"damage":1,"enemies":"3 Byrds","floor":18,"turns":8},{"damage":10,"enemies":"Spheric Guardian","floor":22,"turns":7},{"damage":9,"enemies":"Chosen and Byrds","floor":25,"turns":9},{"damage":12,"enemies":"Colosseum Slavers","floor":28,"turns":6},{"damage":5,"enemies":"Snake Plant","floor":29,"turns":6},{"damage":9,"enemies":"Shelled Parasite and Fungi","floor":31,"turns":7},{"damage":7,"enemies":"Champ","floor":33,"turns":13},{"damage":6,"enemies":"Orb Walker","floor":35,"turns":4},{"damage":0,"enemies":"3 Shapes","floor":37,"turns":3},{"damage":11,"enemies":"Giant Head","floor":41,"turns":10},{"damage":27,"enemies":"3 Darklings","floor":42,"turns":5},{"damage":23,"enemies":"Writhing Mass","floor":45,"turns":8},{"damage":3,"enemies":"4 Shapes","floor":46,"turns":5},{"damage":2,"enemies":"Spire Growth","floor":48,"turns":7},{"damage":24,"enemies":"Donu and Deca","floor":50,"turns":6}],"seed_played":"5178900808857479667","potions_obtained":[{"floor":2,"key":"Weak Potion"},{"floor":4,"key":"Explosive Potion"},{"floor":10,"key":"GamblersBrew"},{"floor":14,"key":"LiquidBronze"},{"floor":22,"key":"SpeedPotion"},{"floor":45,"key":"LiquidBronze"}],"is_trial":false,"path_per_floor":["M","M","M","M","$","R","?","R","T","E","?","M","R","E","R","B",null,"M","$","?","$","M","R","?","M","T","R","?","M","?","M","R","B",null,"M","$","M","?","?","?","E","M","T","R","M","M","R","M","R","B"],"character_chosen":"THE_SILENT","items_purchased":["Malaise","Caltrops","PiercingWail","Snake Skull"],"campfire_rested":5,"item_purchase_floors":[5,19,21,36],"current_hp_per_floor":[55,55,54,53,53,53,53,53,53,49,49,43,43,28,28,23,56,55,55,55,55,45,45,24,15,15,35,23,18,18,9,29,22,56,50,50,50,50,50,50,39,12,26,49,26,23,46,44,67,43],"gold":154,"neow_bonus":"REMOVE_CARD","is_prod":false,"is_daily":false,"chose_seed":false,"campfire_upgraded":5,"win_rate":0,"timestamp":1540540846,"path_taken":["M","M","M","M","$","R","?","R","T","E","?","M","R","E","R","BOSS","M","$","?","$","M","R","?","M","T","R","?","M","?","M","R","BOSS","M","$","M","?","?","?","E","M","T","R","M","M","R","M","R","BOSS"],"build_version":"2018-10-25v2","purchased_purges":1,"victory":true,"max_hp_per_floor":[66,66,66,66,66,66,60,60,60,67,67,67,67,67,67,67,67,67,67,67,67,67,67,67,67,67,67,67,67,67,67,67,67,67,67,67,67,67,67,64,64,64,78,78,78,78,78,78,78,78],"card_choices":[{"not_picked":["Caltrops","Acrobatics"],"picked":"Flying Knee","floor":1},{"not_picked":["Prepared","Calculated Gamble"],"picked":"Deflect","floor":2},{"not_picked":["Choke","Deflect"],"picked":"Heel Hook","floor":3},{"not_picked":["Blur","Bane"],"picked":"Crippling Poison","floor":4},{"not_picked":["Dodge and Roll","Accuracy"],"picked":"Footwork","floor":10},{"not_picked":["Deadly Poison","Footwork"],"picked":"After Image","floor":12},{"not_picked":["Heel Hook","Outmaneuver"],"picked":"Infinite Blades","floor":14},{"not_picked":["Tools of the Trade","Burst","Doppelganger"],"picked":"Glass Knife","floor":16},{"not_picked":["Reflex+1","Finisher","Blur"],"picked":"Noxious Fumes","floor":18},{"not_picked":["Finisher","Outmaneuver","Acrobatics"],"picked":"Backflip","floor":22},{"not_picked":["Flying Knee+1","Dagger Throw+1","Caltrops"],"picked":"Well Laid Plans","floor":25},{"not_picked":["Caltrops","Heel Hook","Outmaneuver"],"picked":"Deadly Poison+1","floor":29},{"not_picked":["Dodge and Roll","Acrobatics","Finisher"],"picked":"Noxious Fumes","floor":31},{"not_picked":["Malaise","Phantasmal Killer","Unload"],"picked":"Corpse Explosion","floor":33},{"not_picked":["Dagger Throw","Backstab","Concentrate"],"picked":"Underhanded Strike","floor":35},{"not_picked":["Flying Knee","Blur","Heel Hook","Deadly Poison"],"picked":"SKIP","floor":37},{"not_picked":["Flying Knee","Endless Agony+1","Noxious Fumes+1"],"picked":"Catalyst","floor":41},{"not_picked":["Masterful Stab+1","Dash","Reflex"],"picked":"Leg Sweep","floor":42},{"not_picked":["Flechettes","Escape Plan+1","Dagger Spray+1","Cloak And Dagger"],"picked":"SKIP","floor":45},{"not_picked":["Bane+1","PiercingWail","Heel Hook","Dagger Throw"],"picked":"SKIP","floor":46},{"not_picked":["Escape Plan","Riddle With Holes","Deflect+1"],"picked":"Dash+1","floor":48}],"player_experience":1005399,"relics_obtained":[{"floor":9,"key":"Ninja Scroll"},{"floor":10,"key":"Strawberry"},{"floor":14,"key":"Question Card"},{"floor":24,"key":"Nilry\u0027s Codex"},{"floor":26,"key":"Boot"},{"floor":41,"key":"Centennial Puzzle"},{"floor":43,"key":"Mango"}],"event_choices":[{"damage_healed":0,"gold_gain":0,"player_choice":"Lose Max HP","damage_taken":0,"relics_obtained":["Golden Idol"],"max_hp_gain":0,"max_hp_loss":6,"event_name":"Golden Idol","floor":7,"gold_loss":0},{"cards_removed":["Strike_G"],"damage_healed":0,"gold_gain":0,"player_choice":"Card Removal","damage_taken":0,"max_hp_gain":0,"max_hp_loss":0,"event_name":"The Cleric","floor":11,"gold_loss":75},{"damage_healed":0,"gold_gain":0,"player_choice":"Copied","damage_taken":0,"max_hp_gain":0,"max_hp_loss":0,"event_name":"Duplicator","floor":20,"gold_loss":0,"cards_obtained":["Footwork"]},{"damage_healed":0,"gold_gain":0,"player_choice":"Obtained Book","damage_taken":21,"max_hp_gain":0,"max_hp_loss":0,"event_name":"Cursed Tome","floor":24,"gold_loss":0},{"damage_healed":0,"gold_gain":0,"player_choice":"Fight","damage_taken":0,"max_hp_gain":0,"max_hp_loss":0,"event_name":"Colosseum","floor":28,"gold_loss":0},{"damage_healed":0,"gold_gain":0,"player_choice":"Fled From Nobs","damage_taken":0,"max_hp_gain":0,"max_hp_loss":0,"event_name":"Colosseum","floor":28,"gold_loss":0},{"damage_healed":0,"gold_gain":0,"player_choice":"Simplicity","damage_taken":0,"max_hp_gain":0,"max_hp_loss":0,"event_name":"Back to Basics","floor":30,"gold_loss":0,"cards_upgraded":["Defend_G","Defend_G","Defend_G","Defend_G","Defend_G","Strike_G","Strike_G","Strike_G"]},{"cards_removed":["Caltrops"],"damage_healed":0,"gold_gain":0,"player_choice":"Removed Power","damage_taken":0,"max_hp_gain":0,"max_hp_loss":0,"event_name":"Falling","floor":38,"gold_loss":0},{"damage_healed":0,"gold_gain":0,"player_choice":"Ignored","damage_taken":0,"max_hp_gain":0,"max_hp_loss":0,"event_name":"Mysterious Sphere","floor":39,"gold_loss":0},{"damage_healed":0,"gold_gain":0,"player_choice":"Max HP","damage_taken":0,"max_hp_gain":0,"max_hp_loss":3,"event_name":"Winding Halls","floor":40,"gold_loss":0}],"is_beta":true,"boss_relics":[{"not_picked":["Calling Bell","Coffee Dripper"],"picked":"Ring of the Serpent"},{"not_picked":["Black Star","Runic Dome"],"picked":"Snecko Eye"}],"items_purged_floors":[36],"is_endless":false,"potions_floor_spawned":[2,4,10,14,22,28,29,31,33,45,46,48],"ascension_level":17}