{"gold_per_floor":[112,112,112,37,37,37,63,74,74,24,35,53,71,98,98,196,196,214,226,141,152,169,24,24,59,59,59,59,59,94,44,44,145,145,157,157,0,15,35,70,70,70,95,137,49,149,149,165,165,165],"floor_reached":50,"playtime":4358,"items_purged":["Defend_G","Defend_G"],"score":925,"play_id":"5b781b4d-4fbf-4641-b76b-0c7ccadb507e","local_time":"20181228034622","is_ascension_mode":true,"campfire_choices":[{"data":"Neutralize","floor":6.0,"key":"SMITH"},{"floor":15.0,"key":"REST"},{"floor":24.0,"key":"REST"},{"data":"Bullet Time","floor":32,"key":"SMITH"},{"data":"Madness","floor":41,"key":"SMITH"},{"data":"Doppelganger","floor":49,"key":"SMITH"}],"neow_cost":"NONE","seed_source_timestamp":0,"circlet_count":0,"master_deck":["Defend_G","Defend_G+1","Defend_G","Strike_G","Strike_G","Strike_G","Survivor+1","Neutralize+1","Cloak And Dagger+1","Leg Sweep","Dagger Spray","Backflip","Cloak And Dagger","Heel Hook","Bullet Time+1","Blur","Riddle With Holes+1","Backflip+1","Heel Hook","Malaise","Doppelganger+1","Madness+1","Madness","Distraction+1","Dash+1","Leg Sweep+1","All Out Attack","Caltrops+1","Enlightenment","Violence","Escape Plan+1"],"special_seed":0,"relics":["Ring of the Snake","Potion Belt","Matryoshka","Bronze Scales","WristBlade","Dead Branch","PreservedInsect","Pocketwatch","Juzu Bracelet","Calipers","Enchiridion","Anchor","Bottled Flame","Ornamental Fan","White Beast Statue","Red Mask","Boot","MawBank","StoneCalendar","Unceasing Top"],"potions_floor_usage":[25,30,35,40,44,48,48,50],"damage_taken":[{"damage":0.0,"enemies":"Cultist","floor":1.0,"turns":4.0},{"damage":42.0,"enemies":"Gremlin Nob","floor":7.0,"turns":6.0},{"damage":0.0,"enemies":"2 Louse","floor":8.0,"turns":3.0},{"damage":0.0,"enemies":"Jaw Worm","floor":11.0,"turns":4.0},{"damage":0.0,"enemies":"Red Slaver","floor":12.0,"turns":4.0},{"damage":3.0,"enemies":"Exordium Thugs","floor":13.0,"turns":6.0},{"damage":22.0,"enemies":"Lagavulin","floor":14.0,"turns":12.0},{"damage":10.0,"enemies":"The Guardian","floor":16.0,"turns":13.0},{"damage":2.0,"enemies":"Shell Parasite","floor":18.0,"turns":7.0},{"damage":0.0,"enemies":"3 Byrds","floor":19.0,"turns":4.0},{"damage":37.0,"enemies":"Sentry and Sphere","floor":21.0,"turns":6.0},{"damage":5.0,"enemies":"3 Cultists","floor":22.0,"turns":5.0},{"damage":9,"enemies":"Slavers","floor":25,"turns":3},{"damage":0,"enemies":"Book of Stabbing","floor":30,"turns":4},{"damage":23,"enemies":"Champ","floor":33,"turns":11},{"damage":23,"enemies":"3 Darklings","floor":35,"turns":3},{"damage":2,"enemies":"3 Shapes","floor":38,"turns":5},{"damage":0,"enemies":"Maw","floor":39,"turns":7},{"damage":0,"enemies":"Reptomancer","floor":40,"turns":7},{"damage":0,"enemies":"Nemesis","floor":44,"turns":4},{"damage":0,"enemies":"Mind Bloom Boss Battle","floor":46,"turns":7},{"damage":0,"enemies":"Transient","floor":48,"turns":5},{"damage":29,"enemies":"Time Eater","floor":50,"turns":4}],"seed_played":"5849465643090844069","potions_obtained":[{"floor":11.0,"key":"LiquidBronze"},{"floor":12.0,"key":"Energy Potion"},{"floor":13.0,"key":"Explosive Potion"},{"floor":22.0,"key":"Swift Potion"},{"floor":25,"key":"LiquidBronze"},{"floor":33,"key":"Regen Potion"},{"floor":35,"key":"Swift Potion"},{"floor":38,"key":"SpeedPotion"},{"floor":39,"key":"Fire Potion"},{"floor":40,"key":"SteroidPotion"},{"floor":44,"key":"Block Potion"},{"floor":46,"key":"SneckoOil"},{"floor":48,"key":"Poison Potion"}],"is_trial":false,"path_per_floor":["M","?","?","$","?","R","E","M","T","$","M","M","M","E","R","B",null,"M","M","?","M","M","$","R","E","T","?","?","T","E","?","R","B",null,"M","?","?","M","M","E","R","?","T","E","$","?","?","M","R","B"],"character_chosen":"THE_SILENT","items_purchased":["Dagger Spray","PreservedInsect"],"campfire_rested":2,"item_purchase_floors":[10,23],"current_hp_per_floor":[63,63,49,49,70,70,28,28,28,28,28,28,25,3,24,14,56,54,54,54,17,12,12,33,24,24,8,31,31,31,31,31,8,55,37,28,28,26,26,26,26,26,26,26,26,26,21,21,21,0],"gold":165,"neow_bonus":"TRANSFORM_CARD","is_prod":false,"is_daily":false,"chose_seed":false,"campfire_upgraded":4,"win_rate":0,"timestamp":1545986782,"path_taken":["M","?","?","$","?","R","E","?","T","?","M","M","M","E","R","BOSS","M","M","?","M","M","$","R","E","T","?","?","?","E","?","R","BOSS","M","?","?","M","M","E","R","?","T","E","$","?","?","M","R","BOSS"],"build_version":"2018-12-20","purchased_purges":2,"victory":false,"max_hp_per_floor":[70,70,70,70,70,70,70,70,70,70,70,70,70,70,70,70,70,70,70,70,70,70,70,70,70,70,70,70,70,70,70,70,70,70,70,70,70,70,70,70,70,70,70,70,70,70,70,70,70,70],"card_choices":[{"not_picked":["Slice","Quick Slash"],"picked":"Cloak And Dagger","floor":1.0},{"not_picked":["Predator","Unload"],"picked":"Leg Sweep","floor":7.0},{"not_picked":["Dagger Throw","Prepared","Deflect"],"picked":"SKIP","floor":8.0},{"not_picked":["Sucker Punch","Slice","Quick Slash"],"picked":"SKIP","floor":11.0},{"not_picked":["Flechettes","Dagger Throw"],"picked":"Backflip","floor":12.0},{"not_picked":["Dagger Spray","Caltrops"],"picked":"Cloak And Dagger","floor":13.0},{"not_picked":["Night Terror","Slice"],"picked":"Heel Hook","floor":14.0},{"not_picked":["Grand Finale","Night Terror"],"picked":"Bullet Time","floor":16.0},{"not_picked":["Deflect","Riddle With Holes"],"picked":"Blur","floor":18.0},{"not_picked":["Crippling Poison","Terror+1"],"picked":"Riddle With Holes+1","floor":19.0},{"not_picked":["Prepared","Dagger Throw"],"picked":"Backflip+1","floor":21.0},{"not_picked":["Deadly Poison","Cloak And Dagger"],"picked":"Heel Hook","floor":22.0},{"not_picked":["Prepared","Setup"],"picked":"Malaise","floor":25},{"not_picked":["Acrobatics","Blade Dance","Dagger Spray"],"picked":"SKIP","floor":30},{"not_picked":["Glass Knife","Night Terror"],"picked":"Doppelganger","floor":33},{"not_picked":["Tactician+1","Bane+1","Dagger Throw+1"],"picked":"SKIP","floor":35},{"not_picked":["Blade Dance+1","Underhanded Strike+1"],"picked":"Distraction+1","floor":38},{"not_picked":["Poisoned Stab","Masterful Stab"],"picked":"Dash+1","floor":39},{"not_picked":["Dagger Spray","Bouncing Flask"],"picked":"Leg Sweep+1","floor":40},{"not_picked":["Underhanded Strike+1","Sucker Punch","Grand Finale"],"picked":"SKIP","floor":44},{"not_picked":["Deadly Poison","Sucker Punch+1"],"picked":"Caltrops+1","floor":46},{"not_picked":["Forethought","Swift Strike"],"picked":"Enlightenment","floor":47},{"not_picked":["Magnetism","Swift Strike"],"picked":"Violence","floor":47},{"not_picked":["Quick Slash","Prepared"],"picked":"Escape Plan+1","floor":48}],"player_experience":211227,"relics_obtained":[{"floor":7.0,"key":"Potion Belt"},{"floor":9.0,"key":"Matryoshka"},{"floor":14.0,"key":"Bronze Scales"},{"floor":25,"key":"Pocketwatch"},{"floor":26,"key":"Juzu Bracelet"},{"floor":26,"key":"Calipers"},{"floor":27,"key":"Enchiridion"},{"floor":29,"key":"Anchor"},{"floor":29,"key":"Bottled Flame"},{"floor":30,"key":"Ornamental Fan"},{"floor":40,"key":"Boot"},{"floor":43,"key":"MawBank"},{"floor":44,"key":"StoneCalendar"},{"floor":46,"key":"Unceasing Top"}],"event_choices":[{"damage_healed":0.0,"max_hp_gain":0.0,"max_hp_loss":0.0,"gold_gain":0.0,"event_name":"Living Wall","player_choice":"Grow","floor":2.0,"gold_loss":0.0,"damage_taken":0.0,"cards_upgraded":["Cloak And Dagger"]},{"damage_healed":0.0,"max_hp_gain":0.0,"max_hp_loss":0.0,"gold_gain":0.0,"event_name":"Shining Light","player_choice":"Entered Light","floor":3.0,"gold_loss":0.0,"damage_taken":14.0,"cards_upgraded":["Survivor","Defend_G"]},{"cards_removed":["Eviscerate"],"damage_healed":21.0,"max_hp_gain":0.0,"max_hp_loss":0.0,"gold_gain":0.0,"event_name":"Bonfire Elementals","player_choice":"Offered Uncommon","floor":5.0,"gold_loss":0.0,"damage_taken":0.0},{"damage_healed":0.0,"max_hp_gain":0.0,"max_hp_loss":0.0,"gold_gain":0.0,"event_name":"Addict","player_choice":"Obtained Relic","floor":20.0,"gold_loss":85.0,"damage_taken":0.0,"relics_obtained":["Dead Branch"]},{"damage_healed":0,"gold_gain":0,"player_choice":"Obtained Book","damage_taken":16,"max_hp_gain":0,"max_hp_loss":0,"event_name":"Cursed Tome","floor":27,"gold_loss":0},{"damage_healed":23,"gold_gain":0,"player_choice":"Heal","damage_taken":0,"max_hp_gain":0,"max_hp_loss":0,"event_name":"The Library","floor":28,"gold_loss":0},{"damage_healed":0,"gold_gain":0,"player_choice":"Bet on Owner","damage_taken":0,"max_hp_gain":0,"max_hp_loss":0,"event_name":"The Joust","floor":31,"gold_loss":50},{"damage_healed":0,"gold_gain":0,"player_choice":"Embrace Madness","damage_taken":9,"max_hp_gain":0,"max_hp_loss":0,"event_name":"Winding Halls","floor":36,"gold_loss":0,"cards_obtained":["Madness","Madness"]},{"damage_healed":0,"gold_gain":0,"player_choice":"Paid","damage_taken":0,"relics_obtained":["Red Mask"],"max_hp_gain":0,"max_hp_loss":0,"event_name":"Tomb of Lord Red Mask","floor":37,"gold_loss":157},{"damage_healed":0,"gold_gain":0,"cards_transformed":["Strike_G"],"player_choice":"Transformed","damage_taken":0,"max_hp_gain":0,"max_hp_loss":0,"event_name":"Transmorgrifier","floor":42,"gold_loss":0,"cards_obtained":["All Out Attack"]},{"damage_healed":0,"gold_gain":0,"player_choice":"Fight","damage_taken":0,"max_hp_gain":0,"max_hp_loss":0,"event_name":"MindBloom","floor":46,"gold_loss":0},{"damage_healed":0,"gold_gain":0,"player_choice":"Memory 2","damage_taken":5,"max_hp_gain":0,"max_hp_loss":0,"event_name":"SensoryStone","floor":47,"gold_loss":0}],"is_beta":false,"boss_relics":[{"not_picked":["Busted Crown","Empty Cage"],"picked":"WristBlade"},{"not_picked":["Cursed Key","Pandora\u0027s Box"],"picked":"White Beast Statue"}],"items_purged_floors":[4,45],"is_endless":false,"potions_floor_spawned":[11,12,13,22,25,33,35,38,39,40,44,46,48],"killed_by":"Time Eater","ascension_level":9}