{"gold_per_floor":[14,34,34,49,49,83,83,101,124,188,203,203,203],"floor_reached":13,"playtime":588,"items_purged":[],"score":171,"play_id":"8f4cc565-5e7a-4a7f-9169-9ce1b6974f05","local_time":"20190829140902","is_ascension_mode":true,"campfire_choices":[{"data":"Zap","floor":7,"key":"SMITH"}],"neow_cost":"NO_GOLD","seed_source_timestamp":263830927320700,"circlet_count":0,"master_deck":["AscendersBane","Strike_B","Strike_B","Strike_B","Strike_B","Defend_B","Defend_B","Defend_B","Defend_B","Zap+1","Dualcast","Electrodynamics","White Noise","Sunder","Coolheaded","Compile Driver","Doom and Gloom","Glacier","Parasite"],"relics":["Cracked Core","Ancient Tea Set","Juzu Bracelet","Tiny Chest"],"potions_floor_usage":[11,13],"damage_taken":[{"damage":1,"enemies":"Cultist","floor":1,"turns":4},{"damage":0,"enemies":"2 Louse","floor":2,"turns":2},{"damage":0,"enemies":"Small Slimes","floor":4,"turns":2},{"damage":26,"enemies":"Gremlin Nob","floor":6,"turns":4},{"damage":5,"enemies":"Red Slaver","floor":8,"turns":3},{"damage":23,"enemies":"3 Sentries","floor":10,"turns":3},{"damage":5,"enemies":"Looter","floor":11,"turns":3},{"damage":23,"enemies":"Gremlin Gang","floor":13,"turns":3}],"seed_played":"210827966690373930","potions_obtained":[{"floor":1,"key":"Poison Potion"},{"floor":2,"key":"Swift Potion"},{"floor":6,"key":"Weak Potion"}],"is_trial":false,"path_per_floor":["M","M","$","M","?","E","R","M","T","E","M","?","M"],"character_chosen":"DEFECT","items_purchased":[],"campfire_rested":0,"item_purchase_floors":[],"current_hp_per_floor":[63,63,63,63,63,37,37,32,32,9,4,21,0],"gold":203,"neow_bonus":"THREE_RARE_CARDS","is_prod":false,"is_daily":false,"chose_seed":false,"campfire_upgraded":1,"win_rate":0,"timestamp":1567102142,"path_taken":["M","M","?","M","?","E","R","M","T","E","M","?","M"],"build_version":"2019-07-17","purchased_purges":0,"victory":false,"max_hp_per_floor":[71,71,71,71,71,71,71,71,71,71,71,71,71],"card_choices":[{"not_picked":["Creative AI","All For One"],"picked":"Electrodynamics","floor":0},{"not_picked":["Compile Driver","Recycle"],"picked":"White Noise","floor":1},{"not_picked":["Sweeping Beam","Conserve Battery"],"picked":"Sunder","floor":2},{"not_picked":["Turbo","Consume"],"picked":"Coolheaded","floor":4},{"not_picked":["Steam","Streamline"],"picked":"Compile Driver","floor":6},{"not_picked":["Double Energy","Stack"],"picked":"Doom and Gloom","floor":8},{"not_picked":["Reprogram","Rip and Tear","Heatsinks"],"picked":"SKIP","floor":10},{"not_picked":["Storm","Go for the Eyes"],"picked":"Glacier","floor":11}],"player_experience":743295,"relics_obtained":[{"floor":6,"key":"Ancient Tea Set"},{"floor":9,"key":"Juzu Bracelet"},{"floor":10,"key":"Tiny Chest"}],"event_choices":[{"damage_healed":0,"gold_gain":0,"player_choice":"Got Potions","damage_taken":0,"max_hp_gain":0,"max_hp_loss":0,"event_name":"Lab","floor":5,"gold_loss":0},{"damage_healed":17,"gold_gain":0,"player_choice":"Healed and dodged fight","damage_taken":0,"max_hp_gain":0,"max_hp_loss":0,"event_name":"Mushrooms","floor":12,"gold_loss":0,"cards_obtained":["Parasite"]}],"is_beta":false,"boss_relics":[],"items_purged_floors":[],"is_endless":false,"potions_floor_spawned":[1,2,6],"killed_by":"Gremlin Gang","ascension_level":16}