{"gold_per_floor":[119,133,146,69,87,87,87,87,87,67,107,123,19,52,52,52],"floor_reached":16,"playtime":691,"items_purged":[],"score":220,"play_id":"3161de53-ce8f-46bf-8c3a-dc7e96a162c7","local_time":"20181112175430","is_ascension_mode":true,"campfire_choices":[{"data":"Bash","floor":6,"key":"SMITH"},{"data":"Clothesline","floor":8,"key":"SMITH"},{"floor":15,"key":"REST"}],"neow_cost":"NONE","seed_source_timestamp":4549564819985586,"circlet_count":0,"master_deck":["AscendersBane","Strike_R","Strike_R","Strike_R","Strike_R","Strike_R","Defend_R","Defend_R","Defend_R","Defend_R","Bash+1","Clothesline+1","Wild Strike","Disarm","Flame Barrier","True Grit","Body Slam","Evolve"],"relics":["Burning Blood","Golden Idol","Kunai","Dodecahedron","Question Card"],"potions_floor_usage":[12,14,14,14,16,16],"damage_taken":[{"damage":7,"enemies":"2 Louse","floor":1,"turns":3},{"damage":9,"enemies":"Jaw Worm","floor":2,"turns":4},{"damage":1,"enemies":"Cultist","floor":3,"turns":3},{"damage":10,"enemies":"Exordium Thugs","floor":5,"turns":4},{"damage":27,"enemies":"Gremlin Nob","floor":11,"turns":4},{"damage":0,"enemies":"Gremlin Gang","floor":12,"turns":4},{"damage":10,"enemies":"Lagavulin","floor":14,"turns":8},{"damage":68,"enemies":"Slime Boss","floor":16,"turns":6}],"seed_played":"-1569172649802571592","potions_obtained":[{"floor":2,"key":"GamblersBrew"},{"floor":10,"key":"EntropicBrew"},{"floor":11,"key":"AttackPotion"},{"floor":14,"key":"Regen Potion"}],"is_trial":false,"path_per_floor":["M","M","M","$","M","R","?","R","T","?","E","M","$","E","R","B"],"character_chosen":"IRONCLAD","items_purchased":["Disarm","Body Slam","AttackPotion"],"campfire_rested":1,"item_purchase_floors":[4,13,13],"current_hp_per_floor":[74,71,76,76,72,72,44,44,44,44,23,29,29,25,49,0],"gold":52,"neow_bonus":"TEN_PERCENT_HP_BONUS","is_prod":false,"is_daily":false,"chose_seed":false,"campfire_upgraded":2,"win_rate":0,"timestamp":1542074070,"path_taken":["M","M","M","$","M","R","?","R","T","?","E","?","$","E","R","BOSS"],"build_version":"2018-11-08","purchased_purges":0,"victory":false,"max_hp_per_floor":[82,82,82,82,82,82,82,82,82,82,82,82,82,82,82,82],"card_choices":[{"not_picked":["Shrug It Off","Body Slam"],"picked":"Clothesline","floor":1},{"not_picked":["Clash","Corruption"],"picked":"Wild Strike","floor":2},{"not_picked":["Rupture","Flex","Clash"],"picked":"SKIP","floor":3},{"not_picked":["Rupture","Flex","Clash"],"picked":"SKIP","floor":3},{"not_picked":["Rupture","Flex","Clash"],"picked":"SKIP","floor":3},{"not_picked":["Intimidate","Clothesline","Havoc"],"picked":"SKIP","floor":5},{"not_picked":["Warcry","Heavy Blade"],"picked":"Flame Barrier","floor":11},{"not_picked":["Flex","Berserk"],"picked":"True Grit","floor":12},{"not_picked":["Havoc","Fire Breathing"],"picked":"Evolve","floor":14}],"player_experience":1070898,"relics_obtained":[{"floor":9,"key":"Kunai"},{"floor":11,"key":"Dodecahedron"},{"floor":14,"key":"Question Card"}],"event_choices":[{"damage_healed":0,"gold_gain":0,"player_choice":"Take Damage","damage_taken":28,"relics_obtained":["Golden Idol"],"max_hp_gain":0,"max_hp_loss":0,"event_name":"Golden Idol","floor":7,"gold_loss":0},{"damage_healed":0,"gold_gain":0,"player_choice":"Bought 1 Potion","damage_taken":0,"max_hp_gain":0,"max_hp_loss":0,"event_name":"The Woman in Blue","floor":10,"gold_loss":0}],"is_beta":true,"boss_relics":[],"items_purged_floors":[],"is_endless":false,"potions_floor_spawned":[2,11,14],"killed_by":"Slime Boss","ascension_level":20}