{"gold_per_floor":[118,44,55,55,75,109,129,162,241,241,273,335,335,348,348,427,427,443,443,48,59,109,109,123,153,228,26,26,361,361,378,378,378],"floor_reached":33,"playtime":1671,"items_purged":["Strike_R","Strike_R"],"score":631,"play_id":"dcd10c70-a6e7-44a0-8757-548843e2cf9c","local_time":"20190325000406","is_ascension_mode":true,"campfire_choices":[{"floor":10,"key":"REST"},{"data":"Fiend Fire","floor":13,"key":"SMITH"},{"floor":15,"key":"REST"},{"floor":23,"key":"REST"},{"floor":28,"key":"REST"},{"floor":30,"key":"REST"},{"floor":32,"key":"REST"}],"neow_cost":"NONE","seed_source_timestamp":2872404238783786,"circlet_count":0,"master_deck":["AscendersBane","Strike_R","Strike_R","Strike_R","Defend_R","Defend_R","Defend_R","Defend_R","Bash+1","Clothesline","Combust","Pommel Strike","Battle Trance","Intimidate","Fiend Fire+1","Body Slam+1","Rampage+1","Flame Barrier","Rupture","Brutality","Sword Boomerang+1","Exhume","Disarm","Metallicize","Discovery+1","Heavy Blade+1","Reaper+1","Burning Pact+1","Headbutt+1"],"relics":["Burning Blood","Dream Catcher","Calipers","Molten Egg 2","Strawberry","Mango","Sozu","Champion Belt","Bag of Preparation","Toxic Egg 2","Old Coin"],"potions_floor_usage":[6,11,12,21],"damage_taken":[{"damage":7,"enemies":"Small Slimes","floor":1,"turns":4},{"damage":2,"enemies":"2 Louse","floor":3,"turns":3},{"damage":2,"enemies":"Cultist","floor":5,"turns":3},{"damage":35,"enemies":"3 Sentries","floor":6,"turns":6},{"damage":14,"enemies":"Looter","floor":7,"turns":3},{"damage":27,"enemies":"Gremlin Nob","floor":8,"turns":4},{"damage":27,"enemies":"3 Sentries","floor":11,"turns":6},{"damage":26,"enemies":"Gremlin Nob","floor":12,"turns":4},{"damage":4,"enemies":"2 Fungi Beasts","floor":14,"turns":3},{"damage":39,"enemies":"Slime Boss","floor":16,"turns":6},{"damage":26,"enemies":"Chosen","floor":18,"turns":4},{"damage":30,"enemies":"3 Byrds","floor":21,"turns":4},{"damage":19,"enemies":"Snake Plant","floor":24,"turns":4},{"damage":41,"enemies":"Gremlin Leader","floor":25,"turns":6},{"damage":47,"enemies":"Slavers","floor":29,"turns":4},{"damage":53,"enemies":"Sentry and Sphere","floor":31,"turns":6},{"damage":86,"enemies":"Automaton","floor":33,"turns":8}],"seed_played":"3661830333524962751","potions_obtained":[{"floor":3,"key":"LiquidBronze"},{"floor":6,"key":"Swift Potion"},{"floor":8,"key":"GamblersBrew"},{"floor":12,"key":"LiquidBronze"}],"is_trial":false,"path_per_floor":["M","$","M","?","M","E","M","E","T","R","E","?","R","M","R","B",null,"M","?","$","M","?","R","M","E","T","$","R","E","R","M","R","B"],"character_chosen":"IRONCLAD","items_purchased":["Combust","Champion Belt","Discovery+1"],"campfire_rested":6,"item_purchase_floors":[2,20,27],"current_hp_per_floor":[74,74,78,78,82,53,45,24,24,48,34,28,28,30,60,27,84,64,64,64,40,40,70,57,22,22,22,52,11,41,8,38,0],"gold":378,"neow_bonus":"TEN_PERCENT_HP_BONUS","is_prod":false,"is_daily":false,"chose_seed":false,"campfire_upgraded":1,"win_rate":0,"timestamp":1553497446,"path_taken":["M","$","M","?","M","E","M","E","T","R","E","?","R","M","R","BOSS","M","?","$","M","?","R","?","E","T","$","R","E","R","M","R","BOSS"],"build_version":"2019-03-15","purchased_purges":2,"victory":false,"max_hp_per_floor":[82,82,82,82,82,82,82,82,82,82,89,103,103,103,103,103,103,103,103,103,103,103,103,103,103,103,103,103,103,103,103,103,103],"card_choices":[{"not_picked":["Heavy Blade","Entrench"],"picked":"Clothesline","floor":1},{"not_picked":["Twin Strike","Clothesline"],"picked":"Pommel Strike","floor":3},{"not_picked":["Wild Strike","Havoc","Anger"],"picked":"SKIP","floor":5},{"not_picked":["Twin Strike","Carnage"],"picked":"Battle Trance","floor":6},{"not_picked":["Clothesline","Havoc"],"picked":"Intimidate","floor":7},{"not_picked":["Rampage","Perfected Strike"],"picked":"Fiend Fire","floor":8},{"not_picked":["Shockwave","Pommel Strike+1"],"picked":"Body Slam+1","floor":10},{"not_picked":["Anger+1","Wild Strike+1"],"picked":"Rampage+1","floor":11},{"not_picked":["Pommel Strike+1","Flex"],"picked":"Flame Barrier","floor":12},{"not_picked":["Flex","Warcry","Armaments"],"picked":"SKIP","floor":14},{"not_picked":["Twin Strike+1","Whirlwind+1"],"picked":"Rupture","floor":15},{"not_picked":["Fiend Fire+1","Dark Embrace"],"picked":"Brutality","floor":16},{"not_picked":["Headbutt+1","Carnage+1"],"picked":"Sword Boomerang+1","floor":18},{"not_picked":["Body Slam+1","Wild Strike+1","Clothesline+1"],"picked":"SKIP","floor":21},{"not_picked":["Intimidate","Warcry"],"picked":"Exhume","floor":23},{"not_picked":["Warcry","Headbutt+1"],"picked":"Disarm","floor":24},{"not_picked":["Burning Pact","Clothesline+1"],"picked":"Metallicize","floor":25},{"not_picked":["Clothesline+1","Metallicize"],"picked":"Heavy Blade+1","floor":28},{"not_picked":["Disarm+1","Whirlwind+1"],"picked":"Reaper+1","floor":29},{"not_picked":["Body Slam+1","Twin Strike+1"],"picked":"Burning Pact+1","floor":30},{"not_picked":["Twin Strike+1","Second Wind+1","Heavy Blade+1"],"picked":"SKIP","floor":31},{"not_picked":["Dual Wield+1","Heavy Blade+1"],"picked":"Headbutt+1","floor":32}],"player_experience":1247465,"relics_obtained":[{"floor":6,"key":"Dream Catcher"},{"floor":8,"key":"Calipers"},{"floor":9,"key":"Molten Egg 2"},{"floor":11,"key":"Strawberry"},{"floor":12,"key":"Mango"},{"floor":25,"key":"Bag of Preparation"},{"floor":26,"key":"Toxic Egg 2"},{"floor":29,"key":"Old Coin"}],"event_choices":[{"damage_healed":0,"gold_gain":0,"player_choice":"Grow","damage_taken":0,"max_hp_gain":0,"max_hp_loss":0,"event_name":"Living Wall","floor":4,"gold_loss":0,"cards_upgraded":["Bash"]},{"damage_healed":0,"gold_gain":0,"player_choice":"Searched \u00271\u0027 times","damage_taken":0,"max_hp_gain":0,"max_hp_loss":0,"event_name":"Dead Adventurer","floor":12,"gold_loss":0},{"damage_healed":0,"gold_gain":0,"player_choice":"Ignored","damage_taken":0,"max_hp_gain":0,"max_hp_loss":0,"event_name":"Ghosts","floor":19,"gold_loss":0},{"damage_healed":0,"gold_gain":50,"player_choice":"Pray","damage_taken":0,"max_hp_gain":0,"max_hp_loss":0,"event_name":"Golden Shrine","floor":22,"gold_loss":0}],"is_beta":true,"boss_relics":[{"not_picked":["Pandora\u0027s Box","Calling Bell"],"picked":"Sozu"}],"items_purged_floors":[20,27],"is_endless":false,"potions_floor_spawned":[3,6,8,12,24,29,31],"killed_by":"Automaton","ascension_level":20}