{"gold_per_floor":[116,132,143,75,91,91,106,131,131,131,56,33,62,76,76,151,151,171,23,23,23,23,23,42,42,69,69,89,117,117,129,129,208,208,223,241,35,54,69,69,81,81,127,127,127,127,144,154,154,154],"floor_reached":51,"playtime":3788,"items_purged":[],"score":1188,"play_id":"736e44d0-d3ee-44ae-a5bf-231347f54da2","local_time":"20180726014933","is_ascension_mode":true,"campfire_choices":[{"data":"Neutralize","floor":6,"key":"SMITH"},{"data":"Malaise","floor":10,"key":"SMITH"},{"data":"Deadly Poison","floor":15,"key":"SMITH"},{"data":"Noxious Fumes","floor":23,"key":"SMITH"},{"data":"Glass Knife","floor":25,"key":"SMITH"},{"data":"Footwork","floor":27,"key":"SMITH"},{"data":"Noxious Fumes","floor":30,"key":"SMITH"},{"data":"Well Laid Plans","floor":32,"key":"SMITH"},{"data":"Leg Sweep","floor":40,"key":"SMITH"},{"data":"Acrobatics","floor":42,"key":"SMITH"},{"floor":46,"key":"REST"},{"data":"Reflex","floor":49,"key":"SMITH"}],"neow_cost":"NONE","seed_source_timestamp":1481593118708262,"circlet_count":0,"master_deck":["Survivor","Neutralize+1","AscendersBane","Dash","Flying Knee","Malaise+1","Leg Sweep+1","PiercingWail","Leg Sweep","Deadly Poison+1","Well Laid Plans+1","Glass Knife+1","Sucker Punch","Dash","Dagger Throw","Dagger Spray","Footwork+1","PiercingWail","Noxious Fumes+1","Finisher","Dagger Throw","Backflip","Deflect","Noxious Fumes+1","Wraith Form v2","Quick Slash+1","Backflip+1","Acrobatics+1","Dramatic Entrance","Reflex+1","Blur+1"],"relics":["Ring of the Snake","Pen Nib","Bronze Scales","Paper Crane","Strawberry","Pandora\u0027s Box","Bag of Preparation","Anchor","Tingsha","HoveringKite","OrangePellets","Blood Vial","StoneCalendar"],"potions_floor_usage":[8,33,33,41,50],"damage_taken":[{"damage":0,"enemies":"Jaw Worm","floor":1,"turns":5},{"damage":0,"enemies":"Small Slimes","floor":2,"turns":3},{"damage":1,"enemies":"2 Louse","floor":3,"turns":4},{"damage":12,"enemies":"Lots of Slimes","floor":5,"turns":7},{"damage":0,"enemies":"Looter","floor":7,"turns":4},{"damage":5,"enemies":"Gremlin Nob","floor":8,"turns":5},{"damage":1,"enemies":"Lagavulin","floor":13,"turns":7},{"damage":0,"enemies":"2 Fungi Beasts","floor":14,"turns":3},{"damage":8,"enemies":"The Guardian","floor":16,"turns":12},{"damage":0,"enemies":"Chosen","floor":18,"turns":5},{"damage":0,"enemies":"Shell Parasite","floor":24,"turns":5},{"damage":0,"enemies":"Cultist and Chosen","floor":28,"turns":5},{"damage":2,"enemies":"Book of Stabbing","floor":29,"turns":6},{"damage":4,"enemies":"Sentry and Sphere","floor":31,"turns":5},{"damage":30,"enemies":"Automaton","floor":33,"turns":12},{"damage":9,"enemies":"Flame Bruiser 1 Orb","floor":35,"turns":5},{"damage":12,"enemies":"3 Darklings","floor":36,"turns":5},{"damage":5,"enemies":"Maw","floor":38,"turns":6},{"damage":0,"enemies":"Sphere and 2 Shapes","floor":39,"turns":6},{"damage":0,"enemies":"3 Darklings","floor":41,"turns":6},{"damage":0,"floor":45,"turns":7},{"damage":0,"enemies":"Transient","floor":47,"turns":5},{"damage":0,"enemies":"Flame Bruiser 2 Orb","floor":48,"turns":6},{"damage":0,"enemies":"Awakened One","floor":50,"turns":16}],"seed_played":"-2861098690261843030","potions_obtained":[{"floor":1,"key":"Swift Potion"},{"floor":3,"key":"Block Potion"},{"floor":8,"key":"Swift Potion"},{"floor":38,"key":"Fruit Juice"},{"floor":41,"key":"SkillPotion"},{"floor":47,"key":"AttackPotion"},{"floor":48,"key":"Poison Potion"}],"is_trial":false,"path_per_floor":["M","M","M","$","M","R","M","E","T","R","?","$","E","M","R","B",null,"M","$","?","?","$","R","M","R","T","R","M","E","R","M","R","B",null,"M","M","$","M","M","R","M","R","T","?","?","R","M","M","R","B"],"character_chosen":"THE_SILENT","items_purchased":["Malaise","Deadly Poison","Bag of Preparation","OrangePellets"],"campfire_rested":1,"item_purchase_floors":[4,12,19,37],"current_hp_per_floor":[59,59,58,58,46,46,46,41,41,41,41,41,47,47,47,39,65,65,65,65,65,65,65,65,65,65,65,65,63,63,59,59,29,62,53,41,41,36,36,36,41,41,41,41,43,66,68,70,70,72],"gold":154,"neow_bonus":"RANDOM_COMMON_RELIC","is_prod":false,"is_daily":false,"chose_seed":false,"campfire_upgraded":11,"win_rate":0,"timestamp":1532594973,"path_taken":["M","M","M","$","M","R","M","E","T","R","?","$","E","?","R","BOSS","M","$","?","?","$","R","M","R","T","R","M","E","R","?","R","BOSS","M","M","$","M","M","R","M","R","T","?","?","R","M","M","R","BOSS"],"build_version":"2018-07-25","purchased_purges":0,"victory":true,"max_hp_per_floor":[66,66,66,66,66,66,66,66,66,66,66,66,73,73,73,73,73,73,73,73,73,73,73,73,73,73,73,73,73,73,73,73,73,73,73,73,73,73,73,73,78,78,78,78,78,78,78,78,78,78],"card_choices":[{"not_picked":["Backflip","Calculated Gamble"],"picked":"Dash","floor":1},{"not_picked":["Reflex","Outmaneuver","Underhanded Strike"],"picked":"SKIP","floor":2},{"not_picked":["Outmaneuver","Terror"],"picked":"Flying Knee","floor":3},{"not_picked":["Cloak And Dagger","Setup"],"picked":"Leg Sweep","floor":5},{"not_picked":["Underhanded Strike","Prepared"],"picked":"PiercingWail","floor":7},{"not_picked":["Bane","Prepared"],"picked":"Leg Sweep","floor":8},{"not_picked":["Expertise","Grand Finale","Crippling Poison"],"picked":"SKIP","floor":13},{"not_picked":["Expertise","Grand Finale","Crippling Poison"],"picked":"SKIP","floor":13},{"not_picked":["Deadly Poison","Deflect"],"picked":"Well Laid Plans","floor":14},{"not_picked":["Unload","Night Terror"],"picked":"Glass Knife","floor":16},{"not_picked":["Dodge and Roll","Eviscerate","Predator"],"picked":"SKIP","floor":18},{"not_picked":["Slice","Prepared"],"picked":"Deflect","floor":24},{"not_picked":["Infinite Blades","Dagger Throw","Bane"],"picked":"SKIP","floor":28},{"not_picked":["Quick Slash","Distraction"],"picked":"Noxious Fumes","floor":29},{"not_picked":["Blur","Outmaneuver","Cloak And Dagger"],"picked":"SKIP","floor":31},{"not_picked":["Doppelganger","A Thousand Cuts"],"picked":"Wraith Form v2","floor":33},{"not_picked":["PiercingWail","Prepared+1"],"picked":"Quick Slash+1","floor":35},{"not_picked":["Acrobatics","Sucker Punch"],"picked":"Backflip+1","floor":36},{"not_picked":["Sucker Punch","Deadly Poison+1","Outmaneuver"],"picked":"SKIP","floor":38},{"not_picked":["PiercingWail","Riddle With Holes","Flying Knee"],"picked":"SKIP","floor":39},{"not_picked":["Prepared","Calculated Gamble"],"picked":"Acrobatics","floor":41},{"not_picked":["Forethought","Purity"],"picked":"Dramatic Entrance","floor":44},{"not_picked":["Riddle With Holes","Calculated Gamble+1"],"picked":"Reflex","floor":47},{"not_picked":["Deflect","Backstab+1"],"picked":"Blur+1","floor":48}],"player_experience":874423,"relics_obtained":[{"floor":8,"key":"Bronze Scales"},{"floor":9,"key":"Paper Crane"},{"floor":13,"key":"Strawberry"},{"floor":26,"key":"Anchor"},{"floor":29,"key":"Tingsha"},{"floor":43,"key":"Blood Vial"},{"floor":45,"key":"StoneCalendar"}],"event_choices":[{"event_name":"The Cleric","player_choice":"Card Removal","floor":11,"damage_taken":0},{"event_name":"The Library","player_choice":"Read","floor":20,"damage_taken":0},{"event_name":"Drug Dealer","player_choice":"Ignored","floor":21,"damage_taken":0},{"event_name":"SensoryStone","player_choice":"Memory 1","floor":44,"damage_taken":0},{"event_name":"MindBloom","player_choice":"Fight","floor":45,"damage_taken":0}],"is_beta":true,"boss_relics":[{"not_picked":["Ring of the Serpent","Busted Crown"],"picked":"Pandora\u0027s Box"},{"not_picked":["Philosopher\u0027s Stone","Sozu"],"picked":"HoveringKite"}],"items_purged_floors":[],"is_endless":false,"potions_floor_spawned":[1,3,8,24,29,38,41,47,48],"ascension_level":15}