{"gold_per_floor":[109,128,138,138,158,158,215,215,215,215,215,215,225,259,259,354,354,369,9,21,41,41],"floor_reached":22,"playtime":1073,"items_purged":[],"score":274,"play_id":"b2d7c7b2-37a6-4c7e-87a2-f18239b695a4","local_time":"20190322003055","is_ascension_mode":true,"campfire_choices":[{"data":"Neutralize","floor":6,"key":"SMITH"},{"data":"Poisoned Stab","floor":8,"key":"SMITH"},{"floor":10,"key":"REST"},{"data":"Escape Plan","floor":12,"key":"SMITH"},{"data":"Crippling Poison","floor":15,"key":"SMITH"}],"neow_cost":"NONE","seed_source_timestamp":386814258009994,"circlet_count":0,"master_deck":["Defend_G","Defend_G","Defend_G","Defend_G","Defend_G","Strike_G+1","Strike_G","Strike_G","Strike_G+1","Strike_G","Survivor","Neutralize+1","Poisoned Stab+1","Bouncing Flask+1","Escape Plan+1","Dagger Throw","Well Laid Plans","Dodge and Roll","Crippling Poison+1","Malaise","Flechettes","Backflip"],"relics":["Ring of the Snake","NeowsBlessing","Tiny Chest","Ancient Tea Set","Mercury Hourglass","Philosopher\u0027s Stone","WingedGreaves"],"potions_floor_usage":[5,16],"damage_taken":[{"damage":0,"enemies":"Jaw Worm","floor":1,"turns":1},{"damage":0,"enemies":"2 Louse","floor":2,"turns":1},{"damage":0,"enemies":"Cultist","floor":3,"turns":1},{"damage":8,"enemies":"Gremlin Gang","floor":5,"turns":4},{"damage":25,"enemies":"Lagavulin","floor":7,"turns":5},{"damage":0,"enemies":"Large Slime","floor":13,"turns":4},{"damage":15,"enemies":"3 Sentries","floor":14,"turns":8},{"damage":14,"enemies":"The Guardian","floor":16,"turns":8},{"damage":8,"enemies":"Spheric Guardian","floor":18,"turns":3},{"damage":20,"enemies":"2 Thieves","floor":20,"turns":4},{"damage":12,"enemies":"Snake Plant","floor":21,"turns":3},{"damage":16,"enemies":"Colosseum Slavers","floor":22,"turns":1}],"seed_played":"-4102563728330023754","potions_obtained":[{"floor":3,"key":"GhostInAJar"},{"floor":7,"key":"GhostInAJar"},{"floor":16,"key":"Ancient Potion"},{"floor":20,"key":"EntropicBrew"}],"is_trial":false,"path_per_floor":["M","M","M","?","M","R","E","R","T","R","?","R","M","E","R","B",null,"M","$","M","M","?"],"character_chosen":"THE_SILENT","items_purchased":["WingedGreaves","Poison Potion"],"campfire_rested":1,"item_purchase_floors":[19,19],"current_hp_per_floor":[63,63,63,49,41,41,16,16,16,37,37,37,37,22,22,8,55,47,47,27,15,0],"gold":41,"neow_bonus":"THREE_ENEMY_KILL","is_prod":false,"is_daily":false,"chose_seed":false,"campfire_upgraded":4,"win_rate":0,"timestamp":1553211055,"path_taken":["M","M","M","?","M","R","E","R","T","R","?","R","?","E","R","BOSS","M","$","M","?","?"],"build_version":"2019-03-15","purchased_purges":0,"victory":false,"max_hp_per_floor":[70,70,70,70,70,70,70,70,70,70,70,70,70,70,70,70,70,70,70,70,70,70],"card_choices":[{"not_picked":["Underhanded Strike","Prepared"],"picked":"Poisoned Stab","floor":1},{"not_picked":["Quick Slash","Escape Plan"],"picked":"Bouncing Flask","floor":2},{"not_picked":["Caltrops","Underhanded Strike"],"picked":"Escape Plan","floor":3},{"not_picked":["Quick Slash","Sucker Punch"],"picked":"Dagger Throw","floor":5},{"not_picked":["Crippling Poison","Riddle With Holes"],"picked":"Well Laid Plans","floor":7},{"not_picked":["Blur","PiercingWail"],"picked":"Dodge and Roll","floor":13},{"not_picked":["Dodge and Roll","Acrobatics"],"picked":"Crippling Poison","floor":14},{"not_picked":["Night Terror","Storm of Steel"],"picked":"Malaise","floor":16},{"not_picked":["Tactician+1","Underhanded Strike+1","Outmaneuver"],"picked":"SKIP","floor":18},{"not_picked":["Prepared","Blade Dance"],"picked":"Flechettes","floor":20},{"not_picked":["Concentrate","Acrobatics+1"],"picked":"Backflip","floor":21}],"player_experience":374625,"relics_obtained":[{"floor":7,"key":"Tiny Chest"},{"floor":9,"key":"Ancient Tea Set"},{"floor":14,"key":"Mercury Hourglass"}],"event_choices":[{"damage_healed":0,"gold_gain":0,"player_choice":"Entered Light","damage_taken":14,"max_hp_gain":0,"max_hp_loss":0,"event_name":"Shining Light","floor":4,"gold_loss":0,"cards_upgraded":["Strike_G","Strike_G"]},{"damage_healed":0,"gold_gain":0,"player_choice":"Forge","damage_taken":0,"max_hp_gain":0,"max_hp_loss":0,"event_name":"Accursed Blacksmith","floor":11,"gold_loss":0,"cards_upgraded":["Bouncing Flask"]},{"damage_healed":0,"gold_gain":0,"player_choice":"Fight","damage_taken":0,"max_hp_gain":0,"max_hp_loss":0,"event_name":"Colosseum","floor":22,"gold_loss":0}],"is_beta":true,"boss_relics":[{"not_picked":["White Beast Statue","Snecko Eye"],"picked":"Philosopher\u0027s Stone"}],"items_purged_floors":[],"is_endless":false,"potions_floor_spawned":[3,7,16,20],"killed_by":"Colosseum Slavers","ascension_level":8}