{"gold_per_floor":[111,126,96,107,117,117,6,6,85,113,128,141,197,209,209,306,306,319,334,346,98,110,110,125,125,125,140,171,171,171,203,203,298,298,313,41,41,41,51,51,67,67,67,67,91,101,201,213,213,213,213,213,14,44,44],"floor_reached":56,"playtime":4827,"items_purged":["Regret","Defend_G"],"score":1231,"play_id":"fd52be5b-1ae1-4852-9243-b95f981f282a","local_time":"20181221000620","is_ascension_mode":false,"campfire_choices":[{"data":"Neutralize","floor":6.0,"key":"SMITH"},{"floor":8.0,"key":"REST"},{"floor":15.0,"key":"REST"},{"floor":23.0,"key":"RECALL"},{"data":"After Image","floor":25.0,"key":"SMITH"},{"floor":30.0,"key":"REST"},{"data":"A Thousand Cuts","floor":32.0,"key":"SMITH"},{"data":"Tools of the Trade","floor":40.0,"key":"SMITH"},{"data":"Bullet Time","floor":42.0,"key":"SMITH"},{"data":"Malaise","floor":44.0,"key":"SMITH"},{"data":"Cloak And Dagger","floor":49.0,"key":"SMITH"},{"data":"Footwork","floor":52.0,"key":"SMITH"}],"neow_cost":"CURSE","seed_source_timestamp":588550092029443,"circlet_count":0,"master_deck":["Survivor","Neutralize+1","Escape Plan","Dagger Spray","Flechettes","Backstab","Cloak And Dagger+1","Backflip","A Thousand Cuts+1","Backstab","After Image+1","Acrobatics+1","Bouncing Flask+1","Concentrate+1","Well Laid Plans+1","Poisoned Stab","Poisoned Stab","Sucker Punch","Bullet Time+1","Distraction+1","Tools of the Trade+1","Malaise+1","Finisher","Expertise","Bouncing Flask","Well Laid Plans","Blur","Footwork+1","Caltrops+1","Backstab","Sucker Punch+1","Reflex","Noxious Fumes","Prepared","Backflip+1"],"special_seed":0,"relics":["Ring of the Snake","Incense Burner","Pear","Happy Flower","Tiny Chest","Astrolabe","Bag of Preparation","Centennial Puzzle","Potion Belt","MutagenicStrength","Lantern","Pandora\u0027s Box","OrangePellets","Gremlin Horn","Blood Vial","FossilizedHelix","The Specimen"],"potions_floor_usage":[55,55,55,55,55],"damage_taken":[{"damage":4.0,"enemies":"Jaw Worm","floor":1.0,"turns":6.0},{"damage":4.0,"enemies":"Cultist","floor":2.0,"turns":3.0},{"damage":3.0,"enemies":"2 Louse","floor":4.0,"turns":2.0},{"damage":12.0,"enemies":"Looter","floor":5.0,"turns":4.0},{"damage":14.0,"enemies":"3 Sentries","floor":10.0,"turns":11.0},{"damage":4.0,"enemies":"Blue Slaver","floor":11.0,"turns":3.0},{"damage":0.0,"enemies":"3 Louse","floor":12.0,"turns":2.0},{"damage":33.0,"enemies":"Gremlin Nob","floor":13.0,"turns":6.0},{"damage":4.0,"enemies":"Exordium Wildlife","floor":14.0,"turns":5.0},{"damage":32.0,"enemies":"The Guardian","floor":16.0,"turns":15.0},{"damage":0.0,"enemies":"Chosen","floor":18.0,"turns":4.0},{"damage":6.0,"enemies":"Spheric Guardian","floor":19.0,"turns":4.0},{"damage":11.0,"enemies":"Snake Plant","floor":20.0,"turns":4.0},{"damage":6.0,"enemies":"Cultist and Chosen","floor":22.0,"turns":6.0},{"damage":14.0,"enemies":"Centurion and Healer","floor":24.0,"turns":6.0},{"damage":2.0,"enemies":"Snecko","floor":27.0,"turns":3.0},{"damage":16.0,"enemies":"Gremlin Leader","floor":28.0,"turns":6.0},{"damage":7.0,"enemies":"Book of Stabbing","floor":31.0,"turns":4.0},{"damage":11.0,"enemies":"Collector","floor":33.0,"turns":7.0},{"damage":0.0,"enemies":"Orb Walker","floor":35.0,"turns":3.0},{"damage":0.0,"enemies":"3 Shapes","floor":39.0,"turns":6.0},{"damage":0.0,"enemies":"Jaw Worm Horde","floor":41.0,"turns":2.0},{"damage":12.0,"enemies":"4 Shapes","floor":46.0,"turns":2.0},{"damage":0.0,"enemies":"Mind Bloom Boss Battle","floor":47.0,"turns":3.0},{"damage":0.0,"enemies":"Sphere and 2 Shapes","floor":48.0,"turns":3.0},{"damage":45.0,"enemies":"Awakened One","floor":50.0,"turns":13.0},{"damage":0.0,"enemies":"Shield and Spear","floor":54.0,"turns":7.0},{"damage":69,"enemies":"The Heart","floor":55,"turns":9}],"seed_played":"-436313621076590160","potions_obtained":[{"floor":1.0,"key":"Poison Potion"},{"floor":3.0,"key":"LiquidBronze"},{"floor":3.0,"key":"Regen Potion"},{"floor":5.0,"key":"Dexterity Potion"},{"floor":12.0,"key":"Regen Potion"},{"floor":13.0,"key":"SteroidPotion"},{"floor":19.0,"key":"Fruit Juice"},{"floor":24.0,"key":"EssenceOfSteel"},{"floor":28.0,"key":"PowerPotion"},{"floor":31.0,"key":"Poison Potion"},{"floor":33.0,"key":"AttackPotion"},{"floor":35.0,"key":"Explosive Potion"},{"floor":39.0,"key":"GhostInAJar"},{"floor":46.0,"key":"FearPotion"}],"is_trial":false,"path_per_floor":["M","M","?","M","M","R","$","R","T","E","M","M","E","M","R","B",null,"M","M","M","$","M","R","M","R","T","M","E","?","R","E","R","B",null,"M","$","?","T","M","R","M","R","T","R","T","M","?","M","R","B",null,"R","$","E","B",null],"character_chosen":"THE_SILENT","items_purchased":["Backstab","Bag of Preparation","OrangePellets","Footwork","Noxious Fumes","GhostInAJar","Prepared"],"campfire_rested":3,"item_purchase_floors":[7,21,36,36,53,53,53],"current_hp_per_floor":[66,62,62,59,47,47,47,68,78,64,60,60,42,38,62,30,80,80,79,68,68,62,62,63,63,63,61,45,45,70,63,63,52,85,85,85,85,85,85,85,85,85,85,85,85,73,75,77,77,34,85,85,85,85,16],"gold":44,"neow_bonus":"ONE_RARE_RELIC","is_prod":false,"is_daily":false,"chose_seed":false,"campfire_upgraded":8,"win_rate":0,"timestamp":1545379580,"path_taken":["M","M","?","M","M","R","$","R","T","E","M","M","E","?","R","BOSS","M","M","M","$","M","R","M","R","T","M","E","?","R","E","R","BOSS","M","$","?","?","M","R","M","R","T","R","?","M","?","M","R","BOSS","R","$","E","BOSS"],"build_version":"2018-12-20","purchased_purges":2,"victory":true,"max_hp_per_floor":[70,70,70,70,70,70,70,70,80,80,80,80,80,80,80,80,80,80,85,85,85,85,85,85,85,85,85,85,85,85,85,85,85,85,85,85,85,85,85,85,85,85,85,85,85,85,85,85,85,85,85,85,85,85,85],"card_choices":[{"not_picked":["Leg Sweep","Slice"],"picked":"Escape Plan","floor":1.0},{"not_picked":["Choke","Escape Plan"],"picked":"Dagger Spray","floor":2.0},{"not_picked":["Dagger Spray","Masterful Stab","Dodge and Roll"],"picked":"SKIP","floor":4.0},{"not_picked":["Prepared","Blade Dance"],"picked":"Flechettes","floor":5.0},{"not_picked":["Crippling Poison","Slice"],"picked":"Cloak And Dagger","floor":10.0},{"not_picked":["Masterful Stab","Burst","Outmaneuver"],"picked":"SKIP","floor":11.0},{"not_picked":["Endless Agony","Dagger Spray"],"picked":"Backflip","floor":12.0},{"not_picked":["Storm of Steel","Well Laid Plans"],"picked":"A Thousand Cuts","floor":13.0},{"not_picked":["Slice","All Out Attack"],"picked":"Backstab","floor":14.0},{"not_picked":["Venomology","Grand Finale"],"picked":"After Image","floor":16.0},{"not_picked":["Dagger Spray","Underhanded Strike"],"picked":"Well Laid Plans+1","floor":18.0},{"not_picked":["Slice","Prepared+1"],"picked":"Poisoned Stab","floor":19.0},{"not_picked":["Dagger Throw","Underhanded Strike","Reflex"],"picked":"SKIP","floor":20.0},{"not_picked":["Quick Slash","Expertise"],"picked":"Poisoned Stab","floor":22.0},{"not_picked":["Expertise","Escape Plan"],"picked":"Sucker Punch","floor":24.0},{"not_picked":["Riddle With Holes","Blade Dance+1"],"picked":"Bullet Time","floor":27.0},{"not_picked":["Prepared","Dagger Spray"],"picked":"Distraction+1","floor":28.0},{"not_picked":["Underhanded Strike+1","Acrobatics+1","Blade Dance"],"picked":"SKIP","floor":31.0},{"not_picked":["A Thousand Cuts","Bullet Time"],"picked":"Tools of the Trade","floor":33.0},{"not_picked":["Sucker Punch+1","Deflect"],"picked":"Blur","floor":35.0},{"not_picked":["Flying Knee","Choke+1","Blade Dance"],"picked":"SKIP","floor":39.0},{"not_picked":["Crippling Poison+1","Accuracy+1"],"picked":"Caltrops+1","floor":41.0},{"not_picked":["Tactician+1","Bane"],"picked":"Backstab","floor":46.0},{"not_picked":["Bane","Storm of Steel"],"picked":"Sucker Punch+1","floor":47.0},{"not_picked":["Dodge and Roll","Dagger Spray+1"],"picked":"Reflex","floor":48.0},{"not_picked":["Slice+1","Prepared"],"picked":"Backflip+1","floor":54.0}],"player_experience":776531,"relics_obtained":[{"floor":9.0,"key":"Pear"},{"floor":10.0,"key":"Happy Flower"},{"floor":13.0,"key":"Tiny Chest"},{"floor":26.0,"key":"Centennial Puzzle"},{"floor":28.0,"key":"Potion Belt"},{"floor":31.0,"key":"Lantern"},{"floor":43.0,"key":"Gremlin Horn"},{"floor":45.0,"key":"Blood Vial"},{"floor":47.0,"key":"FossilizedHelix"},{"floor":54.0,"key":"The Specimen"}],"event_choices":[{"damage_healed":0.0,"max_hp_gain":0.0,"max_hp_loss":0.0,"gold_gain":0.0,"event_name":"The Woman in Blue","player_choice":"Bought 2 Potions","floor":3.0,"gold_loss":0.0,"damage_taken":0.0},{"damage_healed":0.0,"max_hp_gain":0.0,"max_hp_loss":0.0,"gold_gain":0.0,"event_name":"Drug Dealer","player_choice":"Inject Mutagens","floor":29.0,"gold_loss":0.0,"damage_taken":0.0,"relics_obtained":["MutagenicStrength"]},{"cards_removed":["Well Laid Plans"],"damage_healed":0.0,"max_hp_gain":0.0,"max_hp_loss":0.0,"gold_gain":0.0,"event_name":"Falling","player_choice":"Removed Power","floor":37.0,"gold_loss":0.0,"damage_taken":0.0},{"damage_healed":0.0,"max_hp_gain":0.0,"max_hp_loss":0.0,"gold_gain":0.0,"event_name":"MindBloom","player_choice":"Fight","floor":47.0,"gold_loss":0.0,"damage_taken":0.0}],"is_beta":false,"boss_relics":[{"not_picked":["Empty Cage","Ring of the Serpent"],"picked":"Astrolabe"},{"not_picked":["Snecko Eye","WristBlade"],"picked":"Pandora\u0027s Box"}],"items_purged_floors":[7,21],"is_endless":false,"potions_floor_spawned":[1,5,12,13,19,24,28,31,33,35,39,46,47],"ascension_level":0}