{"gold_per_floor":[119,119,43,53,69,69,100,100,100,30,44,44,59,74,74,148,148,167,45,45,60,73,73,73,73],"floor_reached":25,"playtime":617,"items_purged":[],"score":430,"play_id":"209bcb4f-f1b4-4bcb-8fb9-453d0458be78","local_time":"20190917234610","is_ascension_mode":true,"campfire_choices":[{"data":"Tempest","floor":6.0,"key":"SMITH"},{"floor":8.0,"key":"REST"},{"data":"Defragment","floor":12.0,"key":"SMITH"},{"data":"Creative AI","floor":15.0,"key":"SMITH"},{"floor":23.0,"key":"REST"}],"neow_cost":"NONE","seed_source_timestamp":2271916584600,"circlet_count":0,"master_deck":["AscendersBane","Strike_B","Strike_B","Strike_B","Strike_B","Defend_B","Defend_B","Defend_B","Defend_B","Zap+1","Dualcast","Streamline","Melter","Capacitor","Tempest+1","Cold Snap","Sweeping Beam","Defragment+1","Leap","Storm","Creative AI+1","Thunder Strike","Auto Shields","Seek","Stack","Auto Shields","Buffer"],"special_seed":0,"relics":["Cracked Core","Meat on the Bone","Question Card","Philosopher\u0027s Stone"],"potions_floor_usage":[],"damage_taken":[{"damage":0.0,"enemies":"2 Louse","floor":1.0,"turns":2.0},{"damage":1.0,"enemies":"Cultist","floor":4.0,"turns":3.0},{"damage":12.0,"enemies":"Small Slimes","floor":5.0,"turns":3.0},{"damage":40.0,"enemies":"Lagavulin","floor":7.0,"turns":5.0},{"damage":16.0,"enemies":"2 Fungi Beasts","floor":11.0,"turns":3.0},{"damage":7.0,"enemies":"Large Slime","floor":13.0,"turns":6.0},{"damage":13.0,"enemies":"Exordium Wildlife","floor":14.0,"turns":4.0},{"damage":0.0,"enemies":"Slime Boss","floor":16.0,"turns":7.0},{"damage":26.0,"enemies":"3 Byrds","floor":18.0,"turns":4.0},{"damage":11.0,"enemies":"Shell Parasite","floor":21.0,"turns":6.0},{"damage":24.0,"enemies":"Snecko","floor":22.0,"turns":5.0},{"damage":51,"enemies":"Slavers","floor":25,"turns":3}],"seed_played":"-1102597520769742747","potions_obtained":[{"floor":4.0,"key":"Dexterity Potion"},{"floor":11.0,"key":"LiquidBronze"},{"floor":16.0,"key":"LiquidBronze"},{"floor":18.0,"key":"EssenceOfSteel"}],"is_trial":false,"path_per_floor":["M","?","$","M","M","R","E","R","T","$","M","R","M","M","R","B",null,"M","$","?","M","M","R","?","E"],"character_chosen":"DEFECT","items_purchased":["Capacitor","Defragment","Seek","Stack"],"campfire_rested":2,"item_purchase_floors":[3,10,19,19],"current_hp_per_floor":[64,64,64,63,51,51,11,32,32,32,28,28,33,32,32,44,64,38,38,38,39,27,48,48,0],"gold":73,"neow_bonus":"THREE_CARDS","is_prod":false,"is_daily":false,"chose_seed":false,"campfire_upgraded":3,"win_rate":0,"timestamp":1568781970,"path_taken":["M","?","$","M","M","R","E","R","T","$","M","R","M","?","R","BOSS","M","$","?","M","M","R","?","E"],"build_version":"2019-09-17","purchased_purges":0,"victory":false,"max_hp_per_floor":[71,71,71,71,71,71,71,71,71,71,71,71,71,71,71,71,71,71,71,71,71,71,71,71,71],"card_choices":[{"not_picked":["Gash","Hologram"],"picked":"Streamline","floor":0.0},{"not_picked":["Turbo","Barrage"],"picked":"Melter","floor":1.0},{"not_picked":["Coolheaded","Conserve Battery"],"picked":"Tempest","floor":4.0},{"not_picked":["Darkness","Melter"],"picked":"Cold Snap","floor":5.0},{"not_picked":["Tempest","Darkness"],"picked":"Sweeping Beam","floor":7.0},{"not_picked":["Coolheaded","Conserve Battery","Redo"],"picked":"Leap","floor":11.0},{"not_picked":["Sweeping Beam","Streamline","Compile Driver"],"picked":"Storm","floor":13.0},{"not_picked":["White Noise","Redo","Sweeping Beam"],"picked":"Creative AI","floor":14.0},{"not_picked":["Seek","Amplify","Buffer"],"picked":"Thunder Strike","floor":16.0},{"not_picked":["Barrage+1","Steam","Turbo"],"picked":"Auto Shields","floor":18.0},{"not_picked":["Auto Shields","Ball Lightning+1","Scrape","Genetic Algorithm"],"picked":"SKIP","floor":21.0},{"not_picked":["Ball Lightning+1","Scrape","Genetic Algorithm"],"picked":"Auto Shields","floor":21.0},{"not_picked":["Turbo","Stack","Steam"],"picked":"Buffer","floor":22.0}],"player_experience":1380894,"relics_obtained":[{"floor":7.0,"key":"Meat on the Bone"},{"floor":9.0,"key":"Question Card"}],"event_choices":[{"damage_healed":0.0,"max_hp_gain":0.0,"max_hp_loss":0.0,"gold_gain":0.0,"event_name":"Accursed Blacksmith","player_choice":"Forge","floor":2.0,"gold_loss":0.0,"damage_taken":0.0,"cards_upgraded":["Zap"]},{"damage_healed":0.0,"max_hp_gain":0.0,"max_hp_loss":0.0,"gold_gain":0.0,"event_name":"Vampires","player_choice":"Ignored","floor":20.0,"gold_loss":0.0,"damage_taken":0.0},{"damage_healed":0.0,"max_hp_gain":0.0,"max_hp_loss":0.0,"gold_gain":0.0,"event_name":"The Mausoleum","player_choice":"Ignored","floor":24.0,"gold_loss":0.0,"damage_taken":0.0}],"is_beta":true,"boss_relics":[{"not_picked":["Calling Bell","Cursed Key"],"picked":"Philosopher\u0027s Stone"}],"items_purged_floors":[],"is_endless":false,"potions_floor_spawned":[4,11,16,18],"killed_by":"Slavers","ascension_level":14}