{"gold_per_floor":[109,127,127,139,150,176,176,31,101,119,119,136,153,487,487,585,585,600,610,610,610,623,623],"floor_reached":23,"playtime":1741,"items_purged":[],"score":246,"play_id":"ad743a54-bfba-4383-9942-642416c1c821","local_time":"20180913213816","is_ascension_mode":true,"campfire_choices":[{"floor":7,"key":"REST"},{"data":"Zap","floor":11,"key":"SMITH"},{"floor":15,"key":"REST"}],"neow_cost":"PERCENT_DAMAGE","seed_source_timestamp":86186013746210,"circlet_count":0,"master_deck":["Strike_B","Strike_B","Strike_B","Strike_B","Defend_B","Defend_B","Defend_B","Defend_B","Zap+1","Dualcast","Hologram","Go for the Eyes","Cold Snap","Lockon","Consume","Ball Lightning+1","Compile Driver+1","Heatsinks","Seek","Buffer","Barrage+1","Leap+1","Go for the Eyes+1"],"special_seed":0,"relics":["Cracked Core","Shovel","Matryoshka","Pantograph","DataDisk","Molten Egg 2","Mummified Hand","Old Coin","Coffee Dripper"],"potions_floor_usage":[],"damage_taken":[{"damage":1.0,"enemies":"Cultist","floor":1.0,"turns":3.0},{"damage":0.0,"enemies":"Small Slimes","floor":2.0,"turns":3.0},{"damage":4.0,"enemies":"Jaw Worm","floor":4.0,"turns":4.0},{"damage":0.0,"enemies":"Exordium Thugs","floor":5.0,"turns":5.0},{"damage":34,"enemies":"3 Sentries","floor":6,"turns":10},{"damage":4,"enemies":"Exordium Wildlife","floor":10,"turns":4},{"damage":6,"enemies":"Red Slaver","floor":12,"turns":3},{"damage":0,"enemies":"Blue Slaver","floor":13,"turns":3},{"damage":9,"enemies":"Gremlin Nob","floor":14,"turns":3},{"damage":15,"enemies":"Slime Boss","floor":16,"turns":8},{"damage":22,"enemies":"3 Byrds","floor":18,"turns":5},{"damage":30,"enemies":"2 Thieves","floor":19,"turns":4},{"damage":37,"enemies":"Cultist and Chosen","floor":22,"turns":7},{"damage":23,"enemies":"Book of Stabbing","floor":23,"turns":3}],"seed_played":"7333617417952304399","potions_obtained":[{"floor":2.0,"key":"Block Potion"},{"floor":6,"key":"FairyPotion"},{"floor":10,"key":"SpeedPotion"},{"floor":13,"key":"Ancient Potion"},{"floor":19,"key":"Dexterity Potion"},{"floor":22,"key":"Dexterity Potion"}],"is_trial":false,"path_per_floor":["M","M","T","M","M","E","R","$","T","M","R","M","M","E","R","B",null,"M","M","?","?","M"],"character_chosen":"DEFECT","items_purchased":["DataDisk"],"campfire_rested":2,"item_purchase_floors":[8],"current_hp_per_floor":[53,53,53,49,49,15,37,37,37,33,33,27,27,18,40,50,75,53,23,23,23,7,0],"gold":623,"neow_bonus":"ONE_RARE_RELIC","is_prod":false,"is_daily":false,"chose_seed":false,"campfire_upgraded":1,"win_rate":0,"timestamp":1536899896,"path_taken":["M","M","?","M","M","E","R","?","T","M","R","M","?","E","R","BOSS","M","M","?","?","?","E"],"build_version":"2018-09-06","purchased_purges":0,"victory":false,"max_hp_per_floor":[75,75,75,75,75,75,75,75,75,75,75,75,75,75,75,75,75,75,75,75,75,75,75],"card_choices":[{"not_picked":["Reinforced Body","Streamline"],"picked":"Hologram","floor":1.0},{"not_picked":["Sweeping Beam","Redo"],"picked":"Go for the Eyes","floor":2.0},{"not_picked":["Glacier","Stack"],"picked":"Cold Snap","floor":4.0},{"not_picked":["Gash","Buffer"],"picked":"Lockon","floor":5.0},{"not_picked":["Coolheaded","Cold Snap"],"picked":"Consume","floor":6},{"not_picked":["Darkness","Redo"],"picked":"Ball Lightning+1","floor":10},{"not_picked":["Cold Snap+1","Double Energy"],"picked":"Compile Driver+1","floor":12},{"not_picked":["Conserve Battery","Gash+1"],"picked":"Heatsinks","floor":13},{"not_picked":["Conserve Battery","Sweeping Beam+1"],"picked":"Seek","floor":14},{"not_picked":["Amplify","Reboot"],"picked":"Buffer","floor":16},{"not_picked":["Streamline+1","Tempest"],"picked":"Barrage+1","floor":18},{"not_picked":["Cold Snap+1","Lockon+1"],"picked":"Leap+1","floor":19},{"not_picked":["Gash+1","Tempest"],"picked":"Go for the Eyes+1","floor":22}],"player_experience":381422,"relics_obtained":[{"floor":3.0,"key":"Matryoshka"},{"floor":6,"key":"Pantograph"},{"floor":9,"key":"Molten Egg 2"},{"floor":9,"key":"Mummified Hand"},{"floor":14,"key":"Old Coin"}],"event_choices":[{"event_name":"Forgotten Altar","player_choice":"Smashed Altar","floor":20,"damage_taken":0},{"event_name":"Fountain of Cleansing","player_choice":"Removed Curse","floor":21,"damage_taken":0}],"is_beta":false,"boss_relics":[{"not_picked":["Eternal Feather","Calling Bell"],"picked":"Coffee Dripper"}],"items_purged_floors":[],"is_endless":false,"potions_floor_spawned":[2,6,10,13,19,22],"killed_by":"Book of Stabbing","ascension_level":4}