{"gold_per_floor":[109,128,128,144,144,144,179,179,233,193],"floor_reached":10,"playtime":276,"items_purged":[],"score":132,"play_id":"472f4b94-9ee5-49ae-8440-48fdb0659ffa","local_time":"20181224144642","is_ascension_mode":true,"campfire_choices":[{"data":"Defragment","floor":6,"key":"SMITH"}],"neow_cost":"NONE","seed_source_timestamp":8167511340711615,"circlet_count":0,"master_deck":["AscendersBane","Strike_B","Strike_B","Strike_B","Strike_B","Defend_B","Defend_B","Defend_B","Defend_B","Zap+1","Dualcast","Defragment+1","Sweeping Beam","Cold Snap","Chaos"],"relics":["Cracked Core","Vajra","Dead Branch","Orichalcum"],"potions_floor_usage":[],"damage_taken":[{"damage":1,"enemies":"Cultist","floor":1,"turns":3},{"damage":3,"enemies":"2 Louse","floor":2,"turns":2},{"damage":0,"enemies":"Small Slimes","floor":4,"turns":3},{"damage":23,"enemies":"3 Sentries","floor":7,"turns":7},{"damage":31,"enemies":"Exordium Thugs","floor":10,"turns":2}],"seed_played":"6326833389575949041","potions_obtained":[{"floor":2,"key":"Poison Potion"},{"floor":7,"key":"Ancient Potion"},{"floor":8,"key":"SteroidPotion"}],"is_trial":false,"path_per_floor":["M","M","?","M","?","R","E","?","T","M"],"character_chosen":"DEFECT","items_purchased":[],"campfire_rested":0,"item_purchase_floors":[],"current_hp_per_floor":[63,60,65,65,54,54,31,31,31,0],"gold":193,"neow_bonus":"UPGRADE_CARD","is_prod":false,"is_daily":false,"chose_seed":false,"campfire_upgraded":1,"win_rate":0,"timestamp":1545691602,"path_taken":["M","M","?","M","?","R","E","?","T","M"],"build_version":"2018-12-20","purchased_purges":0,"victory":false,"max_hp_per_floor":[71,71,76,76,76,76,76,76,76,76],"card_choices":[{"not_picked":["Rebound","Conserve Battery"],"picked":"Defragment","floor":1},{"not_picked":["Coolheaded","Conserve Battery"],"picked":"Sweeping Beam","floor":2},{"not_picked":["Turbo","Chill"],"picked":"Cold Snap","floor":4},{"not_picked":["Steam","Rebound"],"picked":"Chaos","floor":7}],"player_experience":1131486,"relics_obtained":[{"floor":7,"key":"Dead Branch"},{"floor":9,"key":"Orichalcum"}],"event_choices":[{"damage_healed":0,"gold_gain":0,"player_choice":"Donut","damage_taken":0,"max_hp_gain":5,"max_hp_loss":0,"event_name":"Big Fish","floor":3,"gold_loss":0},{"damage_healed":0,"gold_gain":0,"player_choice":"Success","damage_taken":11,"relics_obtained":["Vajra"],"max_hp_gain":0,"max_hp_loss":0,"event_name":"Scrap Ooze","floor":5,"gold_loss":0},{"damage_healed":0,"gold_gain":0,"player_choice":"Got Potions","damage_taken":0,"max_hp_gain":0,"max_hp_loss":0,"event_name":"Lab","floor":8,"gold_loss":0}],"is_beta":true,"boss_relics":[],"items_purged_floors":[],"is_endless":false,"potions_floor_spawned":[2,7],"killed_by":"Exordium Thugs","ascension_level":20}