{"gold_per_floor":[119,119,138,138,138,169,237,237,237,269,269,82,101,114,114,186,186,162,176,226,276,23,42,42,59,59,76,76,126,144,175,175,254,254,267,91,141,191,208,243,243,8,8,76,126,0,18,18,18,18],"floor_reached":50,"playtime":2456,"items_purged":["Strike_G","Strike_G"],"score":1150,"play_id":"c07a951e-33e2-481c-9991-239900fb5138","local_time":"20190816174926","is_ascension_mode":true,"campfire_choices":[{"floor":8.0,"key":"REST"},{"floor":11.0,"key":"REST"},{"data":"Neutralize","floor":15.0,"key":"SMITH"},{"floor":24.0,"key":"REST"},{"floor":28.0,"key":"REST"},{"data":"Wraith Form v2","floor":32,"key":"SMITH"},{"data":"Catalyst","floor":41,"key":"SMITH"},{"floor":49,"key":"REST"}],"neow_cost":"NONE","seed_source_timestamp":17937003931300,"circlet_count":0,"master_deck":["AscendersBane","Defend_G","Defend_G+1","Defend_G+1","Defend_G+1","Survivor","Neutralize+1","Blade Dance+1","Noxious Fumes","Deadly Poison","Deadly Poison","Tools of the Trade","Dash","Crippling Poison","Wraith Form v2+1","Noxious Fumes+1","Reflex+1","Underhanded Strike+1","Choke","Dagger Throw","Noxious Fumes","Cloak And Dagger","Bouncing Flask","Dodge and Roll","Ghostly","Ghostly","Ghostly","Malaise","A Thousand Cuts+1","Caltrops+1","Catalyst+1","Dodge and Roll+1","Cloak And Dagger+1","Well Laid Plans+1","Backflip"],"special_seed":0,"relics":["Ring of the Snake","Orichalcum","SsserpentHead","Du-Vu Doll","FossilizedHelix","Girya","Bag of Preparation","Astrolabe","Enchiridion","Medical Kit","Frozen Egg 2","War Paint","Sozu","Paper Crane","Anchor","Bronze Scales","Oddly Smooth Stone","Boot","Red Mask"],"potions_floor_usage":[31,33],"damage_taken":[{"damage":0.0,"enemies":"Cultist","floor":1.0,"turns":4.0},{"damage":0.0,"enemies":"2 Louse","floor":3.0,"turns":5.0},{"damage":31.0,"enemies":"Gremlin Nob","floor":6.0,"turns":5.0},{"damage":0.0,"enemies":"Jaw Worm","floor":7.0,"turns":4.0},{"damage":12.0,"enemies":"Lagavulin","floor":10.0,"turns":6.0},{"damage":0.0,"enemies":"3 Louse","floor":13.0,"turns":4.0},{"damage":0.0,"enemies":"2 Fungi Beasts","floor":14.0,"turns":3.0},{"damage":21.0,"enemies":"Slime Boss","floor":16.0,"turns":11.0},{"damage":11.0,"enemies":"2 Thieves","floor":18.0,"turns":4.0},{"damage":1.0,"enemies":"3 Byrds","floor":19.0,"turns":6.0},{"damage":0.0,"enemies":"Snecko","floor":23.0,"turns":5.0},{"damage":0.0,"enemies":"Snake Plant","floor":25.0,"turns":5.0},{"damage":24.0,"enemies":"3 Cultists","floor":27.0,"turns":4.0},{"damage":0.0,"enemies":"Chosen and Byrds","floor":30.0,"turns":6.0},{"damage":0,"enemies":"Book of Stabbing","floor":31,"turns":7},{"damage":23,"enemies":"Champ","floor":33,"turns":14},{"damage":0,"enemies":"3 Shapes","floor":35,"turns":5},{"damage":0,"enemies":"3 Darklings","floor":39,"turns":4},{"damage":0,"enemies":"Nemesis","floor":40,"turns":9},{"damage":0,"enemies":"Transient","floor":44,"turns":6},{"damage":18,"enemies":"Sphere and 2 Shapes","floor":47,"turns":5},{"damage":24,"enemies":"Awakened One","floor":50,"turns":7}],"seed_played":"4244815130625183636","potions_obtained":[{"floor":3.0,"key":"GhostInAJar"},{"floor":7.0,"key":"Dexterity Potion"},{"floor":13.0,"key":"Explosive Potion"},{"floor":25.0,"key":"SteroidPotion"},{"floor":31,"key":"SkillPotion"}],"is_trial":false,"path_per_floor":["M","?","M","?","?","E","M","R","T","E","R","$","M","M","R","B",null,"M","M","?","?","$","M","R","M","T","M","R","?","M","E","R","B",null,"M","$","?","T","M","E","R","$","T","M","T","?","M","$","R","B"],"character_chosen":"THE_SILENT","items_purchased":["Bag of Preparation","Medical Kit","Noxious Fumes","Catalyst","Well Laid Plans+1","Bronze Scales"],"campfire_rested":5,"item_purchase_floors":[12,22,22,36,42,42],"current_hp_per_floor":[59,39,39,32,32,1,1,20,20,8,27,27,27,27,27,6,51,40,39,39,18,18,18,37,37,37,13,32,32,32,32,32,9,27,27,27,27,27,27,27,27,27,27,27,27,27,9,9,18,0],"gold":18,"neow_bonus":"RANDOM_COMMON_RELIC","is_prod":false,"is_daily":false,"chose_seed":false,"campfire_upgraded":3,"win_rate":0,"timestamp":1565992166,"path_taken":["M","?","M","?","?","E","?","R","T","E","R","?","M","M","R","BOSS","M","M","?","?","$","M","R","M","T","M","R","?","M","E","R","BOSS","M","$","?","?","M","E","R","$","T","?","?","?","M","$","R","BOSS"],"build_version":"2019-07-17","purchased_purges":2,"victory":false,"max_hp_per_floor":[66,66,66,66,66,66,66,66,66,66,66,66,66,66,66,66,66,66,66,66,66,66,66,66,66,66,66,66,33,33,33,33,33,33,33,33,31,31,31,31,31,31,31,31,31,31,31,31,31,31],"card_choices":[{"not_picked":["Bane","Slice"],"picked":"Blade Dance","floor":1.0},{"not_picked":["Endless Agony","Quick Slash"],"picked":"Noxious Fumes","floor":3.0},{"not_picked":["Poisoned Stab","Endless Agony"],"picked":"Deadly Poison","floor":6.0},{"not_picked":["Concentrate","Sucker Punch"],"picked":"Deadly Poison","floor":7.0},{"not_picked":["Prepared","All Out Attack"],"picked":"Tools of the Trade","floor":10.0},{"not_picked":["Calculated Gamble","Quick Slash"],"picked":"Dash","floor":13.0},{"not_picked":["Deflect","Poisoned Stab"],"picked":"Crippling Poison","floor":14.0},{"not_picked":["Die Die Die","Venomology"],"picked":"Wraith Form v2","floor":16.0},{"not_picked":["Quick Slash","Prepared"],"picked":"Choke","floor":18.0},{"not_picked":["Dagger Spray","Concentrate"],"picked":"Dagger Throw","floor":19.0},{"not_picked":["Poisoned Stab","Setup"],"picked":"Cloak And Dagger","floor":23.0},{"not_picked":["Cloak And Dagger","Quick Slash"],"picked":"Bouncing Flask","floor":25.0},{"not_picked":["Escape Plan","Crippling Poison+1"],"picked":"Dodge and Roll","floor":27.0},{"not_picked":["Slice","PiercingWail"],"picked":"Malaise","floor":30.0},{"not_picked":["Bane+1","Underhanded Strike+1","Accuracy+1"],"picked":"SKIP","floor":31},{"not_picked":["Tools of the Trade+1","Bullet Time"],"picked":"A Thousand Cuts+1","floor":33},{"not_picked":["Setup","Crippling Poison"],"picked":"Caltrops+1","floor":35},{"not_picked":["Setup","Slice"],"picked":"Dodge and Roll+1","floor":39},{"not_picked":["Flying Knee","Masterful Stab"],"picked":"Cloak And Dagger+1","floor":40},{"not_picked":["Endless Agony","Tactician","Quick Slash"],"picked":"SKIP","floor":44},{"not_picked":["Dodge and Roll+1","Terror"],"picked":"Backflip","floor":47}],"player_experience":724582,"relics_obtained":[{"floor":6.0,"key":"Du-Vu Doll"},{"floor":9.0,"key":"FossilizedHelix"},{"floor":10.0,"key":"Girya"},{"floor":21.0,"key":"Enchiridion"},{"floor":26.0,"key":"Frozen Egg 2"},{"floor":31,"key":"War Paint"},{"floor":38,"key":"Paper Crane"},{"floor":40,"key":"Anchor"},{"floor":43,"key":"Oddly Smooth Stone"},{"floor":45,"key":"Boot"}],"event_choices":[{"damage_healed":0.0,"max_hp_gain":0.0,"max_hp_loss":0.0,"gold_gain":0.0,"event_name":"Shining Light","player_choice":"Entered Light","floor":2.0,"gold_loss":0.0,"damage_taken":20.0,"cards_upgraded":["Defend_G","Blade Dance"]},{"cards_removed":["Strike_G"],"damage_healed":0.0,"max_hp_gain":0.0,"max_hp_loss":0.0,"gold_gain":0.0,"event_name":"Golden Wing","player_choice":"Card Removal","floor":4.0,"gold_loss":0.0,"damage_taken":7.0},{"damage_healed":0.0,"max_hp_gain":0.0,"max_hp_loss":0.0,"gold_gain":0.0,"event_name":"FaceTrader","player_choice":"Trade","floor":5.0,"gold_loss":0.0,"damage_taken":0.0,"relics_obtained":["SsserpentHead"]},{"damage_healed":0.0,"max_hp_gain":0.0,"max_hp_loss":0.0,"gold_gain":0.0,"event_name":"Vampires","player_choice":"Ignored","floor":20.0,"gold_loss":0.0,"damage_taken":0.0},{"damage_healed":0.0,"max_hp_gain":0.0,"max_hp_loss":0.0,"gold_gain":0.0,"event_name":"Cursed Tome","player_choice":"Obtained Book","floor":21.0,"gold_loss":0.0,"damage_taken":21.0},{"damage_healed":0.0,"max_hp_gain":0.0,"max_hp_loss":33.0,"gold_gain":0.0,"event_name":"Ghosts","player_choice":"Became a Ghost","floor":29.0,"gold_loss":0.0,"damage_taken":0.0,"cards_obtained":["Ghostly","Ghostly","Ghostly"]},{"damage_healed":0,"gold_gain":0,"player_choice":"Max HP","damage_taken":0,"max_hp_gain":0,"max_hp_loss":2,"event_name":"Winding Halls","floor":37,"gold_loss":0},{"damage_healed":0,"gold_gain":0,"player_choice":"Paid","damage_taken":0,"relics_obtained":["Red Mask"],"max_hp_gain":0,"max_hp_loss":0,"event_name":"Tomb of Lord Red Mask","floor":46,"gold_loss":176}],"is_beta":false,"boss_relics":[{"not_picked":["Velvet Choker","Runic Dome"],"picked":"Astrolabe"},{"not_picked":["White Beast Statue","Ring of the Serpent"],"picked":"Sozu"}],"items_purged_floors":[12,36],"is_endless":false,"potions_floor_spawned":[3,7,13,14,25,30,31,39,40,44],"killed_by":"Awakened One","ascension_level":20}