{"gold_per_floor":[363,373,389,403,77,77,104,122,152,169,180,194,194,224,224,224],"floor_reached":16,"playtime":882,"items_purged":["Strike_G"],"score":209,"play_id":"ffac5903-8ea5-43c3-bd5e-056ce01e2035","local_time":"20181023012203","is_ascension_mode":true,"campfire_choices":[{"data":"Neutralize","floor":6,"key":"SMITH"},{"floor":13,"key":"REST"},{"floor":15,"key":"REST"}],"neow_cost":"TEN_PERCENT_HP_LOSS","seed_source_timestamp":2758225937942099,"circlet_count":0,"master_deck":["Defend_G","Defend_G","Defend_G","Defend_G","Defend_G","Strike_G","Strike_G","Strike_G","Strike_G","Survivor","Neutralize+1","AscendersBane","Skewer","Deadly Poison","Sucker Punch","Cloak And Dagger","Noxious Fumes","Die Die Die","Dodge and Roll","Dash","Acrobatics","Heel Hook","Cloak And Dagger","Glass Knife"],"relics":["Ring of the Snake","Bronze Scales","Dream Catcher","Tiny Chest","Orichalcum"],"potions_floor_usage":[7,14,16],"damage_taken":[{"damage":1,"enemies":"Cultist","floor":1,"turns":4},{"damage":1,"enemies":"Jaw Worm","floor":2,"turns":4},{"damage":4,"enemies":"Small Slimes","floor":3,"turns":4},{"damage":14,"enemies":"Gremlin Gang","floor":4,"turns":6},{"damage":14,"enemies":"Gremlin Nob","floor":7,"turns":4},{"damage":2,"enemies":"2 Fungi Beasts","floor":8,"turns":3},{"damage":3,"enemies":"Blue Slaver","floor":10,"turns":3},{"damage":0,"enemies":"Looter","floor":11,"turns":3},{"damage":3,"enemies":"2 Fungi Beasts","floor":12,"turns":3},{"damage":12,"enemies":"Lagavulin","floor":14,"turns":8},{"damage":44,"enemies":"The Guardian","floor":16,"turns":10}],"seed_played":"2580265969182636591","potions_obtained":[{"floor":1,"key":"Poison Potion"},{"floor":4,"key":"Strength Potion"},{"floor":7,"key":"FearPotion"},{"floor":10,"key":"Explosive Potion"}],"is_trial":false,"path_per_floor":["M","M","M","M","$","R","E","M","T","M","M","M","R","E","R"],"character_chosen":"THE_SILENT","items_purchased":["Noxious Fumes","Bronze Scales"],"campfire_rested":2,"item_purchase_floors":[5,5],"current_hp_per_floor":[58,57,53,39,39,39,25,23,23,20,20,17,35,23,41,0],"gold":224,"neow_bonus":"TWO_FIFTY_GOLD","is_prod":false,"is_daily":false,"chose_seed":false,"campfire_upgraded":1,"win_rate":0,"timestamp":1540282923,"path_taken":["M","M","M","M","$","R","E","M","T","M","M","M","R","E","R","BOSS"],"build_version":"2018-10-22","purchased_purges":1,"victory":false,"max_hp_per_floor":[60,60,60,60,60,60,60,60,60,60,60,60,60,60,60,60],"card_choices":[{"not_picked":["Backflip","Underhanded Strike"],"picked":"Skewer","floor":1},{"not_picked":["Flechettes","Expertise"],"picked":"Deadly Poison","floor":2},{"not_picked":["Dagger Spray","Terror"],"picked":"Sucker Punch","floor":3},{"not_picked":["Flying Knee","Concentrate"],"picked":"Cloak And Dagger","floor":4},{"not_picked":["Predator","Acrobatics"],"picked":"Die Die Die","floor":7},{"not_picked":["All Out Attack","Blade Dance"],"picked":"Dodge and Roll","floor":8},{"not_picked":["Infinite Blades","Deflect"],"picked":"Dash","floor":10},{"not_picked":["Blade Dance","Outmaneuver"],"picked":"Acrobatics","floor":11},{"not_picked":["All Out Attack","Outmaneuver"],"picked":"Heel Hook","floor":12},{"not_picked":["Quick Slash","Skewer"],"picked":"Cloak And Dagger","floor":13},{"not_picked":["Masterful Stab","Distraction"],"picked":"Glass Knife","floor":14}],"player_experience":957210,"relics_obtained":[{"floor":7,"key":"Dream Catcher"},{"floor":9,"key":"Tiny Chest"},{"floor":14,"key":"Orichalcum"}],"event_choices":[],"is_beta":true,"boss_relics":[],"items_purged_floors":[5],"is_endless":false,"potions_floor_spawned":[1,4,7,10],"killed_by":"The Guardian","ascension_level":16}