{"gold_per_floor":[110,128,128,176,186,186,213,213,213,213,224,253,24,24,24,144,144,165,190,208,233,233,233,256,256,256,280,280,280,293,293,293,397,397,417,431,446,129,178,178,193,9,9,9,26,46,83,83,83,179,179,199,199,279,26,126,126,146,146,146,146,156,176,221,239,239,339,339,352,372,79,79,90,90,103,103,130,130,141,141,141,155,155,155],"floor_reached":84,"playtime":4591,"items_purged":["Strike_R"],"score":1453,"play_id":"6b933d5b-982b-479f-8586-138fbda255d8","local_time":"20190317182657","is_ascension_mode":false,"campfire_choices":[{"data":"Bash","floor":6.0,"key":"SMITH"},{"data":"True Grit","floor":8.0,"key":"SMITH"},{"data":"Cleave","floor":10.0,"key":"SMITH"},{"data":"Corruption","floor":15.0,"key":"SMITH"},{"data":"Uppercut","floor":23.0,"key":"SMITH"},{"floor":25.0,"key":"REST"},{"data":"Perfected Strike","floor":28.0,"key":"SMITH"},{"floor":32.0,"key":"REST"},{"data":"Searing Blow","floor":40.0,"key":"SMITH"},{"data":"Searing Blow+1","floor":44.0,"key":"SMITH"},{"floor":49.0,"key":"REST"},{"data":"Searing Blow+3","floor":57.0,"key":"SMITH"},{"data":"Searing Blow+4","floor":59.0,"key":"SMITH"},{"data":"Searing Blow+5","floor":61.0,"key":"SMITH"},{"data":"Searing Blow+6","floor":66.0,"key":"SMITH"},{"data":"Searing Blow+7","floor":74.0,"key":"SMITH"},{"data":"Searing Blow+8","floor":76.0,"key":"SMITH"},{"data":"Searing Blow+9","floor":80,"key":"SMITH"},{"floor":83,"key":"REST"}],"neow_cost":"","seed_source_timestamp":0,"circlet_count":0,"master_deck":["Strike_R+1","Strike_R+1","Strike_R+1","Defend_R+1","Defend_R+1","Defend_R+1","Bash+1","Cleave+1","True Grit+1","Corruption+1","Fiend Fire","Disarm","Uppercut+1","Feed","Perfected Strike+1","Shrug It Off","Pummel","Pommel Strike","Twin Strike+1","Feed","Perfected Strike+1","Searing Blow+10","Perfected Strike","Inflame","Disarm+1","Warcry+1","HandOfGreed","Clothesline+1","Whirlwind","Twin Strike+1","Fiend Fire","Disarm","Perfected Strike","Limit Break","Twin Strike","True Grit","Juggernaut","Perfected Strike","Shrug It Off","Headbutt","Pommel Strike","True Grit+1"],"special_seed":0,"relics":["Burning Blood","Pen Nib","Orichalcum","War Paint","Whetstone","Bloody Idol","Black Star","Shuriken","Mark of Pain","Mummified Hand","Unceasing Top","Bottled Flame","Runic Cube","Anchor","Kunai","Mercury Hourglass","Toxic Egg 2"],"potions_floor_usage":[],"damage_taken":[{"damage":15.0,"enemies":"Jaw Worm","floor":1.0,"turns":5.0},{"damage":1.0,"enemies":"Cultist","floor":2.0,"turns":3.0},{"damage":0.0,"enemies":"Small Slimes","floor":5.0,"turns":2.0},{"damage":17.0,"enemies":"3 Sentries","floor":7.0,"turns":5.0},{"damage":2.0,"enemies":"Exordium Wildlife","floor":11.0,"turns":4.0},{"damage":14.0,"enemies":"Lagavulin","floor":12.0,"turns":7.0},{"damage":19.0,"enemies":"Hexaghost","floor":16.0,"turns":12.0},{"damage":29.0,"enemies":"Spheric Guardian","floor":18.0,"turns":8.0},{"damage":9.0,"enemies":"Shell Parasite","floor":19.0,"turns":7.0},{"damage":20.0,"enemies":"Centurion and Healer","floor":20.0,"turns":9.0},{"damage":2.0,"enemies":"Snake Plant","floor":21.0,"turns":6.0},{"damage":37.0,"enemies":"Chosen and Byrds","floor":24.0,"turns":8.0},{"damage":6.0,"enemies":"Snecko","floor":27.0,"turns":7.0},{"damage":5.0,"enemies":"Snake Plant","floor":30.0,"turns":5.0},{"damage":76.0,"enemies":"Automaton","floor":33.0,"turns":12.0},{"damage":11.0,"enemies":"3 Shapes","floor":35.0,"turns":7.0},{"damage":9.0,"enemies":"Orb Walker","floor":36.0,"turns":2.0},{"damage":7.0,"enemies":"4 Shapes","floor":37.0,"turns":5.0},{"damage":49.0,"enemies":"2 Orb Walkers","floor":39.0,"turns":6.0},{"damage":15.0,"enemies":"Sphere and 2 Shapes","floor":41.0,"turns":5.0},{"damage":12.0,"enemies":"3 Darklings","floor":45.0,"turns":5.0},{"damage":29.0,"enemies":"Maw","floor":46.0,"turns":7.0},{"damage":7.0,"enemies":"Jaw Worm Horde","floor":47.0,"turns":5.0},{"damage":90.0,"enemies":"Time Eater","floor":50.0,"turns":14.0},{"damage":3.0,"enemies":"Jaw Worm","floor":52.0,"turns":2.0},{"damage":0.0,"enemies":"Gremlin Nob","floor":54.0,"turns":2.0},{"damage":0.0,"enemies":"Cultist","floor":58.0,"turns":2.0},{"damage":0.0,"enemies":"Small Slimes","floor":62.0,"turns":2.0},{"damage":6.0,"enemies":"Exordium Thugs","floor":63.0,"turns":3.0},{"damage":8.0,"enemies":"3 Sentries","floor":64.0,"turns":3.0},{"damage":0.0,"enemies":"Looter","floor":65.0,"turns":1.0},{"damage":90.0,"enemies":"Hexaghost","floor":67.0,"turns":6.0},{"damage":10.0,"enemies":"Chosen","floor":69.0,"turns":3.0},{"damage":10.0,"enemies":"Shell Parasite","floor":70.0,"turns":2.0},{"damage":22.0,"enemies":"Snecko","floor":73.0,"turns":3.0},{"damage":0.0,"enemies":"Cultist and Chosen","floor":75.0,"turns":4.0},{"damage":45,"enemies":"Slavers","floor":77,"turns":4},{"damage":0,"enemies":"Chosen and Byrds","floor":79,"turns":2},{"damage":28,"enemies":"3 Cultists","floor":82,"turns":4},{"damage":165,"enemies":"Automaton","floor":84,"turns":6}],"seed_played":"-5635288251593494996","potions_obtained":[{"floor":1.0,"key":"Explosive Potion"},{"floor":2.0,"key":"SteroidPotion"},{"floor":16.0,"key":"Fire Potion"},{"floor":21.0,"key":"FearPotion"},{"floor":24.0,"key":"GamblersBrew"},{"floor":30.0,"key":"Fire Potion"},{"floor":35.0,"key":"Weak Potion"},{"floor":36.0,"key":"Strength Potion"},{"floor":37.0,"key":"Explosive Potion"},{"floor":41.0,"key":"AttackPotion"},{"floor":46.0,"key":"SteroidPotion"},{"floor":63.0,"key":"Explosive Potion"},{"floor":65.0,"key":"LiquidBronze"},{"floor":67.0,"key":"EssenceOfSteel"},{"floor":70.0,"key":"Dexterity Potion"},{"floor":73.0,"key":"Fire Potion"},{"floor":75.0,"key":"Weak Potion"}],"is_trial":true,"path_per_floor":["M","M","?","T","M","R","E","R","T","R","M","E","$","?","R","B",null,"M","M","M","M","?","R","M","R","T","M","R","?","M","?","R","B",null,"M","M","M","$","?","R","M","$","T","R","M","M","M","?","R","B",null,"M","?","?","$","?","R","M","R","T","R","M","M","E","M","R","B",null,"M","M","$","?","M","R","M","R","E","?","M","R","?","M","R","B"],"character_chosen":"IRONCLAD","items_purchased":["Disarm","Uppercut","Mummified Hand","Inflame","HandOfGreed","Kunai","Toxic Egg 2","Headbutt"],"campfire_rested":4,"item_purchase_floors":[13,13,38,38,42,55,71,71],"current_hp_per_floor":[71,76,69,69,75,75,64,64,64,64,68,60,60,40,40,27,80,57,57,46,50,50,50,22,48,48,48,48,48,54,54,80,18,92,98,101,107,107,69,69,68,68,68,68,70,52,64,64,97,18,110,113,113,113,113,113,113,113,113,113,113,113,113,116,116,116,37,116,116,116,116,116,105,105,116,116,82,82,93,93,69,52,88,0],"gold":155,"neow_bonus":"","is_prod":false,"is_daily":false,"chose_seed":false,"campfire_upgraded":15,"win_rate":0,"timestamp":1552872417,"path_taken":["M","M","?","?","M","R","E","R","T","R","?","E","$","?","R","BOSS","M","M","M","M","?","R","M","R","T","M","R","?","M","?","R","BOSS","M","M","M","$","?","R","M","$","T","R","M","M","M","?","R","BOSS","M","?","?","?","?","R","M","R","T","R","M","M","E","M","R","BOSS","M","M","$","?","M","R","M","R","E","?","M","R","?","M","R","BOSS"],"build_version":"2019-01-23","purchased_purges":1,"victory":false,"max_hp_per_floor":[80,80,80,80,80,80,80,80,80,80,80,80,80,80,80,80,80,80,83,86,86,86,86,89,89,89,89,89,89,89,89,89,92,92,98,101,107,107,107,107,110,110,110,110,113,113,116,110,110,110,110,113,113,113,113,113,113,113,113,113,113,113,113,116,116,116,116,116,116,116,116,116,116,116,116,116,116,116,116,116,121,121,121,121],"card_choices":[{"not_picked":["Blood for Blood","Warcry","Flex"],"picked":"SKIP","floor":1.0},{"not_picked":["Thunderclap","Warcry"],"picked":"Cleave","floor":2.0},{"not_picked":["Combust","Power Through","Clash"],"picked":"SKIP","floor":5.0},{"not_picked":["Havoc","Seeing Red"],"picked":"True Grit","floor":7.0},{"not_picked":["Havoc","Rampage"],"picked":"Corruption","floor":11.0},{"not_picked":["Flex","Heavy Blade"],"picked":"Fiend Fire","floor":12.0},{"not_picked":["Berserk","Fiend Fire"],"picked":"Feed","floor":16.0},{"not_picked":["Flex+1","Thunderclap+1"],"picked":"Perfected Strike","floor":18.0},{"not_picked":["Sentinel","Clash","Bloodletting"],"picked":"SKIP","floor":19.0},{"not_picked":["Sword Boomerang","Clothesline"],"picked":"Shrug It Off","floor":20.0},{"not_picked":["Headbutt","Fiend Fire"],"picked":"Pummel","floor":21.0},{"not_picked":["Infernal Blade","Sword Boomerang"],"picked":"Pommel Strike","floor":24.0},{"not_picked":["Anger","Clothesline"],"picked":"Twin Strike+1","floor":27.0},{"not_picked":["Dropkick","Heavy Blade","Rampage+1"],"picked":"SKIP","floor":30.0},{"not_picked":["Bludgeon","Exhume"],"picked":"Feed","floor":33.0},{"not_picked":["Wild Strike+1","Ghostly Armor+1"],"picked":"Perfected Strike+1","floor":35.0},{"not_picked":["Inflame","Cleave+1"],"picked":"Searing Blow","floor":36.0},{"not_picked":["Uppercut+1","Double Tap"],"picked":"Perfected Strike","floor":37.0},{"not_picked":["Bloodletting","Dropkick+1"],"picked":"Disarm+1","floor":39.0},{"not_picked":["Heavy Blade+1","Havoc+1"],"picked":"Warcry+1","floor":41.0},{"not_picked":["Body Slam+1","Anger"],"picked":"Clothesline+1","floor":45.0},{"not_picked":["Rupture","Warcry+1"],"picked":"Whirlwind","floor":46.0},{"not_picked":["Warcry","Cleave+1"],"picked":"Twin Strike+1","floor":47.0},{"not_picked":["Exhume","Feed"],"picked":"Fiend Fire","floor":50.0},{"not_picked":["Sword Boomerang","Clash","Heavy Blade"],"picked":"SKIP","floor":52.0},{"not_picked":["Anger","Burning Pact"],"picked":"Disarm","floor":54.0},{"not_picked":["Warcry","Armaments","Clothesline"],"picked":"SKIP","floor":58.0},{"not_picked":["Combust","True Grit"],"picked":"Perfected Strike","floor":62.0},{"not_picked":["Carnage","Clash"],"picked":"Limit Break","floor":63.0},{"not_picked":["Thunderclap","Heavy Blade"],"picked":"Twin Strike","floor":64.0},{"not_picked":["Clothesline","Sword Boomerang"],"picked":"True Grit","floor":65.0},{"not_picked":["Double Tap","Brutality"],"picked":"Juggernaut","floor":67.0},{"not_picked":["Body Slam+1","Corruption+1"],"picked":"Perfected Strike","floor":69.0},{"not_picked":["Dropkick","Havoc+1"],"picked":"Shrug It Off","floor":70.0},{"not_picked":["Whirlwind","Clothesline+1","Cleave"],"picked":"SKIP","floor":73.0},{"not_picked":["Burning Pact+1","Flex+1","Corruption"],"picked":"SKIP","floor":75.0},{"not_picked":["Iron Wave","Bludgeon"],"picked":"Pommel Strike","floor":77},{"not_picked":["Hemokinesis","Entrench+1"],"picked":"True Grit+1","floor":79},{"not_picked":["Armaments+1","Sword Boomerang","Anger"],"picked":"SKIP","floor":82}],"player_experience":1072717,"relics_obtained":[{"floor":4.0,"key":"Pen Nib"},{"floor":7.0,"key":"Orichalcum"},{"floor":9.0,"key":"War Paint"},{"floor":12.0,"key":"Whetstone"},{"floor":26.0,"key":"Shuriken"},{"floor":39.0,"key":"Unceasing Top"},{"floor":43.0,"key":"Bottled Flame"},{"floor":60.0,"key":"Mercury Hourglass"}],"event_choices":[{"cards_removed":["Strike_R"],"damage_healed":0.0,"max_hp_gain":0.0,"max_hp_loss":0.0,"gold_gain":0.0,"event_name":"Golden Wing","player_choice":"Card Removal","floor":3.0,"gold_loss":0.0,"damage_taken":7.0},{"damage_healed":0.0,"max_hp_gain":0.0,"max_hp_loss":0.0,"gold_gain":0.0,"event_name":"Golden Idol","player_choice":"Take Damage","floor":14.0,"gold_loss":0.0,"damage_taken":20.0,"relics_obtained":["Golden Idol"]},{"damage_healed":0.0,"max_hp_gain":0.0,"max_hp_loss":0.0,"gold_gain":0.0,"event_name":"Back to Basics","player_choice":"Simplicity","floor":22.0,"gold_loss":0.0,"damage_taken":0.0,"cards_upgraded":["Strike_R","Defend_R","Defend_R"]},{"damage_healed":0.0,"max_hp_gain":0.0,"max_hp_loss":0.0,"gold_gain":0.0,"event_name":"Forgotten Altar","player_choice":"Gave Idol","floor":29.0,"relics_lost":["Golden Idol"],"gold_loss":0.0,"damage_taken":0.0,"relics_obtained":["Bloody Idol"]},{"damage_healed":0.0,"max_hp_gain":0.0,"max_hp_loss":0.0,"gold_gain":0.0,"event_name":"Beggar","player_choice":"Ignored","floor":31.0,"gold_loss":0.0,"damage_taken":0.0},{"damage_healed":0.0,"max_hp_gain":0.0,"max_hp_loss":0.0,"gold_gain":0.0,"event_name":"Mysterious Sphere","player_choice":"Fight","floor":39.0,"gold_loss":0.0,"damage_taken":0.0},{"damage_healed":0.0,"max_hp_gain":0.0,"max_hp_loss":6.0,"gold_gain":0.0,"event_name":"Winding Halls","player_choice":"Max HP","floor":48.0,"gold_loss":0.0,"damage_taken":0.0},{"damage_healed":0.0,"max_hp_gain":0.0,"max_hp_loss":0.0,"gold_gain":0.0,"event_name":"Living Wall","player_choice":"Grow","floor":53.0,"gold_loss":0.0,"damage_taken":0.0,"cards_upgraded":["Searing Blow"]},{"damage_healed":0.0,"max_hp_gain":0.0,"max_hp_loss":0.0,"gold_gain":0.0,"event_name":"Dead Adventurer","player_choice":"Searched \u00273\u0027 times","floor":54.0,"gold_loss":0.0,"damage_taken":0.0,"relics_obtained":["Anchor"]},{"damage_healed":0.0,"max_hp_gain":0.0,"max_hp_loss":0.0,"gold_gain":100.0,"event_name":"Golden Shrine","player_choice":"Pray","floor":56.0,"gold_loss":0.0,"damage_taken":0.0},{"cards_removed":["Defend_R"],"damage_healed":0.0,"max_hp_gain":0.0,"max_hp_loss":0.0,"gold_gain":0.0,"event_name":"Back to Basics","player_choice":"Elegance","floor":72.0,"gold_loss":0.0,"damage_taken":0.0},{"damage_healed":0,"gold_gain":0,"player_choice":"Ignored","damage_taken":0,"max_hp_gain":0,"max_hp_loss":0,"event_name":"Vampires","floor":78,"gold_loss":0},{"damage_healed":0,"gold_gain":0,"player_choice":"Shed Blood","damage_taken":29,"max_hp_gain":5,"max_hp_loss":0,"event_name":"Forgotten Altar","floor":81,"gold_loss":0}],"is_beta":false,"boss_relics":[{"not_picked":["Cursed Key","Ectoplasm"],"picked":"Black Star"},{"not_picked":["Astrolabe","Pandora\u0027s Box"],"picked":"Mark of Pain"},{"not_picked":["Philosopher\u0027s Stone","Busted Crown"],"picked":"Runic Cube"},{"not_picked":["GraspOfShadows"],"picked":"Scatterbrain"}],"items_purged_floors":[13],"is_endless":true,"potions_floor_spawned":[1,2,16,21,24,30,35,36,37,41,46,63,65,67,70,73,75,79],"killed_by":"Automaton","ascension_level":0}