{"gold_per_floor":[112,132,149,169,184,184,199,199,251,251,286,302,302,332,332,332],"floor_reached":16,"playtime":787,"items_purged":[],"score":228,"play_id":"49298c7d-701b-4e97-8259-2dcadba7f072","local_time":"20190605234510","is_ascension_mode":true,"campfire_choices":[{"data":"Cloak And Dagger","floor":6,"key":"SMITH"},{"data":"Predator","floor":8,"key":"SMITH"},{"data":"Neutralize","floor":10,"key":"SMITH"},{"data":"Blade Dance","floor":13,"key":"SMITH"},{"data":"A Thousand Cuts","floor":15,"key":"SMITH"}],"neow_cost":"NONE","seed_source_timestamp":3544073442937916,"circlet_count":0,"master_deck":["AscendersBane","Strike_G","Strike_G","Strike_G","Strike_G","Strike_G","Defend_G","Defend_G","Defend_G","Defend_G","Defend_G","Survivor","Neutralize+1","Slice","PiercingWail","Cloak And Dagger+1","Poisoned Stab","Accuracy","Leg Sweep","Predator+1","Leg Sweep","Blade Dance+1","A Thousand Cuts+1"],"relics":["Ring of the Snake","Bag of Preparation","Pen Nib","Darkstone Periapt"],"potions_floor_usage":[3,11,12,14,16],"damage_taken":[{"damage":3,"enemies":"Cultist","floor":1,"turns":5},{"damage":0,"enemies":"2 Louse","floor":2,"turns":4},{"damage":4,"enemies":"Jaw Worm","floor":3,"turns":7},{"damage":7,"enemies":"3 Louse","floor":4,"turns":4},{"damage":1,"enemies":"Looter","floor":5,"turns":4},{"damage":3,"enemies":"Exordium Wildlife","floor":7,"turns":5},{"damage":10,"enemies":"3 Sentries","floor":11,"turns":6},{"damage":0,"enemies":"Lots of Slimes","floor":12,"turns":1},{"damage":11,"enemies":"Lagavulin","floor":14,"turns":6},{"damage":24,"enemies":"The Guardian","floor":16,"turns":13}],"seed_played":"4969260192057990553","potions_obtained":[{"floor":2,"key":"SpeedPotion"},{"floor":3,"key":"PowerPotion"},{"floor":7,"key":"Poison Potion"},{"floor":11,"key":"Explosive Potion"},{"floor":14,"key":"LiquidBronze"}],"is_trial":false,"path_per_floor":["M","M","M","M","M","R","M","R","T","R","E","M","R","E","R","B"],"character_chosen":"THE_SILENT","items_purchased":[],"campfire_rested":0,"item_purchase_floors":[],"current_hp_per_floor":[56,56,52,45,44,44,41,41,41,41,31,31,31,20,20,0],"gold":332,"neow_bonus":"THREE_CARDS","is_prod":false,"is_daily":false,"chose_seed":false,"campfire_upgraded":5,"win_rate":0,"timestamp":1559803510,"path_taken":["M","M","M","?","M","R","M","R","T","R","E","M","R","E","R","BOSS"],"build_version":"2019-06-05","purchased_purges":0,"victory":false,"max_hp_per_floor":[66,66,66,66,66,66,66,66,66,66,66,66,66,66,66,66],"card_choices":[{"not_picked":["Acrobatics","Eviscerate"],"picked":"Slice","floor":0},{"not_picked":["Quick Slash","Masterful Stab"],"picked":"PiercingWail","floor":1},{"not_picked":["Slice","Prepared"],"picked":"Cloak And Dagger","floor":2},{"not_picked":["Quick Slash","Dodge and Roll"],"picked":"Poisoned Stab","floor":3},{"not_picked":["PiercingWail","Prepared"],"picked":"Accuracy","floor":4},{"not_picked":["Acrobatics","Prepared"],"picked":"Leg Sweep","floor":5},{"not_picked":["Underhanded Strike","Deadly Poison"],"picked":"Predator","floor":7},{"not_picked":["Bane","Accuracy"],"picked":"Leg Sweep","floor":11},{"not_picked":["Sucker Punch","Flechettes"],"picked":"Blade Dance","floor":12},{"not_picked":["Blade Dance","Sucker Punch"],"picked":"A Thousand Cuts","floor":14}],"player_experience":1307119,"relics_obtained":[{"floor":9,"key":"Bag of Preparation"},{"floor":11,"key":"Pen Nib"},{"floor":14,"key":"Darkstone Periapt"}],"event_choices":[],"is_beta":true,"boss_relics":[],"items_purged_floors":[],"is_endless":false,"potions_floor_spawned":[2,3,7,11,14],"killed_by":"The Guardian","ascension_level":20}