{"gold_per_floor":[109,15,31,106,106,106,119,151,151,151,171,201,151,151,151,254,254,266,47,73,73,73,99,21,21,21,21,52,52,68,81,81,181,181,192,192,192,118,1117,1117,1129,263,263,263,279,294,294,307,307,307],"floor_reached":51,"playtime":3993,"items_purged":["Normality"],"score":1079,"play_id":"6344006e-9d2a-40ce-a3e1-ec9d3d806592","local_time":"20190311043840","is_ascension_mode":true,"campfire_choices":[{"floor":6,"key":"REST"},{"data":"Armaments","floor":10,"key":"SMITH"},{"data":"Heavy Blade","floor":15,"key":"SMITH"},{"floor":25,"key":"REST"},{"floor":27,"key":"REST"},{"floor":32,"key":"REST"},{"data":"Apotheosis","floor":40,"key":"SMITH"},{"data":"Demon Form","floor":47,"key":"SMITH"},{"data":"Offering","floor":49,"key":"SMITH"}],"neow_cost":"TEN_PERCENT_HP_LOSS","seed_source_timestamp":88539561017215,"circlet_count":0,"master_deck":["AscendersBane","Strike_R+1","Strike_R+1","Defend_R","Defend_R","Defend_R","Defend_R","Bash+1","Demon Form+1","Impervious","Heavy Blade+1","Swift Strike","Armaments+1","Headbutt","Body Slam","Shockwave","Dual Wield","Bludgeon+1","Shrug It Off+1","Inflame","RitualDagger","Thunderclap+1","Battle Trance","Corruption+1","Entrench","Sentinel","Clothesline","Fiend Fire","Clothesline+1","Bandage Up","Apotheosis+1","Normality","Metallicize+1","Spot Weakness","Magnetism+1","Body Slam+1","Heavy Blade","Offering+1"],"relics":["Burning Blood","Pocketwatch","Magic Flower","Matryoshka","Mark of Pain","Juzu Bracelet","Frozen Egg 2","Potion Belt","Whetstone","Blood Vial","Shuriken","Centennial Puzzle","Snecko Eye","Bottled Tornado","Pen Nib","Kunai"],"potions_floor_usage":[8,8,16,16,30,33,33,33,35,45,50,50],"damage_taken":[{"damage":14,"enemies":"2 Louse","floor":1,"turns":3},{"damage":7,"enemies":"Jaw Worm","floor":3,"turns":4},{"damage":5,"enemies":"Small Slimes","floor":7,"turns":5},{"damage":5,"enemies":"Gremlin Nob","floor":8,"turns":3},{"damage":0,"enemies":"Looter","floor":11,"turns":2},{"damage":30,"enemies":"3 Sentries","floor":12,"turns":6},{"damage":36,"enemies":"The Guardian","floor":16,"turns":8},{"damage":0,"enemies":"Chosen","floor":18,"turns":4},{"damage":31,"enemies":"Colosseum Slavers","floor":22,"turns":4},{"damage":36,"enemies":"Book of Stabbing","floor":23,"turns":5},{"damage":15,"enemies":"Slavers","floor":28,"turns":4},{"damage":4,"enemies":"Shell Parasite","floor":30,"turns":4},{"damage":19,"enemies":"Shelled Parasite and Fungi","floor":31,"turns":5},{"damage":35,"enemies":"Collector","floor":33,"turns":6},{"damage":0,"enemies":"Orb Walker","floor":35,"turns":2},{"damage":34,"enemies":"3 Shapes","floor":41,"turns":4},{"damage":39,"enemies":"Sphere and 2 Shapes","floor":45,"turns":5},{"damage":0,"enemies":"Transient","floor":46,"turns":5},{"damage":11,"enemies":"Jaw Worm Horde","floor":48,"turns":3},{"damage":29,"enemies":"Time Eater","floor":50,"turns":6}],"seed_played":"-3555074243604652713","potions_obtained":[{"floor":3,"key":"Block Potion"},{"floor":7,"key":"Explosive Potion"},{"floor":12,"key":"Fire Potion"},{"floor":14,"key":"PowerPotion"},{"floor":16,"key":"Ancient Potion"},{"floor":28,"key":"SkillPotion"},{"floor":30,"key":"LiquidBronze"},{"floor":31,"key":"SkillPotion"},{"floor":33,"key":"Strength Potion"},{"floor":41,"key":"Block Potion"},{"floor":48,"key":"Swift Potion"}],"is_trial":false,"path_per_floor":["M","$","M","?","?","R","M","E","T","R","M","E","?","?","R","B",null,"M","$","T","?","?","E","$","R","T","R","E","?","M","M","R","B",null,"M","?","?","$","?","R","M","$","T","?","M","M","R","M","R","B",null],"character_chosen":"IRONCLAD","items_purchased":["Swift Strike","Inflame","Juzu Bracelet","Battle Trance","BloodPotion","Spot Weakness","Bottled Tornado","Pen Nib","EntropicBrew","Magnetism+1","BloodPotion"],"campfire_rested":4,"item_purchase_floors":[2,19,19,24,38,42,42,42,42,42,42],"current_hp_per_floor":[64,64,63,52,38,59,60,61,61,61,70,49,49,49,49,22,60,69,69,69,63,41,14,14,35,35,56,53,53,61,54,72,46,66,72,67,67,67,67,67,51,51,51,51,39,51,51,52,52,44],"gold":307,"neow_bonus":"TRANSFORM_TWO_CARDS","is_prod":false,"is_daily":false,"chose_seed":false,"campfire_upgraded":5,"win_rate":0,"timestamp":1552275520,"path_taken":["M","$","M","?","?","R","M","E","T","R","M","E","?","?","R","BOSS","M","$","?","?","?","E","$","R","T","R","E","?","M","M","R","BOSS","M","?","?","$","?","R","M","$","T","?","M","M","R","M","R","BOSS"],"build_version":"2019-02-06","purchased_purges":1,"victory":true,"max_hp_per_floor":[72,72,72,72,72,72,72,72,72,72,72,72,72,72,72,72,72,72,72,72,72,72,72,72,72,72,72,72,72,72,72,72,72,72,72,72,72,72,72,72,72,72,72,68,68,68,68,68,68,68],"card_choices":[{"not_picked":["Clash","Entrench"],"picked":"Heavy Blade","floor":1},{"not_picked":["Corruption","Twin Strike"],"picked":"Armaments","floor":3},{"not_picked":["Armaments","Perfected Strike"],"picked":"Headbutt","floor":7},{"not_picked":["Clash","Infernal Blade"],"picked":"Body Slam","floor":8},{"not_picked":["Heavy Blade","Armaments"],"picked":"Shockwave","floor":11},{"not_picked":["Bloodletting","Anger"],"picked":"Dual Wield","floor":12},{"not_picked":["Fiend Fire","Brutality"],"picked":"Bludgeon","floor":16},{"not_picked":["Anger","Corruption"],"picked":"Shrug It Off+1","floor":18},{"not_picked":["Searing Blow","Havoc+1"],"picked":"Thunderclap+1","floor":23},{"not_picked":["Headbutt","Inflame+1"],"picked":"Corruption+1","floor":28},{"not_picked":["Whirlwind+1","True Grit+1"],"picked":"Sentinel","floor":30},{"not_picked":["Sword Boomerang","Shrug It Off"],"picked":"Clothesline","floor":31},{"not_picked":["Brutality+1","Berserk+1"],"picked":"Fiend Fire","floor":33},{"not_picked":["Thunderclap+1","Metallicize+1"],"picked":"Clothesline+1","floor":35},{"not_picked":["Discovery","Panacea"],"picked":"Bandage Up","floor":36},{"not_picked":["PanicButton","Impatience"],"picked":"Apotheosis","floor":36},{"not_picked":["Flex","Wild Strike+1"],"picked":"Metallicize+1","floor":41},{"not_picked":["Clash","Iron Wave"],"picked":"Body Slam+1","floor":45},{"not_picked":["Cleave","Shrug It Off"],"picked":"Heavy Blade","floor":46},{"not_picked":["Seeing Red","Uppercut"],"picked":"Offering","floor":48}],"player_experience":158314,"relics_obtained":[{"floor":8,"key":"Pocketwatch"},{"floor":9,"key":"Magic Flower"},{"floor":12,"key":"Matryoshka"},{"floor":20,"key":"Frozen Egg 2"},{"floor":20,"key":"Potion Belt"},{"floor":23,"key":"Whetstone"},{"floor":26,"key":"Blood Vial"},{"floor":26,"key":"Shuriken"},{"floor":28,"key":"Centennial Puzzle"},{"floor":43,"key":"Kunai"}],"event_choices":[{"damage_healed":0,"gold_gain":75,"player_choice":"Gather Gold","damage_taken":11,"max_hp_gain":0,"max_hp_loss":0,"event_name":"World of Goop","floor":4,"gold_loss":0},{"damage_healed":0,"gold_gain":0,"player_choice":"Entered Light","damage_taken":14,"max_hp_gain":0,"max_hp_loss":0,"event_name":"Shining Light","floor":5,"gold_loss":0,"cards_upgraded":["Strike_R","Strike_R"]},{"cards_removed":["Strike_R"],"damage_healed":0,"gold_gain":0,"player_choice":"Card Removal","damage_taken":0,"max_hp_gain":0,"max_hp_loss":0,"event_name":"The Cleric","floor":13,"gold_loss":50},{"damage_healed":0,"gold_gain":0,"player_choice":"Got Potions","damage_taken":0,"max_hp_gain":0,"max_hp_loss":0,"event_name":"Lab","floor":14,"gold_loss":0},{"damage_healed":0,"gold_gain":0,"player_choice":"Joined the Cult","damage_taken":6,"max_hp_gain":0,"max_hp_loss":0,"event_name":"Nest","floor":21,"gold_loss":0,"cards_obtained":["RitualDagger"]},{"damage_healed":0,"gold_gain":0,"player_choice":"Fight","damage_taken":0,"max_hp_gain":0,"max_hp_loss":0,"event_name":"Colosseum","floor":22,"gold_loss":0},{"damage_healed":0,"gold_gain":0,"player_choice":"Fled From Nobs","damage_taken":0,"max_hp_gain":0,"max_hp_loss":0,"event_name":"Colosseum","floor":22,"gold_loss":0},{"damage_healed":0,"gold_gain":0,"player_choice":"Read","damage_taken":0,"max_hp_gain":0,"max_hp_loss":0,"event_name":"The Library","floor":29,"gold_loss":0,"cards_obtained":["Entrench"]},{"damage_healed":0,"gold_gain":0,"player_choice":"Memory 2","damage_taken":5,"max_hp_gain":0,"max_hp_loss":0,"event_name":"SensoryStone","floor":36,"gold_loss":0},{"damage_healed":0,"gold_gain":0,"player_choice":"Ignored","damage_taken":0,"max_hp_gain":0,"max_hp_loss":0,"event_name":"Tomb of Lord Red Mask","floor":37,"gold_loss":0},{"damage_healed":0,"gold_gain":999,"player_choice":"Gold","damage_taken":0,"max_hp_gain":0,"max_hp_loss":0,"event_name":"MindBloom","floor":39,"gold_loss":0,"cards_obtained":["Normality","Normality"]},{"damage_healed":0,"gold_gain":0,"player_choice":"Max HP","damage_taken":0,"max_hp_gain":0,"max_hp_loss":4,"event_name":"Winding Halls","floor":44,"gold_loss":0}],"is_beta":true,"boss_relics":[{"not_picked":["Busted Crown","White Beast Statue"],"picked":"Mark of Pain"},{"not_picked":["Fusion Hammer","Calling Bell"],"picked":"Snecko Eye"}],"items_purged_floors":[42],"is_endless":false,"potions_floor_spawned":[3,7,12,16,28,30,31,33,41,48],"ascension_level":11}