{"gold_per_floor":[110,110,123,142,142,142,107,121,121,47,47,60,60,85,85,183,183,199,109,125,136,156,156,184,200,200,232,258,26,26,44,44,149,149,159,179,30,41,55,84,84,99,99,126,139,153,153,85,85,85],"floor_reached":51,"playtime":7346,"items_purged":["Strike_P"],"score":826,"play_id":"d37ee920-60e4-4e61-9ca9-70d7a5a9ff8a","local_time":"20190910152241","is_ascension_mode":false,"campfire_choices":[{"data":"Eruption","floor":6.0,"key":"SMITH"},{"data":"BattleHymn","floor":11.0,"key":"SMITH"},{"data":"FlyingSleeves","floor":13.0,"key":"SMITH"},{"data":"EmptyBody","floor":15.0,"key":"SMITH"},{"data":"Ragnarok","floor":23.0,"key":"SMITH"},{"data":"Pray","floor":30.0,"key":"SMITH"},{"data":"Vigilance","floor":32.0,"key":"SMITH"},{"floor":41.0,"key":"REST"},{"data":"Ragnarok","floor":47.0,"key":"SMITH"},{"floor":49,"key":"REST"}],"neow_cost":"NONE","seed_source_timestamp":333754962047630,"circlet_count":0,"master_deck":["Strike_P+1","Defend_P+1","Defend_P+1","Defend_P+1","Defend_P+1","Eruption+1","Vigilance+1","EmptyBody+1","FlyingSleeves+1","ThirdEye+1","BattleHymn+1","ClearTheMind+1","Conclude+1","Tantrum+1","LessonLearned+1","Sanctity+1","EmptyMind+1","Ragnarok+1","FlurryOfBlows+1","Devotion+1","Pray+1","EmptyMind+1","DevaForm+1","ThirdEye+1","DeusExMachina+1","Protect+1","Collect+1","Establishment+1","Worship+1","Ragnarok+1","WreathOfFlame"],"special_seed":0,"relics":["Black Star","Matryoshka","Shuriken","Mercury Hourglass","Snecko Eye","Thread and Needle","White Beast Statue","Pen Nib","Ancient Tea Set","Happy Flower","StoneCalendar","Bag of Marbles","Anchor","Cursed Key","Juzu Bracelet","War Paint","Meat on the Bone","Ice Cream"],"potions_floor_usage":[50,50,50],"damage_taken":[{"damage":5.0,"enemies":"Small Slimes","floor":1.0,"turns":4.0},{"damage":6.0,"enemies":"2 Louse","floor":3.0,"turns":5.0},{"damage":0.0,"enemies":"Jaw Worm","floor":4.0,"turns":4.0},{"damage":7.0,"enemies":"Blue Slaver","floor":8.0,"turns":6.0},{"damage":0.0,"enemies":"Red Slaver","floor":12.0,"turns":3.0},{"damage":21.0,"enemies":"Lagavulin","floor":14.0,"turns":9.0},{"damage":25.0,"enemies":"Hexaghost","floor":16.0,"turns":10.0},{"damage":5.0,"enemies":"Shell Parasite","floor":18.0,"turns":4.0},{"damage":0.0,"enemies":"Spheric Guardian","floor":20.0,"turns":3.0},{"damage":0.0,"enemies":"Chosen and Byrds","floor":21.0,"turns":3.0},{"damage":3.0,"enemies":"Centurion and Healer","floor":22.0,"turns":3.0},{"damage":10.0,"enemies":"Book of Stabbing","floor":24.0,"turns":5.0},{"damage":0.0,"enemies":"Sentry and Sphere","floor":25.0,"turns":1.0},{"damage":0.0,"enemies":"Gremlin Leader","floor":27.0,"turns":2.0},{"damage":0.0,"enemies":"Cultist and Chosen","floor":31.0,"turns":2.0},{"damage":0.0,"enemies":"Champ","floor":33.0,"turns":4.0},{"damage":0.0,"enemies":"3 Shapes","floor":35.0,"turns":2.0},{"damage":0.0,"enemies":"Orb Walker","floor":36.0,"turns":3.0},{"damage":0.0,"enemies":"Transient","floor":38.0,"turns":5.0},{"damage":16.0,"enemies":"Sphere and 2 Shapes","floor":39.0,"turns":4.0},{"damage":0.0,"enemies":"Reptomancer","floor":40.0,"turns":4.0},{"damage":0.0,"enemies":"3 Darklings","floor":42.0,"turns":2.0},{"damage":0.0,"enemies":"Giant Head","floor":44.0,"turns":6.0},{"damage":18.0,"enemies":"Writhing Mass","floor":45.0,"turns":5.0},{"damage":7.0,"enemies":"Spire Growth","floor":46.0,"turns":4.0},{"damage":9,"enemies":"Awakened One","floor":50,"turns":9}],"seed_played":"-4761488674752833968","potions_obtained":[{"floor":8.0,"key":"SpeedPotion"},{"floor":12.0,"key":"Block Potion"},{"floor":16.0,"key":"Swift Potion"},{"floor":21.0,"key":"GamblersBrew"},{"floor":24.0,"key":"GamblersBrew"},{"floor":25.0,"key":"SpeedPotion"},{"floor":27.0,"key":"StancePotion"},{"floor":31.0,"key":"LiquidBronze"},{"floor":40.0,"key":"Regen Potion"},{"floor":45.0,"key":"PowerPotion"},{"floor":46.0,"key":"DuplicationPotion"}],"is_trial":false,"path_per_floor":["M","?","M","M","?","R","?","M","T","$","R","M","R","E","R","B",null,"M","?","M","M","M","R","E","M","T","E","T","$","R","M","R","B",null,"M","M","$","M","M","E","R","M","T","E","M","M","R","$","R","B",null],"character_chosen":"WATCHER","items_purchased":["ClearTheMind","Explosive Potion","Pray","DeusExMachina","WreathOfFlame"],"campfire_rested":2,"item_purchase_floors":[10,10,29,37,48],"current_hp_per_floor":[60,53,47,47,52,52,69,62,62,62,62,62,62,41,41,16,70,65,65,65,65,62,62,52,52,52,52,52,52,52,52,52,52,70,70,70,70,70,54,54,70,70,70,70,52,45,45,45,66,66],"gold":85,"neow_bonus":"BOSS_RELIC","is_prod":false,"is_daily":false,"chose_seed":false,"campfire_upgraded":8,"win_rate":0.0,"timestamp":1568121761,"path_taken":["M","?","M","M","?","R","?","?","T","$","R","M","R","E","R","BOSS","M","?","?","?","M","R","E","M","T","E","?","$","R","M","R","BOSS","M","M","$","?","M","E","R","M","T","E","M","M","R","?","R","BOSS"],"build_version":"2019-09-09v2","purchased_purges":1,"victory":true,"max_hp_per_floor":[65,65,65,65,70,70,70,70,70,70,70,70,70,70,70,70,70,70,70,70,70,70,70,70,70,70,70,70,70,70,70,70,70,70,70,70,70,70,70,70,70,70,70,70,70,70,70,70,70,70],"card_choices":[{"not_picked":["Weave","Protect"],"picked":"EmptyBody","floor":1.0},{"not_picked":["CleanseEvil","EmptyBody"],"picked":"FlyingSleeves","floor":3.0},{"not_picked":["Perseverance","Consecrate"],"picked":"ThirdEye","floor":4.0},{"not_picked":["Protect","EmptyBody"],"picked":"BattleHymn","floor":8.0},{"not_picked":["CutThroughFate","Swivel"],"picked":"Conclude","floor":12.0},{"not_picked":["EmptyFist","FlyingSleeves"],"picked":"Tantrum","floor":14.0},{"not_picked":["SignatureMove","MasterReality"],"picked":"LessonLearned","floor":16.0},{"not_picked":["SandsOfTime","BowlingBash"],"picked":"Sanctity+1","floor":18.0},{"not_picked":["EmptyFist","JustLucky+1"],"picked":"EmptyMind","floor":20.0},{"not_picked":["Crescendo","EmptyMind+1"],"picked":"Ragnarok","floor":21.0},{"not_picked":["CutThroughFate","FlyingSleeves"],"picked":"FlurryOfBlows","floor":22.0},{"not_picked":["BowlingBash","CarveReality"],"picked":"Devotion+1","floor":24.0},{"not_picked":["JustLucky","Crescendo","FollowUp"],"picked":"SKIP","floor":25.0},{"not_picked":["BowlingBash","JustLucky","Crescendo"],"picked":"SKIP","floor":27.0},{"not_picked":["InnerPeace+1","BowlingBash+1"],"picked":"EmptyMind","floor":31.0},{"not_picked":["Brilliance","Blasphemy"],"picked":"DevaForm","floor":33.0},{"not_picked":["Weave+1","Devotion"],"picked":"ThirdEye+1","floor":35.0},{"not_picked":["CrushJoints","FlyingSleeves+1","InnerPeace+1"],"picked":"SKIP","floor":36.0},{"not_picked":["Sanctity+1","Devotion"],"picked":"Protect+1","floor":38.0},{"not_picked":["Meditate+1","CrushJoints+1"],"picked":"Collect+1","floor":39.0},{"not_picked":["FlyingSleeves","FearNoEvil+1"],"picked":"Establishment+1","floor":40.0},{"not_picked":["Halt+1","Collect"],"picked":"Worship+1","floor":42.0},{"not_picked":["Protect+1","FollowUp+1"],"picked":"Ragnarok","floor":44.0},{"not_picked":["Scrawl","Conclude","ThirdEye+1"],"picked":"SKIP","floor":45.0},{"not_picked":["CleanseEvil+1","ForeignInfluence","Consecrate"],"picked":"SKIP","floor":46.0}],"player_experience":610824,"relics_obtained":[{"floor":9.0,"key":"Matryoshka"},{"floor":14.0,"key":"Shuriken"},{"floor":14.0,"key":"Mercury Hourglass"},{"floor":24.0,"key":"Thread and Needle"},{"floor":24.0,"key":"White Beast Statue"},{"floor":26.0,"key":"Pen Nib"},{"floor":26.0,"key":"Ancient Tea Set"},{"floor":27.0,"key":"Happy Flower"},{"floor":27.0,"key":"StoneCalendar"},{"floor":28.0,"key":"Bag of Marbles"},{"floor":28.0,"key":"Anchor"},{"floor":40.0,"key":"Juzu Bracelet"},{"floor":40.0,"key":"War Paint"},{"floor":44.0,"key":"Meat on the Bone"},{"floor":44.0,"key":"Ice Cream"}],"event_choices":[{"cards_removed":["Strike_P"],"damage_healed":0.0,"max_hp_gain":0.0,"max_hp_loss":0.0,"gold_gain":0.0,"event_name":"Golden Wing","player_choice":"Card Removal","floor":2.0,"gold_loss":0.0,"damage_taken":7.0},{"damage_healed":0.0,"max_hp_gain":5.0,"max_hp_loss":0.0,"gold_gain":0.0,"event_name":"Big Fish","player_choice":"Donut","floor":5.0,"gold_loss":0.0,"damage_taken":0.0},{"damage_healed":17.0,"max_hp_gain":0.0,"max_hp_loss":0.0,"gold_gain":0.0,"event_name":"The Cleric","player_choice":"Healed","floor":7.0,"gold_loss":35.0,"damage_taken":0.0},{"cards_removed":["Strike_P"],"damage_healed":0.0,"max_hp_gain":0.0,"max_hp_loss":0.0,"gold_gain":0.0,"event_name":"Designer","player_choice":"Upgrade and Remove","floor":19.0,"gold_loss":90.0,"damage_taken":0.0,"cards_upgraded":["Defend_P"]}],"is_beta":true,"boss_relics":[{"not_picked":["Coffee Dripper","VioletLotus"],"picked":"Snecko Eye"},{"not_picked":["Calling Bell","Astrolabe"],"picked":"Cursed Key"}],"items_purged_floors":[29],"is_endless":false,"potions_floor_spawned":[8,12,14,16,21,24,25,27,31,33,35,36,38,39,40,42,44,45,46],"ascension_level":0}