{"gold_per_floor":[113,129,142,142,152,152,152,152,152,152,27,27,61,78,78,150,150,167,266,3,15,31,45,57,57,57,57,57,57,92,92,92,164,164,183,1182,565,545,556,556,556],"floor_reached":41,"playtime":2042,"items_purged":["Strike_G","Normality"],"score":766,"play_id":"102a1224-e330-4850-837b-575467179b29","local_time":"20180709224740","is_ascension_mode":true,"campfire_choices":[{"data":"Unload","floor":6.0,"key":"SMITH"},{"data":"Flying Knee","floor":8.0,"key":"SMITH"},{"data":"Leg Sweep","floor":10.0,"key":"SMITH"},{"data":"Sucker Punch","floor":12.0,"key":"SMITH"},{"floor":15.0,"key":"REST"},{"floor":28,"key":"REST"},{"data":"Malaise","floor":32,"key":"SMITH"},{"floor":40,"key":"REST"}],"neow_cost":"","seed_source_timestamp":0,"circlet_count":0,"master_deck":["Defend_G","Defend_G","Defend_G","Defend_G","Defend_G","Strike_G","Strike_G","Strike_G","Strike_G","Survivor","Neutralize+1","AscendersBane","Unload+1","Flying Knee+1","Leg Sweep+1","Leg Sweep","Sucker Punch+1","Tools of the Trade","Malaise+1","Envenom+1","Deadly Poison","Footwork","Terror","Poisoned Stab","Noxious Fumes","Burst","Catalyst","Catalyst","Adrenaline","Malaise","Normality","Apotheosis"],"special_seed":0,"relics":["Ring of the Snake","The Specimen","Bird Faced Urn","Orrery","TwistedFunnel","Snake Skull","Mango","White Beast Statue","Torii"],"potions_floor_usage":[22,24,33,41],"damage_taken":[{"damage":1.0,"enemies":"2 Louse","floor":1.0,"turns":3.0},{"damage":5.0,"enemies":"Small Slimes","floor":2.0,"turns":4.0},{"damage":0.0,"enemies":"Jaw Worm","floor":3.0,"turns":3.0},{"damage":8.0,"enemies":"Exordium Thugs","floor":5.0,"turns":4.0},{"damage":32.0,"enemies":"Lagavulin","floor":13.0,"turns":11.0},{"damage":0.0,"enemies":"Looter","floor":14.0,"turns":4.0},{"damage":30.0,"enemies":"Hexaghost","floor":16.0,"turns":18.0},{"damage":8.0,"enemies":"3 Byrds","floor":18.0,"turns":12.0},{"damage":3,"enemies":"Chosen","floor":21,"turns":6},{"damage":24,"enemies":"Centurion and Healer","floor":22,"turns":9},{"damage":12,"enemies":"Snake Plant","floor":23,"turns":6},{"damage":18,"enemies":"3 Cultists","floor":24,"turns":6},{"damage":9,"enemies":"Gremlin Leader","floor":30,"turns":5},{"damage":53,"enemies":"Champ","floor":33,"turns":12},{"damage":46,"enemies":"3 Darklings","floor":35,"turns":5},{"damage":22,"enemies":"Flame Bruiser 1 Orb","floor":39,"turns":5},{"damage":58,"enemies":"Transient","floor":41,"turns":4}],"seed_played":"5186466060551979529","potions_obtained":[{"floor":1.0,"key":"Swift Potion"},{"floor":13.0,"key":"GhostInAJar"},{"floor":14.0,"key":"GamblersBrew"},{"floor":16.0,"key":"Block Potion"},{"floor":21,"key":"Block Potion"},{"floor":30,"key":"SpeedPotion"},{"floor":33,"key":"SpeedPotion"},{"floor":35,"key":"Ancient Potion"},{"floor":38,"key":"Energy Potion"}],"is_trial":false,"path_per_floor":["M","M","M","?","M","R","?","R","T","R","$","R","E","M","R","B",null,"M","?","$","M","M","M","M","?","T","$","R","?","E","?","R","B",null,"M","?","$","?","M","R"],"character_chosen":"THE_SILENT","items_purchased":["Sucker Punch","Noxious Fumes","TwistedFunnel","Apotheosis","Torii"],"campfire_rested":3,"item_purchase_floors":[],"current_hp_per_floor":[62,57,57,57,49,49,54,54,54,54,54,54,22,22,44,16,60,56,56,56,61,45,39,27,27,27,27,49,49,60,60,60,15,71,33,33,33,33,17,43,0],"gold":556,"neow_bonus":"","is_prod":false,"is_daily":false,"chose_seed":false,"campfire_upgraded":5,"win_rate":0,"timestamp":1531201660,"path_taken":["M","M","M","?","M","R","?","R","T","R","$","R","E","M","R","BOSS","M","?","$","M","M","M","M","?","T","$","R","?","E","?","R","BOSS","M","?","$","?","M","R","M"],"build_version":"2018-07-05","purchased_purges":2,"victory":false,"max_hp_per_floor":[70,70,70,70,70,70,75,75,75,75,75,75,75,75,75,75,75,75,75,75,75,75,75,75,75,75,75,75,75,89,89,89,89,89,89,89,89,89,89,89,89],"card_choices":[{"not_picked":["Well Laid Plans","PiercingWail"],"picked":"Flying Knee","floor":1.0},{"not_picked":["Acrobatics","Outmaneuver"],"picked":"Leg Sweep","floor":2.0},{"not_picked":["Dagger Spray","Bane"],"picked":"Leg Sweep","floor":3.0},{"not_picked":["Flying Knee","Prepared","Bane"],"picked":"SKIP","floor":5.0},{"not_picked":["Backflip","Outmaneuver"],"picked":"Tools of the Trade","floor":13.0},{"not_picked":["Outmaneuver","Dagger Spray"],"picked":"Malaise","floor":14.0},{"not_picked":["Glass Knife","Burst"],"picked":"Envenom","floor":16.0},{"not_picked":["Concentrate","Blur"],"picked":"Deadly Poison","floor":17.0},{"not_picked":["PiercingWail","Sucker Punch"],"picked":"Footwork","floor":17.0},{"not_picked":["Underhanded Strike","Calculated Gamble"],"picked":"Terror","floor":17.0},{"not_picked":["Terror","Calculated Gamble"],"picked":"Poisoned Stab","floor":18.0},{"not_picked":["Bane","Underhanded Strike","Deflect"],"picked":"SKIP","floor":21},{"not_picked":["Acrobatics","Dash"],"picked":"Burst","floor":22},{"not_picked":["Bane","Cloak And Dagger"],"picked":"Catalyst","floor":23},{"not_picked":["PiercingWail","Dagger Throw"],"picked":"Catalyst","floor":24},{"not_picked":["PiercingWail","Bane","Deadly Poison"],"picked":"SKIP","floor":30},{"not_picked":["Tools of the Trade","A Thousand Cuts"],"picked":"Adrenaline","floor":33},{"not_picked":["Prepared","Heel Hook"],"picked":"Malaise","floor":35},{"not_picked":["Backflip","Bane","All Out Attack"],"picked":"SKIP","floor":39}],"player_experience":750066,"relics_obtained":[{"floor":9.0,"key":"The Specimen"},{"floor":13.0,"key":"Bird Faced Urn"},{"floor":26,"key":"Snake Skull"},{"floor":30,"key":"Mango"}],"event_choices":[{"event_name":"Living Wall","player_choice":"Grow","floor":4.0,"damage_taken":0.0},{"event_name":"Big Fish","player_choice":"Donut","floor":7.0,"damage_taken":0.0},{"event_name":"Nest","player_choice":"Stole From Cult","floor":19.0,"damage_taken":0.0},{"event_name":"Drug Dealer","player_choice":"Ignored","floor":25,"damage_taken":0},{"event_name":"Vampires","player_choice":"Ignored","floor":29,"damage_taken":0},{"event_name":"Upgrade Shrine","player_choice":"Upgraded","floor":31,"damage_taken":0},{"event_name":"MindBloom","player_choice":"Gold","floor":36,"damage_taken":0},{"event_name":"The Woman in Blue","player_choice":"Bought 1 Potion","floor":38,"damage_taken":0}],"boss_relics":[{"not_picked":["Lizard Tail","Eternal Feather"],"picked":"Orrery"},{"not_picked":["Calling Bell","Coffee Dripper"],"picked":"White Beast Statue"}],"items_purged_floors":[],"is_endless":false,"potions_floor_spawned":[1,13,14,16,21,30,33,35,39],"killed_by":"Transient","ascension_level":13}