{"gold_per_floor":[116,192,192,206,206,237,237,263,289,289,305,337,353,317,317,394,394,404,414,431,431,444,444,494,508,508,508,23,72,72,104,104,179,179,197,197,214,214,263,263,290,290,314,65,65,80,80,113,113,113],"floor_reached":50,"playtime":2467,"items_purged":["Strike_G"],"score":1118,"play_id":"61060a11-2038-472b-95eb-df05d2b7a6cf","local_time":"20190701025815","is_ascension_mode":true,"campfire_choices":[{"data":"Neutralize","floor":7.0,"key":"SMITH"},{"data":"Cloak And Dagger","floor":15.0,"key":"SMITH"},{"data":"After Image","floor":23.0,"key":"SMITH"},{"data":"Infinite Blades","floor":27.0,"key":"SMITH"},{"data":"Noxious Fumes","floor":30,"key":"SMITH"},{"floor":32,"key":"REST"},{"floor":40,"key":"REST"},{"floor":42,"key":"REST"},{"floor":45,"key":"RECALL"},{"data":"Secret Technique","floor":47,"key":"SMITH"},{"floor":49,"key":"REST"}],"neow_cost":"NONE","seed_source_timestamp":5713922749468220,"circlet_count":0,"master_deck":["AscendersBane","Strike_G","Strike_G","Strike_G","Defend_G","Defend_G","Defend_G","Defend_G","Defend_G","Survivor","Neutralize+1","Backstab","Poisoned Stab","Backflip","Infinite Blades+1","Skewer+1","Dagger Throw","Poisoned Stab","Cloak And Dagger+1","After Image+1","Deflect","Finisher","Well Laid Plans","Backstab","Noxious Fumes+1","Secret Technique+1","Glass Knife","Accuracy+1","PiercingWail","PiercingWail","Storm of Steel"],"special_seed":0,"relics":["Ring of the Snake","NeowsBlessing","Lantern","Juzu Bracelet","Bag of Marbles","Incense Burner","White Beast Statue","MutagenicStrength","Tingsha","Vajra","Omamori","Tough Bandages","WristBlade","Nunchaku","Bottled Flame","Oddly Smooth Stone","Ancient Tea Set"],"potions_floor_usage":[31,33,33,35,39,41,50],"damage_taken":[{"damage":0.0,"enemies":"Jaw Worm","floor":1.0,"turns":1.0},{"damage":0.0,"enemies":"Small Slimes","floor":4.0,"turns":1.0},{"damage":0.0,"enemies":"3 Sentries","floor":6.0,"turns":1.0},{"damage":32.0,"enemies":"Gremlin Nob","floor":8.0,"turns":4.0},{"damage":0.0,"enemies":"Cultist","floor":11.0,"turns":2.0},{"damage":10.0,"enemies":"3 Sentries","floor":12.0,"turns":4.0},{"damage":0.0,"enemies":"Blue Slaver","floor":13.0,"turns":2.0},{"damage":15.0,"enemies":"Hexaghost","floor":16.0,"turns":9.0},{"damage":4.0,"enemies":"Shell Parasite","floor":18.0,"turns":3.0},{"damage":0.0,"enemies":"Chosen","floor":19.0,"turns":5.0},{"damage":0.0,"enemies":"Centurion and Healer","floor":20.0,"turns":6.0},{"damage":20.0,"enemies":"Snecko","floor":22.0,"turns":6.0},{"damage":1.0,"enemies":"Chosen and Byrds","floor":25.0,"turns":8.0},{"damage":8,"enemies":"Book of Stabbing","floor":31,"turns":4},{"damage":17,"enemies":"Automaton","floor":33,"turns":12},{"damage":20,"enemies":"3 Darklings","floor":35,"turns":7},{"damage":0,"enemies":"3 Shapes","floor":37,"turns":2},{"damage":0,"enemies":"2 Orb Walkers","floor":39,"turns":4},{"damage":37,"enemies":"Nemesis","floor":41,"turns":7},{"damage":0,"enemies":"3 Darklings","floor":46,"turns":2},{"damage":10,"enemies":"Reptomancer","floor":48,"turns":4},{"damage":57,"enemies":"Donu and Deca","floor":50,"turns":7}],"seed_played":"8790335159992418549","potions_obtained":[{"floor":4.0,"key":"Explosive Potion"},{"floor":8.0,"key":"Fire Potion"},{"floor":12.0,"key":"SteroidPotion"},{"floor":16.0,"key":"AttackPotion"},{"floor":18.0,"key":"FearPotion"},{"floor":22.0,"key":"GhostInAJar"},{"floor":31,"key":"SpeedPotion"},{"floor":33,"key":"Energy Potion"},{"floor":35,"key":"Weak Potion"},{"floor":37,"key":"Explosive Potion"},{"floor":39,"key":"SpeedPotion"},{"floor":41,"key":"Strength Potion"},{"floor":48,"key":"SteroidPotion"}],"is_trial":false,"path_per_floor":["M","?","?","M","?","E","R","E","T","?","M","E","M","?","R","B",null,"M","M","M","?","M","R","?","M","T","R","$","T","R","E","R","B",null,"M","?","M","?","?","R","E","R","T","$","R","M","R","E","R","B"],"character_chosen":"THE_SILENT","items_purchased":["Noxious Fumes","Vajra","Secret Technique","Storm of Steel","Oddly Smooth Stone"],"campfire_rested":4,"item_purchase_floors":[28,28,28,44,44],"current_hp_per_floor":[59,59,64,64,64,64,64,32,32,32,32,22,22,22,22,7,55,51,51,51,51,31,31,31,30,30,30,30,30,30,22,43,26,60,40,40,40,40,40,61,24,45,45,45,45,45,45,35,56,0],"gold":113,"neow_bonus":"THREE_ENEMY_KILL","is_prod":false,"is_daily":false,"chose_seed":false,"campfire_upgraded":6,"win_rate":0,"timestamp":1561975095,"path_taken":["M","?","?","M","?","E","R","E","T","?","M","E","M","?","R","BOSS","M","M","M","?","M","R","?","M","T","R","$","?","R","E","R","BOSS","M","?","M","?","?","R","E","R","T","$","R","M","R","E","R","BOSS"],"build_version":"2019-06-30","purchased_purges":1,"victory":false,"max_hp_per_floor":[66,66,71,71,71,71,71,71,71,71,71,71,71,71,71,71,71,71,71,71,71,71,71,71,71,71,71,71,71,71,71,71,71,71,71,71,71,71,71,71,71,71,71,71,71,71,71,71,71,71],"card_choices":[{"not_picked":["Dodge and Roll","Flying Knee"],"picked":"Backstab","floor":1.0},{"not_picked":["Dodge and Roll","Bane"],"picked":"Poisoned Stab","floor":4.0},{"not_picked":["Distraction","Bullet Time"],"picked":"Skewer","floor":6.0},{"not_picked":["Backflip","Reflex"],"picked":"Dagger Throw","floor":8.0},{"not_picked":["Acrobatics","Setup"],"picked":"Poisoned Stab","floor":11.0},{"not_picked":["Sucker Punch","Backflip"],"picked":"Cloak And Dagger","floor":12.0},{"not_picked":["Slice","Endless Agony","Grand Finale"],"picked":"SKIP","floor":13.0},{"not_picked":["Grand Finale","Bullet Time"],"picked":"After Image","floor":16.0},{"not_picked":["Endless Agony","Sucker Punch"],"picked":"Deflect","floor":18.0},{"not_picked":["Blur","Quick Slash"],"picked":"Finisher","floor":19.0},{"not_picked":["Bouncing Flask","PiercingWail+1"],"picked":"Well Laid Plans","floor":20.0},{"not_picked":["Finisher","Flying Knee"],"picked":"Backstab","floor":22.0},{"not_picked":["Well Laid Plans","Backflip","Acrobatics"],"picked":"SKIP","floor":25.0},{"not_picked":["Well Laid Plans","Backflip","Acrobatics"],"picked":"SKIP","floor":25.0},{"not_picked":["Outmaneuver","Slice","Flechettes"],"picked":"SKIP","floor":31},{"not_picked":["Doppelganger","Envenom"],"picked":"Glass Knife","floor":33},{"not_picked":["Eviscerate","Prepared"],"picked":"Accuracy+1","floor":35},{"not_picked":["Outmaneuver","Calculated Gamble"],"picked":"PiercingWail","floor":37},{"not_picked":["Bane","Tactician"],"picked":"PiercingWail","floor":39},{"not_picked":["Poisoned Stab","Acrobatics+1","Heel Hook+1"],"picked":"SKIP","floor":41},{"not_picked":["Heel Hook","Outmaneuver+1","Reflex"],"picked":"SKIP","floor":46},{"not_picked":["Setup","Acrobatics","Deadly Poison"],"picked":"SKIP","floor":48}],"player_experience":1387134,"relics_obtained":[{"floor":6.0,"key":"Lantern"},{"floor":8.0,"key":"Juzu Bracelet"},{"floor":9.0,"key":"Bag of Marbles"},{"floor":12.0,"key":"Incense Burner"},{"floor":26.0,"key":"Tingsha"},{"floor":29,"key":"Omamori"},{"floor":31,"key":"Tough Bandages"},{"floor":39,"key":"Nunchaku"},{"floor":41,"key":"Bottled Flame"},{"floor":48,"key":"Ancient Tea Set"}],"event_choices":[{"damage_healed":0.0,"max_hp_gain":0.0,"max_hp_loss":0.0,"gold_gain":76.0,"event_name":"Golden Wing","player_choice":"Gained Gold","floor":2.0,"gold_loss":0.0,"damage_taken":0.0},{"damage_healed":0.0,"max_hp_gain":5.0,"max_hp_loss":0.0,"gold_gain":0.0,"event_name":"Big Fish","player_choice":"Donut","floor":3.0,"gold_loss":0.0,"damage_taken":0.0},{"damage_healed":0.0,"max_hp_gain":0.0,"max_hp_loss":0.0,"gold_gain":0.0,"event_name":"Match and Keep!","player_choice":"2 cards matched","floor":5.0,"gold_loss":0.0,"damage_taken":0.0,"cards_obtained":["Backflip","Infinite Blades"]},{"damage_healed":0.0,"max_hp_gain":0.0,"max_hp_loss":0.0,"gold_gain":0.0,"event_name":"Living Wall","player_choice":"Grow","floor":10.0,"gold_loss":0.0,"damage_taken":0.0,"cards_upgraded":["Skewer"]},{"damage_healed":0.0,"max_hp_gain":0.0,"max_hp_loss":0.0,"gold_gain":0.0,"event_name":"World of Goop","player_choice":"Left Gold","floor":14.0,"gold_loss":36.0,"damage_taken":0.0},{"damage_healed":0.0,"max_hp_gain":0.0,"max_hp_loss":0.0,"gold_gain":0.0,"event_name":"Drug Dealer","player_choice":"Inject Mutagens","floor":21.0,"gold_loss":0.0,"damage_taken":0.0,"relics_obtained":["MutagenicStrength"]},{"damage_healed":0.0,"max_hp_gain":0.0,"max_hp_loss":0.0,"gold_gain":50.0,"event_name":"Nest","player_choice":"Stole From Cult","floor":24.0,"gold_loss":0.0,"damage_taken":0.0},{"cards_removed":["Strike_G"],"damage_healed":0,"gold_gain":0,"player_choice":"Offered Basic","damage_taken":0,"max_hp_gain":0,"max_hp_loss":0,"event_name":"Bonfire Elementals","floor":36,"gold_loss":0},{"damage_healed":0,"gold_gain":0,"player_choice":"Ignored","damage_taken":0,"max_hp_gain":0,"max_hp_loss":0,"event_name":"Tomb of Lord Red Mask","floor":38,"gold_loss":0},{"damage_healed":0,"gold_gain":0,"player_choice":"Fight","damage_taken":0,"max_hp_gain":0,"max_hp_loss":0,"event_name":"Mysterious Sphere","floor":39,"gold_loss":0}],"is_beta":true,"boss_relics":[{"not_picked":["Tiny House","Eternal Feather"],"picked":"White Beast Statue"},{"not_picked":["Lizard Tail","Philosopher\u0027s Stone"],"picked":"WristBlade"}],"items_purged_floors":[28],"is_endless":false,"potions_floor_spawned":[4,8,12,16,18,19,20,22,25,31,33,35,37,39,41,46,48],"killed_by":"Donu and Deca","ascension_level":20}