{"gold_per_floor":[115,115,115,115,128,154,154,182,206,235,235,72,21,98,98,169,169,182,107,139,150,4,29,29,86,86,86,106,123,123,150,150,225,225,242,260,55,73,89,89,114,114,114,114,141,23,23,33,33,33],"floor_reached":51,"playtime":5450,"items_purged":["Strike_G"],"score":1447,"play_id":"ff550184-261e-443d-bbe8-606d1ea945c2","local_time":"20190421200442","is_ascension_mode":true,"campfire_choices":[{"data":"Cloak And Dagger","floor":7,"key":"SMITH"},{"data":"Deadly Poison","floor":11,"key":"SMITH"},{"data":"Leg Sweep","floor":15,"key":"SMITH"},{"data":"Noxious Fumes","floor":24,"key":"SMITH"},{"data":"Catalyst","floor":30,"key":"SMITH"},{"data":"Well Laid Plans","floor":32,"key":"SMITH"},{"data":"Malaise","floor":40,"key":"SMITH"},{"data":"Burst","floor":42,"key":"SMITH"},{"data":"PiercingWail","floor":44,"key":"SMITH"},{"data":"Dodge and Roll","floor":47,"key":"SMITH"},{"floor":49,"key":"REST"}],"neow_cost":"NONE","seed_source_timestamp":93831534022882,"circlet_count":0,"master_deck":["AscendersBane","Defend_G","Defend_G","Defend_G","Defend_G","Defend_G","Strike_G","Strike_G","Strike_G","Survivor","Neutralize+1","Skewer+1","Cloak And Dagger+1","Deadly Poison+1","Terror","Cloak And Dagger","Leg Sweep+1","Noxious Fumes+1","PiercingWail+1","Malaise+1","Calculated Gamble","Catalyst+1","Well Laid Plans+1","Blur","PiercingWail","Dodge and Roll+1","Dagger Spray","Burst+1","Acrobatics","Leg Sweep","Finisher+1","Quick Slash+1"],"relics":["Ring of the Snake","NeowsBlessing","Art of War","Oddly Smooth Stone","Happy Flower","Boot","Meat on the Bone","Cursed Key","Red Mask","Bird Faced Urn","Tiny Chest","Centennial Puzzle","Runic Pyramid","TwistedFunnel","Bottled Flame","The Courier","Vajra"],"potions_floor_usage":[10,16,20,23,23,33,41,41,50,50],"damage_taken":[{"damage":0,"enemies":"2 Louse","floor":1,"turns":1},{"damage":0,"enemies":"Small Slimes","floor":5,"turns":1},{"damage":0,"enemies":"Gremlin Nob","floor":6,"turns":1},{"damage":29,"enemies":"Lagavulin","floor":8,"turns":7},{"damage":3,"enemies":"3 Sentries","floor":10,"turns":10},{"damage":0,"enemies":"Hexaghost","floor":16,"turns":10},{"damage":6,"enemies":"Shell Parasite","floor":18,"turns":6},{"damage":19,"enemies":"Masked Bandits","floor":20,"turns":5},{"damage":1,"enemies":"3 Byrds","floor":21,"turns":5},{"damage":0,"enemies":"Gremlin Leader","floor":23,"turns":8},{"damage":16,"enemies":"Slavers","floor":25,"turns":7},{"damage":7,"enemies":"Centurion and Healer","floor":28,"turns":7},{"damage":23,"enemies":"3 Cultists","floor":29,"turns":6},{"damage":9,"enemies":"Book of Stabbing","floor":31,"turns":5},{"damage":25,"enemies":"Collector","floor":33,"turns":9},{"damage":1,"enemies":"3 Darklings","floor":35,"turns":6},{"damage":6,"enemies":"3 Shapes","floor":36,"turns":5},{"damage":5,"enemies":"Sphere and 2 Shapes","floor":38,"turns":5},{"damage":0,"enemies":"4 Shapes","floor":39,"turns":8},{"damage":25,"enemies":"Reptomancer","floor":41,"turns":9},{"damage":8,"enemies":"Nemesis","floor":45,"turns":7},{"damage":5,"enemies":"Writhing Mass","floor":48,"turns":9},{"damage":52,"enemies":"Time Eater","floor":50,"turns":16}],"seed_played":"4812697208322653433","potions_obtained":[{"floor":8,"key":"AttackPotion"},{"floor":10,"key":"Dexterity Potion"},{"floor":16,"key":"Explosive Potion"},{"floor":20,"key":"GhostInAJar"},{"floor":21,"key":"Dexterity Potion"},{"floor":31,"key":"Poison Potion"},{"floor":33,"key":"SteroidPotion"},{"floor":35,"key":"Weak Potion"},{"floor":41,"key":"Strength Potion"},{"floor":48,"key":"Explosive Potion"}],"is_trial":false,"path_per_floor":["M","?","?","?","M","E","R","E","T","E","R","$","$","T","R","B",null,"M","?","?","M","$","E","R","E","T","?","M","M","R","E","R","B",null,"M","M","$","M","M","R","E","R","T","R","E","$","R","M","R","B",null],"character_chosen":"THE_SILENT","items_purchased":["Leg Sweep","Noxious Fumes","PiercingWail","Block Potion","Well Laid Plans","TwistedFunnel","Vajra"],"campfire_rested":1,"item_purchase_floors":[12,12,12,13,22,37,46],"current_hp_per_floor":[59,59,64,64,64,64,64,35,35,32,32,32,32,32,32,44,64,58,58,39,38,38,38,38,38,38,38,47,40,40,47,47,38,63,66,64,64,63,67,67,46,46,46,46,42,42,42,41,62,26],"gold":33,"neow_bonus":"THREE_ENEMY_KILL","is_prod":false,"is_daily":false,"chose_seed":false,"campfire_upgraded":10,"win_rate":0,"timestamp":1555869882,"path_taken":["M","?","?","?","?","E","R","E","T","E","R","?","$","?","R","BOSS","M","?","?","M","$","E","R","E","T","?","?","M","R","E","R","BOSS","M","M","$","M","M","R","E","R","T","R","E","$","R","M","R","BOSS"],"build_version":"2019-04-20","purchased_purges":1,"victory":true,"max_hp_per_floor":[66,66,71,71,71,71,71,71,71,71,71,71,71,71,71,71,71,71,71,71,71,71,71,71,71,71,71,71,71,71,71,71,71,71,71,71,71,71,71,71,71,71,71,71,71,71,71,71,71,71],"card_choices":[{"not_picked":["Prepared","Quick Slash"],"picked":"Skewer","floor":1},{"not_picked":["Riddle With Holes","Acrobatics"],"picked":"Cloak And Dagger","floor":5},{"not_picked":["Distraction","Poisoned Stab"],"picked":"Deadly Poison","floor":6},{"not_picked":["Skewer","Doppelganger"],"picked":"Terror","floor":8},{"not_picked":["Deadly Poison","Venomology"],"picked":"Cloak And Dagger","floor":10},{"not_picked":["Storm of Steel","Bullet Time"],"picked":"Malaise","floor":16},{"not_picked":["Poisoned Stab","Terror","Distraction"],"picked":"SKIP","floor":18},{"not_picked":["Cloak And Dagger","Quick Slash"],"picked":"Calculated Gamble","floor":20},{"not_picked":["Dagger Spray","Flying Knee"],"picked":"Catalyst","floor":21},{"not_picked":["Infinite Blades","Underhanded Strike"],"picked":"Blur","floor":23},{"not_picked":["Underhanded Strike","Accuracy+1"],"picked":"PiercingWail","floor":25},{"not_picked":["Underhanded Strike+1","Deflect","Bane+1"],"picked":"SKIP","floor":28},{"not_picked":["Deadly Poison","Skewer"],"picked":"Dodge and Roll","floor":29},{"not_picked":["All Out Attack","Quick Slash"],"picked":"Dagger Spray","floor":31},{"not_picked":["Phantasmal Killer","Grand Finale"],"picked":"Burst","floor":33},{"not_picked":["Prepared+1","Cloak And Dagger+1"],"picked":"Acrobatics","floor":35},{"not_picked":["Cloak And Dagger+1","Bouncing Flask+1"],"picked":"Leg Sweep","floor":36},{"not_picked":["Endless Agony","Poisoned Stab"],"picked":"Finisher+1","floor":38},{"not_picked":["Acrobatics","Slice+1","Deadly Poison"],"picked":"SKIP","floor":39},{"not_picked":["Bane","Glass Knife"],"picked":"Quick Slash+1","floor":41},{"not_picked":["Dodge and Roll","Deflect","Acrobatics"],"picked":"SKIP","floor":45},{"not_picked":["Distraction","Dodge and Roll","Sucker Punch"],"picked":"SKIP","floor":48}],"player_experience":473571,"relics_obtained":[{"floor":6,"key":"Art of War"},{"floor":8,"key":"Oddly Smooth Stone"},{"floor":9,"key":"Happy Flower"},{"floor":10,"key":"Boot"},{"floor":14,"key":"Meat on the Bone"},{"floor":20,"key":"Red Mask"},{"floor":23,"key":"Bird Faced Urn"},{"floor":25,"key":"Tiny Chest"},{"floor":31,"key":"Centennial Puzzle"},{"floor":41,"key":"Bottled Flame"},{"floor":45,"key":"The Courier"}],"event_choices":[{"damage_healed":0,"gold_gain":0,"player_choice":"Grow","damage_taken":0,"max_hp_gain":0,"max_hp_loss":0,"event_name":"Living Wall","floor":2,"gold_loss":0,"cards_upgraded":["Neutralize"]},{"damage_healed":0,"gold_gain":0,"player_choice":"Donut","damage_taken":0,"max_hp_gain":5,"max_hp_loss":0,"event_name":"Big Fish","floor":3,"gold_loss":0},{"damage_healed":0,"gold_gain":0,"player_choice":"Upgraded","damage_taken":0,"max_hp_gain":0,"max_hp_loss":0,"event_name":"Upgrade Shrine","floor":4,"gold_loss":0,"cards_upgraded":["Skewer"]},{"cards_removed":["Strike_G"],"damage_healed":0,"gold_gain":0,"player_choice":"Gave Gold","damage_taken":0,"max_hp_gain":0,"max_hp_loss":0,"event_name":"Beggar","floor":19,"gold_loss":75},{"damage_healed":0,"gold_gain":0,"player_choice":"Fought Bandits","damage_taken":0,"max_hp_gain":0,"max_hp_loss":0,"event_name":"Masked Bandits","floor":20,"gold_loss":0},{"damage_healed":0,"gold_gain":0,"player_choice":"Ignored","damage_taken":0,"max_hp_gain":0,"max_hp_loss":0,"event_name":"Vampires","floor":27,"gold_loss":0}],"is_beta":true,"boss_relics":[{"not_picked":["Lizard Tail","Orrery"],"picked":"Cursed Key"},{"not_picked":["Snecko Eye","Fusion Hammer"],"picked":"Runic Pyramid"}],"items_purged_floors":[22],"is_endless":false,"potions_floor_spawned":[8,10,16,20,21,31,33,35,39,41,48],"ascension_level":15}