{"gold_per_floor":[112,112,187,187,197,197,222,241,241,260,272,272,283,300,300,377,377,388,151,161,47,67,67,84,117,117,117,143,161,42,57,57,57],"floor_reached":33,"playtime":2139,"items_purged":["Strike_R"],"score":518,"play_id":"00cd87ec-8ff4-47f9-acc8-8916ae89739a","local_time":"20190311230112","is_ascension_mode":true,"campfire_choices":[{"data":"Shrug It Off","floor":6,"key":"SMITH"},{"data":"Uppercut","floor":15,"key":"SMITH"},{"data":"Spot Weakness","floor":23,"key":"SMITH"},{"data":"Body Slam","floor":27,"key":"SMITH"},{"floor":32,"key":"REST"}],"neow_cost":"NONE","seed_source_timestamp":156551466941631,"circlet_count":0,"master_deck":["AscendersBane","Strike_R","Strike_R","Strike_R","Defend_R","Defend_R","Defend_R","Defend_R+1","Bash+1","Shrug It Off+1","Shrug It Off","Spot Weakness+1","Metallicize+1","True Grit","Rampage","Bludgeon","Uppercut+1","Impervious","Body Slam+1","Offering","Shrug It Off+1","Clothesline+1","Rage+1","Offering","Warcry+1","Dual Wield+1","Infernal Blade+1","Inflame+1"],"relics":["Burning Blood","NeowsBlessing","Pocketwatch","Unceasing Top","Mark of Pain","Membership Card","PreservedInsect","Smiling Mask","Toxic Egg 2","Red Mask","Dream Catcher"],"potions_floor_usage":[10,10,13,22,24,29,31],"damage_taken":[{"damage":0,"enemies":"Cultist","floor":1,"turns":1},{"damage":0,"enemies":"2 Louse","floor":5,"turns":1},{"damage":0,"enemies":"Gremlin Nob","floor":7,"turns":1},{"damage":10,"enemies":"Small Slimes","floor":8,"turns":3},{"damage":0,"enemies":"2 Fungi Beasts","floor":10,"turns":5},{"damage":4,"enemies":"3 Louse","floor":11,"turns":6},{"damage":1,"enemies":"Blue Slaver","floor":13,"turns":4},{"damage":1,"enemies":"2 Fungi Beasts","floor":14,"turns":3},{"damage":18,"enemies":"The Guardian","floor":16,"turns":10},{"damage":8,"enemies":"Chosen","floor":18,"turns":5},{"damage":6,"enemies":"3 Byrds","floor":20,"turns":6},{"damage":6,"enemies":"Centurion and Healer","floor":22,"turns":4},{"damage":8,"enemies":"Chosen and Byrds","floor":24,"turns":5},{"damage":13,"enemies":"Slavers","floor":25,"turns":4},{"damage":30,"enemies":"Masked Bandits","floor":28,"turns":4},{"damage":19,"enemies":"Snecko","floor":29,"turns":4},{"damage":12,"enemies":"Snake Plant","floor":31,"turns":2},{"damage":46,"enemies":"Champ","floor":33,"turns":9}],"seed_played":"-900380401593858614","potions_obtained":[{"floor":1,"key":"Swift Potion"},{"floor":8,"key":"PowerPotion"},{"floor":11,"key":"Regen Potion"},{"floor":20,"key":"Fire Potion"},{"floor":22,"key":"AttackPotion"},{"floor":28,"key":"Poison Potion"},{"floor":29,"key":"Fire Potion"}],"is_trial":false,"path_per_floor":["M","?","?","?","M","R","E","M","T","M","M","?","M","M","R","B",null,"M","$","M","$","M","R","M","E","T","R","?","M","$","M","R","B"],"character_chosen":"IRONCLAD","items_purchased":["Membership Card","Offering","PreservedInsect","Dream Catcher","Infernal Blade+1"],"campfire_rested":1,"item_purchase_floors":[19,19,21,30,30],"current_hp_per_floor":[74,67,56,56,62,62,68,64,64,70,72,49,63,68,68,56,70,68,68,68,68,68,68,66,59,59,59,35,22,22,16,38,0],"gold":57,"neow_bonus":"THREE_ENEMY_KILL","is_prod":false,"is_daily":false,"chose_seed":false,"campfire_upgraded":4,"win_rate":0,"timestamp":1552341672,"path_taken":["M","?","?","?","M","R","E","M","T","M","M","?","M","M","R","BOSS","M","$","M","$","M","R","M","E","T","R","?","M","$","M","R","BOSS"],"build_version":"2019-02-06","purchased_purges":1,"victory":false,"max_hp_per_floor":[75,75,75,75,75,75,75,75,75,75,75,75,75,75,75,75,75,75,75,75,75,75,75,75,75,75,75,75,75,75,75,75,75],"card_choices":[{"not_picked":["Seeing Red","Entrench"],"picked":"Shrug It Off","floor":1},{"not_picked":["Wild Strike","True Grit"],"picked":"Shrug It Off","floor":5},{"not_picked":["Sever Soul","Pommel Strike"],"picked":"Spot Weakness","floor":7},{"not_picked":["Ghostly Armor","Sever Soul"],"picked":"Metallicize","floor":8},{"not_picked":["Warcry","Dropkick"],"picked":"True Grit","floor":10},{"not_picked":["Metallicize","Warcry"],"picked":"Rampage","floor":11},{"not_picked":["Searing Blow","Iron Wave"],"picked":"Bludgeon","floor":13},{"not_picked":["Second Wind","Headbutt"],"picked":"Uppercut","floor":14},{"not_picked":["Dark Embrace","Exhume"],"picked":"Impervious","floor":16},{"not_picked":["True Grit","Shrug It Off"],"picked":"Body Slam","floor":18},{"not_picked":["Perfected Strike","Cleave"],"picked":"Shrug It Off+1","floor":20},{"not_picked":["Shrug It Off","Bloodletting"],"picked":"Clothesline+1","floor":22},{"not_picked":["Clash","Pommel Strike"],"picked":"Rage+1","floor":24},{"not_picked":["Twin Strike","Hemokinesis"],"picked":"Offering","floor":25},{"not_picked":["Clothesline","Flex+1"],"picked":"Warcry+1","floor":28},{"not_picked":["Clash+1","Reckless Charge"],"picked":"Dual Wield+1","floor":29},{"not_picked":["Reckless Charge","Second Wind+1","Carnage"],"picked":"SKIP","floor":31},{"not_picked":["Brutality","Combust"],"picked":"Inflame+1","floor":32}],"player_experience":187728,"relics_obtained":[{"floor":7,"key":"Pocketwatch"},{"floor":9,"key":"Unceasing Top"},{"floor":25,"key":"Smiling Mask"},{"floor":26,"key":"Toxic Egg 2"},{"floor":28,"key":"Red Mask"}],"event_choices":[{"cards_removed":["Strike_R"],"damage_healed":0,"gold_gain":0,"player_choice":"Card Removal","damage_taken":7,"max_hp_gain":0,"max_hp_loss":0,"event_name":"Golden Wing","floor":2,"gold_loss":0},{"damage_healed":0,"gold_gain":75,"player_choice":"Gather Gold","damage_taken":11,"max_hp_gain":0,"max_hp_loss":0,"event_name":"World of Goop","floor":3,"gold_loss":0},{"damage_healed":0,"gold_gain":0,"player_choice":"Grow","damage_taken":0,"max_hp_gain":0,"max_hp_loss":0,"event_name":"Living Wall","floor":4,"gold_loss":0,"cards_upgraded":["Bash"]},{"damage_healed":0,"gold_gain":0,"player_choice":"Entered Light","damage_taken":23,"max_hp_gain":0,"max_hp_loss":0,"event_name":"Shining Light","floor":12,"gold_loss":0,"cards_upgraded":["Metallicize","Defend_R"]},{"damage_healed":0,"gold_gain":0,"player_choice":"Fought Bandits","damage_taken":0,"max_hp_gain":0,"max_hp_loss":0,"event_name":"Masked Bandits","floor":28,"gold_loss":0}],"is_beta":true,"boss_relics":[{"not_picked":["Black Star","Empty Cage"],"picked":"Mark of Pain"}],"items_purged_floors":[21],"is_endless":false,"potions_floor_spawned":[1,8,11,20,22,28,29],"killed_by":"Champ","ascension_level":15}