{"gold_per_floor":[209,0,33,70,50,50,151,62,88,100,181,193,237,313,325,337],"floor_reached":16,"playtime":492,"items_purged":["Strike_R"],"score":220,"play_id":"d4a9bf73-8792-4c4d-879c-1cf97bf3884d","local_time":"20190607034321","is_ascension_mode":true,"campfire_choices":[{"data":"HandOfGreed","floor":6.0,"key":"SMITH"},{"data":"Barricade","floor":10.0,"key":"SMITH"},{"floor":12.0,"key":"REST"},{"data":"Clothesline","floor":15.0,"key":"SMITH"}],"neow_cost":"NONE","seed_source_timestamp":3645026193560975,"circlet_count":0,"master_deck":["AscendersBane","Strike_R","Strike_R","Strike_R","Strike_R","Defend_R","Defend_R","Defend_R","Defend_R","Bash","Clothesline+1","HandOfGreed+1","Barricade+1","Shrug It Off","Inflame","Impervious","Battle Trance"],"special_seed":0,"relics":["Burning Blood","Smiling Mask","MawBank","Art of War"],"potions_floor_usage":[16],"damage_taken":[{"damage":7.0,"enemies":"Small Slimes","floor":1.0,"turns":4.0},{"damage":6.0,"enemies":"Cultist","floor":3.0,"turns":5.0},{"damage":12.0,"enemies":"Jaw Worm","floor":4.0,"turns":4.0},{"damage":40.0,"enemies":"3 Sentries","floor":7.0,"turns":9.0},{"damage":11.0,"enemies":"Exordium Wildlife","floor":11.0,"turns":4.0},{"damage":30.0,"enemies":"Lagavulin","floor":13.0,"turns":7.0},{"damage":3.0,"enemies":"3 Louse","floor":14.0,"turns":5.0},{"damage":35,"enemies":"The Guardian","floor":16,"turns":5}],"seed_played":"-8043442912469472485","potions_obtained":[{"floor":3.0,"key":"Strength Potion"},{"floor":5.0,"key":"Fire Potion"},{"floor":7.0,"key":"Fruit Juice"}],"is_trial":false,"path_per_floor":["M","$","M","M","?","R","E","$","T","R","M","R","E","M","R","B"],"character_chosen":"IRONCLAD","items_purchased":["HandOfGreed","Inflame"],"campfire_rested":1,"item_purchase_floors":[2,8],"current_hp_per_floor":[67,67,67,61,61,61,27,27,27,27,22,44,20,23,23,0],"gold":337,"neow_bonus":"HUNDRED_GOLD","is_prod":false,"is_daily":false,"chose_seed":false,"campfire_upgraded":3,"win_rate":0,"timestamp":1559904201,"path_taken":["M","$","M","M","?","R","E","?","T","R","?","R","E","M","R","BOSS"],"build_version":"2019-06-05","purchased_purges":1,"victory":false,"max_hp_per_floor":[75,75,75,75,75,75,75,75,75,75,75,75,75,75,75,80],"card_choices":[{"not_picked":["Sword Boomerang","Rage"],"picked":"Clothesline","floor":1.0},{"not_picked":["Sentinel","Body Slam","Cleave"],"picked":"SKIP","floor":3.0},{"not_picked":["Perfected Strike","Ghostly Armor"],"picked":"Barricade","floor":4.0},{"not_picked":["Fiend Fire","Sever Soul"],"picked":"Shrug It Off","floor":7.0},{"not_picked":["Thunderclap","Flex","Clash"],"picked":"SKIP","floor":11.0},{"not_picked":["True Grit","Heavy Blade"],"picked":"Impervious","floor":13.0},{"not_picked":["True Grit","Warcry"],"picked":"Battle Trance","floor":14.0}],"player_experience":1317706,"relics_obtained":[{"floor":7.0,"key":"Smiling Mask"},{"floor":9.0,"key":"MawBank"},{"floor":13.0,"key":"Art of War"}],"event_choices":[{"damage_healed":0.0,"max_hp_gain":0.0,"max_hp_loss":0.0,"gold_gain":0.0,"event_name":"The Woman in Blue","player_choice":"Bought 1 Potion","floor":5.0,"gold_loss":0.0,"damage_taken":0.0}],"is_beta":true,"boss_relics":[],"items_purged_floors":[8],"is_endless":false,"potions_floor_spawned":[3,7,11],"killed_by":"The Guardian","ascension_level":20}