{"gold_per_floor":[110,127,127,141,60,60,87,87,87,87,106,117,135,135,135,135],"floor_reached":16,"playtime":542,"items_purged":[],"score":254,"play_id":"b7b98cef-bc7c-4c7a-9d4e-7c3cacaa3eab","local_time":"20181224163247","is_ascension_mode":true,"campfire_choices":[{"data":"Zap","floor":6,"key":"SMITH"},{"floor":10,"key":"REST"},{"data":"Consume","floor":15,"key":"SMITH"}],"neow_cost":"NONE","seed_source_timestamp":8173611551156257,"circlet_count":0,"master_deck":["AscendersBane","Strike_B","Strike_B+1","Strike_B","Strike_B","Defend_B","Defend_B","Defend_B","Defend_B","Zap+1","Dualcast","BootSequence+1","Glacier","Sweeping Beam","Cold Snap","Streamline","Darkness","Conserve Battery","Seek","Consume+1"],"relics":["Cracked Core","Ginger","Dodecahedron","Matryoshka","Golden Idol"],"potions_floor_usage":[7],"damage_taken":[{"damage":0,"enemies":"2 Louse","floor":1,"turns":2},{"damage":2,"enemies":"Jaw Worm","floor":2,"turns":4},{"damage":1,"enemies":"Small Slimes","floor":4,"turns":3},{"damage":0,"enemies":"3 Sentries","floor":7,"turns":8},{"damage":0,"enemies":"2 Fungi Beasts","floor":11,"turns":2},{"damage":0,"enemies":"Blue Slaver","floor":12,"turns":3},{"damage":1,"enemies":"Large Slime","floor":13,"turns":3},{"damage":41,"enemies":"Hexaghost","floor":16,"turns":14}],"seed_played":"-8396876614903330996","potions_obtained":[{"floor":1,"key":"SkillPotion"},{"floor":4,"key":"Ancient Potion"}],"is_trial":false,"path_per_floor":["M","M","?","M","$","R","E","?","T","R","M","M","M","?","R","B"],"character_chosen":"DEFECT","items_purchased":["Cold Snap","Streamline"],"campfire_rested":1,"item_purchase_floors":[5,5],"current_hp_per_floor":[71,69,43,42,42,42,42,19,19,42,42,42,41,41,41,0],"gold":135,"neow_bonus":"TEN_PERCENT_HP_BONUS","is_prod":false,"is_daily":false,"chose_seed":false,"campfire_upgraded":2,"win_rate":0,"timestamp":1545697967,"path_taken":["M","M","?","M","$","R","E","?","T","R","M","M","M","?","R","BOSS"],"build_version":"2018-12-20","purchased_purges":0,"victory":false,"max_hp_per_floor":[78,78,78,78,78,78,78,78,78,78,78,78,78,71,71,71],"card_choices":[{"not_picked":["Tempest","Capacitor"],"picked":"BootSequence","floor":1},{"not_picked":["Streamline","Barrage"],"picked":"Glacier","floor":2},{"not_picked":["Barrage","Recycle"],"picked":"Sweeping Beam","floor":4},{"not_picked":["Beam Cell","Conserve Battery"],"picked":"Darkness","floor":7},{"not_picked":["Beam Cell","Fusion"],"picked":"Conserve Battery","floor":11},{"not_picked":["Sweeping Beam","Ball Lightning"],"picked":"Seek","floor":12},{"not_picked":["Coolheaded","Aggregate"],"picked":"Consume","floor":13}],"player_experience":1132320,"relics_obtained":[{"floor":7,"key":"Dodecahedron"},{"floor":9,"key":"Matryoshka"}],"event_choices":[{"damage_healed":0,"gold_gain":0,"player_choice":"Success","damage_taken":26,"relics_obtained":["Ginger"],"max_hp_gain":0,"max_hp_loss":0,"event_name":"Scrap Ooze","floor":3,"gold_loss":0},{"damage_healed":0,"gold_gain":0,"player_choice":"Entered Light","damage_taken":23,"max_hp_gain":0,"max_hp_loss":0,"event_name":"Shining Light","floor":8,"gold_loss":0,"cards_upgraded":["BootSequence","Strike_B"]},{"damage_healed":0,"gold_gain":0,"player_choice":"Lose Max HP","damage_taken":0,"relics_obtained":["Golden Idol"],"max_hp_gain":0,"max_hp_loss":7,"event_name":"Golden Idol","floor":14,"gold_loss":0}],"is_beta":true,"boss_relics":[],"items_purged_floors":[],"is_endless":false,"potions_floor_spawned":[1,4],"killed_by":"Hexaghost","ascension_level":20}