{"gold_per_floor":[366,378,328,328,341,373,392,25,25,100,100,116,116,130,130,229,229,243,243,269,288,288,288,322,57,57,75,75,75],"floor_reached":29,"playtime":3082,"items_purged":["Strike_B"],"score":347,"play_id":"08768104-3fd7-4ad4-bf7d-fd78b7f9ec36","local_time":"20181227170757","is_ascension_mode":true,"campfire_choices":[{"data":"Barrage","floor":11.0,"key":"SMITH"},{"floor":15.0,"key":"REST"},{"data":"1","floor":23.0,"key":"LIFT"}],"neow_cost":"TEN_PERCENT_HP_LOSS","seed_source_timestamp":0,"circlet_count":0,"master_deck":["Defend_B","Defend_B","Zap","Dualcast","Coolheaded","Glacier+1","Ball Lightning","Barrage+1","Finesse","Barrage","Chaos","Seek","Coolheaded+1","Ghostly","Ghostly","Ghostly","Ghostly","Ghostly","Chill","Biased Cognition","Storm","Reinforced Body","Biased Cognition","Reinforced Body"],"special_seed":0,"relics":["Cracked Core","Singing Bowl","Boot","Nunchaku","Empty Cage","Red Mask","Girya","Vajra","Sling","Art of War"],"potions_floor_usage":[29],"damage_taken":[{"damage":0.0,"enemies":"Cultist","floor":1.0,"turns":3.0},{"damage":0.0,"enemies":"Jaw Worm","floor":2.0,"turns":3.0},{"damage":0.0,"enemies":"Small Slimes","floor":5.0,"turns":3.0},{"damage":18.0,"enemies":"Lagavulin","floor":6.0,"turns":6.0},{"damage":12.0,"enemies":"Red Slaver","floor":7.0,"turns":3.0},{"damage":6.0,"enemies":"2 Fungi Beasts","floor":12.0,"turns":3.0},{"damage":0.0,"enemies":"Large Slime","floor":14.0,"turns":4.0},{"damage":0.0,"enemies":"Slime Boss","floor":16.0,"turns":5.0},{"damage":12.0,"enemies":"Shell Parasite","floor":18.0,"turns":5.0},{"damage":4.0,"enemies":"Masked Bandits","floor":20.0,"turns":8.0},{"damage":2.0,"enemies":"Chosen","floor":21.0,"turns":5.0},{"damage":6.0,"enemies":"Slavers","floor":24.0,"turns":8.0},{"damage":0.0,"enemies":"Snecko","floor":27.0,"turns":5.0},{"damage":29,"enemies":"Gremlin Leader","floor":29,"turns":6}],"seed_played":"-6650519167059625078","potions_obtained":[{"floor":2.0,"key":"Ancient Potion"},{"floor":6.0,"key":"EntropicBrew"},{"floor":12.0,"key":"SpeedPotion"},{"floor":21.0,"key":"FearPotion"}],"is_trial":false,"path_per_floor":["M","M","?","?","M","E","M","$","T","?","R","M","$","M","R","B",null,"M","?","?","M","?","R","E","$","T","M","?","E"],"character_chosen":"DEFECT","items_purchased":["Boot","Barrage","Finesse","Sling","Storm"],"campfire_rested":1,"item_purchase_floors":[8,8,8,25,25],"current_hp_per_floor":[68,68,68,68,68,52,42,42,42,31,31,25,25,25,46,46,72,60,36,32,32,32,32,26,26,26,26,26,0],"gold":75,"neow_bonus":"TWO_FIFTY_GOLD","is_prod":false,"is_daily":false,"chose_seed":false,"campfire_upgraded":1,"win_rate":0,"timestamp":1545948477,"path_taken":["M","?","?","?","?","E","M","?","T","?","R","M","$","M","R","BOSS","M","?","?","M","?","R","E","$","T","?","?","E"],"build_version":"2018-12-20","purchased_purges":1,"victory":false,"max_hp_per_floor":[68,68,68,68,68,70,72,72,72,72,72,72,72,72,72,72,72,72,36,36,38,38,38,38,38,38,38,38,38],"card_choices":[{"not_picked":["Stack","Turbo"],"picked":"Coolheaded","floor":1.0},{"not_picked":["Reinforced Body","Steam"],"picked":"Glacier","floor":2.0},{"not_picked":["Darkness","BootSequence"],"picked":"Ball Lightning","floor":5.0},{"not_picked":["Hyperbeam","Static Discharge","Machine Learning"],"picked":"Singing Bowl","floor":6.0},{"not_picked":["Leap","Hologram","Aggregate"],"picked":"Singing Bowl","floor":7.0},{"not_picked":["Hologram","Consume"],"picked":"Barrage","floor":12.0},{"not_picked":["Streamline","Beam Cell"],"picked":"Chaos","floor":14.0},{"not_picked":["Reboot","Core Surge"],"picked":"Seek","floor":16.0},{"not_picked":["Steam","Turbo+1"],"picked":"Coolheaded+1","floor":18.0},{"not_picked":["Gash","Recycle"],"picked":"Chill","floor":20.0},{"not_picked":["Leap","Skim+1","Beam Cell+1"],"picked":"Singing Bowl","floor":21.0},{"not_picked":["Lockon","Aggregate"],"picked":"Biased Cognition","floor":24.0},{"not_picked":["Cold Snap","Genetic Algorithm"],"picked":"Reinforced Body","floor":27.0}],"player_experience":200465,"relics_obtained":[{"floor":6.0,"key":"Singing Bowl"},{"floor":9.0,"key":"Nunchaku"},{"floor":20.0,"key":"Red Mask"},{"floor":24.0,"key":"Vajra"},{"floor":26.0,"key":"Art of War"}],"event_choices":[{"cards_removed":["Defend_B"],"damage_healed":0.0,"max_hp_gain":0.0,"max_hp_loss":0.0,"gold_gain":0.0,"event_name":"The Cleric","player_choice":"Card Removal","floor":3.0,"gold_loss":50.0,"damage_taken":0.0},{"damage_healed":0.0,"max_hp_gain":0.0,"max_hp_loss":0.0,"gold_gain":0.0,"event_name":"Upgrade Shrine","player_choice":"Upgraded","floor":4.0,"gold_loss":0.0,"damage_taken":0.0,"cards_upgraded":["Glacier"]},{"damage_healed":0.0,"max_hp_gain":0.0,"max_hp_loss":0.0,"gold_gain":75.0,"event_name":"World of Goop","player_choice":"Gather Gold","floor":10.0,"gold_loss":0.0,"damage_taken":11.0},{"damage_healed":0.0,"max_hp_gain":0.0,"max_hp_loss":36.0,"gold_gain":0.0,"event_name":"Ghosts","player_choice":"Became a Ghost","floor":19.0,"gold_loss":0.0,"damage_taken":0.0,"cards_obtained":["Ghostly","Ghostly","Ghostly","Ghostly","Ghostly"]},{"damage_healed":0.0,"max_hp_gain":0.0,"max_hp_loss":0.0,"gold_gain":0.0,"event_name":"Masked Bandits","player_choice":"Fought Bandits","floor":20.0,"gold_loss":0.0,"damage_taken":0.0},{"damage_healed":0.0,"max_hp_gain":0.0,"max_hp_loss":0.0,"gold_gain":0.0,"event_name":"The Mausoleum","player_choice":"Opened","floor":22.0,"gold_loss":0.0,"damage_taken":0.0,"relics_obtained":["Girya"]},{"damage_healed":0.0,"max_hp_gain":0.0,"max_hp_loss":0.0,"gold_gain":0.0,"cards_transformed":["Strike_B","Strike_B"],"event_name":"Drug Dealer","player_choice":"Became Test Subject","floor":28.0,"gold_loss":0.0,"damage_taken":0.0,"cards_obtained":["Biased Cognition","Reinforced Body"]}],"is_beta":false,"boss_relics":[{"not_picked":["Busted Crown","Snecko Eye"],"picked":"Empty Cage"}],"items_purged_floors":[8],"is_endless":false,"potions_floor_spawned":[2,6,12,14,21,24],"killed_by":"Gremlin Leader","ascension_level":2}