{"gold_per_floor":[111,111,126,0,0,0,41,41,64,95,11,54,67,87,87,208,208,227,227,242,202,227,227,263,275],"floor_reached":25,"playtime":1711,"items_purged":["Strike_B"],"score":277,"play_id":"ffec672b-380f-4ca3-9197-e4eeeb7b891c","local_time":"20190313230448","is_ascension_mode":true,"campfire_choices":[{"data":"Dualcast","floor":6,"key":"SMITH"},{"data":"Conserve Battery","floor":15,"key":"SMITH"},{"data":"Echo Form","floor":23,"key":"SMITH"}],"neow_cost":"NONE","seed_source_timestamp":329986119466451,"circlet_count":0,"master_deck":["Strike_B","Strike_B","Strike_B","Defend_B+1","Defend_B","Defend_B","Defend_B","Zap+1","Dualcast+1","Streamline","Hologram","Conserve Battery+1","Sunder+1","Bandage Up","Genetic Algorithm","Hologram","Cold Snap","Echo Form+1","Go for the Eyes+1","RitualDagger","Ball Lightning","Leap+1","Auto Shields"],"relics":["Cracked Core","NeowsBlessing","Golden Idol","Mercury Hourglass","War Paint","Boot","Dream Catcher","Oddly Smooth Stone","Coffee Dripper","MawBank"],"potions_floor_usage":[16,16,20,22,22],"damage_taken":[{"damage":0,"enemies":"Small Slimes","floor":1,"turns":1},{"damage":0,"enemies":"2 Louse","floor":3,"turns":1},{"damage":0,"enemies":"Gremlin Nob","floor":7,"turns":1},{"damage":15,"enemies":"3 Sentries","floor":10,"turns":3},{"damage":10,"enemies":"Lagavulin","floor":12,"turns":5},{"damage":3,"enemies":"Jaw Worm","floor":13,"turns":2},{"damage":6,"enemies":"Exordium Wildlife","floor":14,"turns":3},{"damage":4,"enemies":"Slime Boss","floor":16,"turns":7},{"damage":0,"enemies":"3 Byrds","floor":18,"turns":3},{"damage":4,"enemies":"2 Thieves","floor":20,"turns":3},{"damage":35,"enemies":"Cultist and Chosen","floor":22,"turns":6},{"damage":32,"enemies":"Gremlin Leader","floor":24,"turns":7}],"seed_played":"-7347284596101782409","potions_obtained":[{"floor":1,"key":"Regen Potion"},{"floor":14,"key":"Swift Potion"},{"floor":18,"key":"Strength Potion"},{"floor":21,"key":"Fruit Juice"},{"floor":21,"key":"FairyPotion"},{"floor":21,"key":"Fruit Juice"}],"is_trial":false,"path_per_floor":["M","?","M","$","?","R","E","?","T","E","$","E","M","M","R","B",null,"M","?","M","?","M","R","E","?"],"character_chosen":"DEFECT","items_purchased":["Conserve Battery","Bandage Up"],"campfire_rested":0,"item_purchase_floors":[4,11],"current_hp_per_floor":[75,69,69,69,66,66,66,66,66,51,51,45,46,40,40,52,69,69,63,59,59,38,38,6,0],"gold":275,"neow_bonus":"THREE_ENEMY_KILL","is_prod":false,"is_daily":false,"chose_seed":false,"campfire_upgraded":3,"win_rate":0,"timestamp":1552514688,"path_taken":["M","?","M","$","?","R","E","?","T","E","$","E","M","M","R","BOSS","M","?","M","?","?","R","E","?"],"build_version":"2019-02-06","purchased_purges":1,"victory":false,"max_hp_per_floor":[75,69,69,69,69,69,69,69,69,69,69,69,69,69,69,69,69,69,69,69,69,79,79,79,79],"card_choices":[{"not_picked":["Blizzard","Fusion"],"picked":"Streamline","floor":1},{"not_picked":["Turbo","Redo"],"picked":"Hologram","floor":3},{"not_picked":["Fusion","Reinforced Body"],"picked":"Sunder","floor":7},{"not_picked":["Hyperbeam","Gash","Aggregate"],"picked":"SKIP","floor":10},{"not_picked":["Force Field","Go for the Eyes"],"picked":"Genetic Algorithm","floor":12},{"not_picked":["Turbo","Stack"],"picked":"Hologram","floor":13},{"not_picked":["Go for the Eyes","Steam Power"],"picked":"Cold Snap","floor":14},{"not_picked":["Creative AI","All For One"],"picked":"Echo Form","floor":16},{"not_picked":["Conserve Battery","Compile Driver"],"picked":"Go for the Eyes+1","floor":18},{"not_picked":["Storm","Darkness"],"picked":"Ball Lightning","floor":20},{"not_picked":["Skim+1","Redo"],"picked":"Leap+1","floor":22},{"not_picked":["Stack+1","Force Field+1"],"picked":"Auto Shields","floor":24}],"player_experience":258306,"relics_obtained":[{"floor":7,"key":"War Paint"},{"floor":9,"key":"Boot"},{"floor":10,"key":"Dream Catcher"},{"floor":12,"key":"Oddly Smooth Stone"},{"floor":24,"key":"MawBank"}],"event_choices":[{"damage_healed":0,"gold_gain":0,"player_choice":"Lose Max HP","damage_taken":0,"relics_obtained":["Golden Idol"],"max_hp_gain":0,"max_hp_loss":6,"event_name":"Golden Idol","floor":2,"gold_loss":0},{"damage_healed":0,"gold_gain":0,"player_choice":"Success","damage_taken":3,"relics_obtained":["Mercury Hourglass"],"max_hp_gain":0,"max_hp_loss":0,"event_name":"Scrap Ooze","floor":5,"gold_loss":0},{"damage_healed":0,"gold_gain":0,"player_choice":"Grow","damage_taken":0,"max_hp_gain":0,"max_hp_loss":0,"event_name":"Living Wall","floor":8,"gold_loss":0,"cards_upgraded":["Sunder"]},{"damage_healed":0,"gold_gain":0,"player_choice":"Joined the Cult","damage_taken":6,"max_hp_gain":0,"max_hp_loss":0,"event_name":"Nest","floor":19,"gold_loss":0,"cards_obtained":["RitualDagger"]},{"damage_healed":0,"gold_gain":0,"player_choice":"Bought 3 Potions","damage_taken":0,"max_hp_gain":0,"max_hp_loss":0,"event_name":"The Woman in Blue","floor":21,"gold_loss":0}],"is_beta":true,"boss_relics":[{"not_picked":["Pandora\u0027s Box","Runic Dome"],"picked":"Coffee Dripper"}],"items_purged_floors":[4],"is_endless":false,"potions_floor_spawned":[1,14,18],"ascension_level":1}