{"gold_per_floor":[114,129,79,79,4,34,34,64,89,131,143,255,282,324,336,348],"floor_reached":16,"playtime":1233,"items_purged":["Regret"],"score":126,"play_id":"33358a45-699f-4bc7-ae19-da884a046f3b","local_time":"20190918125507","daily_mods":["Chimera","Flight","Elite Swarm"],"is_ascension_mode":false,"campfire_choices":[{"floor":7,"key":"REST"},{"data":"1","floor":11,"key":"LIFT"},{"floor":15,"key":"REST"}],"neow_cost":"","seed_source_timestamp":0,"circlet_count":0,"master_deck":["Bash","Survivor","Zap","Strike_R","Strike_G","Strike_B","Defend_R","Defend_G","Blur","Leg Sweep","Grand Finale","Adrenaline","Adrenaline","Wraith Form v2"],"special_seed":18157,"relics":["Ring of the Snake","Nunchaku","Matryoshka","Girya","MawBank","Blood Vial","Regal Pillow","Bottled Flame"],"potions_floor_usage":[6,10],"damage_taken":[{"damage":0,"enemies":"Small Slimes","floor":1,"turns":5},{"damage":0,"enemies":"2 Louse","floor":2,"turns":4},{"damage":23,"enemies":"Lagavulin","floor":6,"turns":8},{"damage":13,"enemies":"Gremlin Nob","floor":8,"turns":6},{"damage":8,"enemies":"3 Sentries","floor":10,"turns":12},{"damage":0,"enemies":"Cultist","floor":13,"turns":3},{"damage":27,"enemies":"Lagavulin","floor":14,"turns":8},{"damage":79,"enemies":"The Guardian","floor":16,"turns":13}],"seed_played":"1689302764374172476","potions_obtained":[{"floor":1,"key":"FearPotion"},{"floor":6,"key":"Energy Potion"}],"is_trial":false,"path_per_floor":["M","M","?","?","$","E","R","E","T","E","R","?","M","E","R","B"],"character_chosen":"THE_SILENT","items_purchased":[],"campfire_rested":2,"item_purchase_floors":[],"current_hp_per_floor":[70,70,70,70,70,47,68,55,55,49,49,49,51,26,62,0],"gold":348,"neow_bonus":"","is_prod":false,"is_daily":true,"chose_seed":false,"campfire_upgraded":0,"win_rate":0,"timestamp":1568782507,"path_taken":["M","M","?","?","$","E","R","E","T","E","R","?","M","E","R","BOSS"],"build_version":"2019-09-17","purchased_purges":1,"victory":false,"max_hp_per_floor":[70,70,70,70,70,70,70,70,70,70,70,70,70,70,70,70],"card_choices":[{"not_picked":["Caltrops","Riddle With Holes"],"picked":"Blur","floor":1},{"not_picked":["Acrobatics","Poisoned Stab"],"picked":"Leg Sweep","floor":2},{"not_picked":["A Thousand Cuts","Unload"],"picked":"Grand Finale","floor":6},{"not_picked":["A Thousand Cuts","Grand Finale"],"picked":"Adrenaline","floor":8},{"not_picked":["Burst","Malaise"],"picked":"Adrenaline","floor":10},{"not_picked":["Eviscerate","Slice","PiercingWail"],"picked":"SKIP","floor":13},{"not_picked":["Doppelganger","Venomology"],"picked":"Wraith Form v2","floor":14}],"player_experience":168934,"relics_obtained":[{"floor":6,"key":"Matryoshka"},{"floor":8,"key":"Girya"},{"floor":9,"key":"MawBank"},{"floor":9,"key":"Blood Vial"},{"floor":10,"key":"Regal Pillow"},{"floor":14,"key":"Bottled Flame"}],"event_choices":[{"cards_removed":["Defend_B"],"damage_healed":0,"gold_gain":0,"player_choice":"Card Removal","damage_taken":0,"max_hp_gain":0,"max_hp_loss":0,"event_name":"The Cleric","floor":3,"gold_loss":50},{"damage_healed":0,"gold_gain":0,"player_choice":"Box","damage_taken":0,"relics_obtained":["Nunchaku"],"max_hp_gain":0,"max_hp_loss":0,"event_name":"Big Fish","floor":4,"gold_loss":0,"cards_obtained":["Regret"]},{"damage_healed":0,"gold_gain":100,"player_choice":"Pray","damage_taken":0,"max_hp_gain":0,"max_hp_loss":0,"event_name":"Golden Shrine","floor":12,"gold_loss":0}],"is_beta":true,"boss_relics":[],"items_purged_floors":[5],"is_endless":false,"potions_floor_spawned":[1,6],"killed_by":"The Guardian","ascension_level":0}