{"gold_per_floor":[118,118,118,128,148,148,161,189,189,208,208,28,42,62,62,163,163,151,151,2,20,30,58,58,78,78,78,93,118,118,118,118,218,218,234,234,47,63,83,93,93,126,201,215,215,229,246,266,266,266],"floor_reached":51,"playtime":3976,"items_purged":["Strike_G","Pain"],"score":1057,"play_id":"4c32bd5f-7e6e-4394-bb00-fb9835a49111","local_time":"20190327161349","is_ascension_mode":true,"campfire_choices":[{"data":"Poisoned Stab","floor":6.0,"key":"SMITH"},{"floor":11.0,"key":"REST"},{"floor":15.0,"key":"REST"},{"data":"Crippling Poison","floor":24.0,"key":"SMITH"},{"data":"Backflip","floor":27.0,"key":"SMITH"},{"floor":30.0,"key":"REST"},{"floor":32.0,"key":"REST"},{"data":"Wraith Form v2","floor":41,"key":"SMITH"},{"data":"Apotheosis","floor":45,"key":"SMITH"},{"data":"Well Laid Plans","floor":49,"key":"SMITH"}],"neow_cost":"NONE","seed_source_timestamp":0,"circlet_count":0,"master_deck":["Defend_G","Defend_G","Defend_G","Defend_G","Defend_G","Strike_G","Survivor","Neutralize","Skewer","Dodge and Roll","Poisoned Stab+1","PiercingWail","Crippling Poison+1","Dodge and Roll","Deadly Poison","Well Laid Plans+1","Deadly Poison","Malaise","Noxious Fumes+1","Backflip+1","Backflip+1","Catalyst","Dash","Flechettes","Die Die Die","Wraith Form v2+1","Dash","Apotheosis+1","Quick Slash+1","Bane+1","Noxious Fumes+1","Deadly Poison+1"],"special_seed":0,"relics":["Ring of the Snake","Anchor","WarpedTongs","StoneCalendar","Incense Burner","Velvet Choker","Turnip","Orichalcum","Red Mask","Bottled Lightning","Empty Cage","Thread and Needle","Molten Egg 2"],"potions_floor_usage":[44,48,50,50],"damage_taken":[{"damage":0.0,"enemies":"2 Louse","floor":1.0,"turns":3.0},{"damage":4.0,"enemies":"Cultist","floor":4.0,"turns":3.0},{"damage":5.0,"enemies":"Small Slimes","floor":5.0,"turns":3.0},{"damage":13.0,"enemies":"Exordium Thugs","floor":7.0,"turns":5.0},{"damage":24.0,"enemies":"Gremlin Nob","floor":8.0,"turns":4.0},{"damage":5.0,"enemies":"Looter","floor":10.0,"turns":3.0},{"damage":0.0,"enemies":"3 Louse","floor":13.0,"turns":4.0},{"damage":15.0,"enemies":"Gremlin Gang","floor":14.0,"turns":5.0},{"damage":3.0,"enemies":"Slime Boss","floor":16.0,"turns":7.0},{"damage":9.0,"enemies":"2 Thieves","floor":18.0,"turns":4.0},{"damage":0.0,"enemies":"3 Byrds","floor":21.0,"turns":5.0},{"damage":0.0,"enemies":"Snake Plant","floor":22.0,"turns":4.0},{"damage":18.0,"enemies":"Slavers","floor":23.0,"turns":6.0},{"damage":2.0,"enemies":"Cultist and Chosen","floor":25.0,"turns":6.0},{"damage":4.0,"enemies":"Sentry and Sphere","floor":28.0,"turns":6.0},{"damage":15.0,"enemies":"Masked Bandits","floor":29.0,"turns":4.0},{"damage":55.0,"enemies":"Champ","floor":33.0,"turns":12.0},{"damage":0,"enemies":"3 Shapes","floor":35,"turns":4},{"damage":0,"enemies":"3 Darklings","floor":38,"turns":6},{"damage":0,"enemies":"Spire Growth","floor":39,"turns":7},{"damage":3,"enemies":"Maw","floor":40,"turns":7},{"damage":0,"enemies":"Giant Head","floor":42,"turns":9},{"damage":0,"enemies":"3 Darklings","floor":44,"turns":4},{"damage":0,"enemies":"Transient","floor":46,"turns":5},{"damage":0,"enemies":"4 Shapes","floor":47,"turns":6},{"damage":0,"enemies":"3 Darklings","floor":48,"turns":4},{"damage":56,"enemies":"Awakened One","floor":50,"turns":15}],"seed_played":"-1666699482695592001","potions_obtained":[{"floor":1.0,"key":"GhostInAJar"},{"floor":13.0,"key":"SkillPotion"},{"floor":16.0,"key":"SteroidPotion"},{"floor":19.0,"key":"SpeedPotion"},{"floor":19.0,"key":"AttackPotion"},{"floor":29.0,"key":"Fire Potion"},{"floor":33.0,"key":"FairyPotion"},{"floor":38,"key":"GhostInAJar"},{"floor":44,"key":"EntropicBrew"},{"floor":47,"key":"Strength Potion"},{"floor":48,"key":"Explosive Potion"}],"is_trial":false,"path_per_floor":["M","?","?","M","M","R","M","E","T","M","R","$","M","M","R","B",null,"M","?","$","M","M","E","R","M","T","R","M","?","R","T","R","B",null,"M","?","$","M","M","M","R","E","T","M","R","M","M","M","R","B",null],"character_chosen":"THE_SILENT","items_purchased":["Deadly Poison","Strength Potion","Backflip","Apotheosis"],"campfire_rested":4,"item_purchase_floors":[12,12,20,37],"current_hp_per_floor":[63,68,68,64,59,59,46,22,22,17,39,39,39,24,46,43,67,58,58,58,58,58,40,40,38,38,38,34,19,41,41,63,8,58,58,58,58,58,58,55,55,55,55,55,55,55,55,55,55,7],"gold":266,"neow_bonus":"RANDOM_COMMON_RELIC","is_prod":false,"is_daily":false,"chose_seed":false,"campfire_upgraded":6,"win_rate":0,"timestamp":1553699629,"path_taken":["M","?","?","?","M","R","M","E","T","M","R","$","M","M","R","BOSS","M","?","?","M","M","E","R","M","T","R","M","?","R","?","R","BOSS","M","?","$","?","M","M","R","E","T","M","R","M","M","M","R","BOSS"],"build_version":"2019-03-15","purchased_purges":2,"victory":true,"max_hp_per_floor":[70,75,75,75,75,75,75,75,75,75,75,75,75,75,75,75,75,75,75,75,75,75,75,75,75,75,75,75,75,75,75,75,75,75,75,75,75,75,75,75,75,75,75,75,75,75,75,75,75,75],"card_choices":[{"not_picked":["Outmaneuver","Bane"],"picked":"Skewer","floor":1.0},{"not_picked":["Dagger Spray","Predator"],"picked":"Dodge and Roll","floor":4.0},{"not_picked":["Heel Hook","Flying Knee"],"picked":"Poisoned Stab","floor":5.0},{"not_picked":["Deflect","Acrobatics"],"picked":"PiercingWail","floor":7.0},{"not_picked":["Malaise","Outmaneuver"],"picked":"Crippling Poison","floor":8.0},{"not_picked":["Outmaneuver","Blade Dance"],"picked":"Dodge and Roll","floor":10.0},{"not_picked":["Backflip","Acrobatics"],"picked":"Well Laid Plans","floor":13.0},{"not_picked":["Distraction","Masterful Stab"],"picked":"Deadly Poison","floor":14.0},{"not_picked":["Storm of Steel","Bullet Time"],"picked":"Malaise","floor":16.0},{"not_picked":["PiercingWail+1","Setup"],"picked":"Noxious Fumes+1","floor":18.0},{"not_picked":["Dagger Spray+1","Outmaneuver"],"picked":"Backflip+1","floor":21.0},{"not_picked":["Flying Knee","Blade Dance"],"picked":"Catalyst","floor":22.0},{"not_picked":["Finisher","Slice","Underhanded Strike"],"picked":"SKIP","floor":23.0},{"not_picked":["Slice","Catalyst"],"picked":"Dash","floor":25.0},{"not_picked":["Blade Dance","Expertise"],"picked":"Flechettes","floor":28.0},{"not_picked":["Dagger Spray","Blade Dance"],"picked":"Die Die Die","floor":29.0},{"not_picked":["Die Die Die","A Thousand Cuts"],"picked":"Wraith Form v2","floor":33.0},{"not_picked":["Sucker Punch","Quick Slash"],"picked":"Dash","floor":35},{"not_picked":["Underhanded Strike","Sucker Punch+1","Quick Slash"],"picked":"SKIP","floor":38},{"not_picked":["All Out Attack","Flying Knee","Dodge and Roll"],"picked":"SKIP","floor":39},{"not_picked":["Deadly Poison","Concentrate+1","Outmaneuver"],"picked":"SKIP","floor":40},{"not_picked":["Venomology","Doppelganger"],"picked":"Quick Slash+1","floor":42},{"not_picked":["Underhanded Strike+1","Deflect"],"picked":"Bane+1","floor":44},{"not_picked":["Dagger Throw+1","Backstab+1"],"picked":"Noxious Fumes+1","floor":46},{"not_picked":["Slice+1","Sucker Punch+1"],"picked":"Deadly Poison+1","floor":47},{"not_picked":["Dodge and Roll","Underhanded Strike+1","Flechettes+1"],"picked":"SKIP","floor":48}],"player_experience":388345,"relics_obtained":[{"floor":8.0,"key":"StoneCalendar"},{"floor":9.0,"key":"Incense Burner"},{"floor":23.0,"key":"Turnip"},{"floor":26.0,"key":"Orichalcum"},{"floor":29.0,"key":"Red Mask"},{"floor":31.0,"key":"Bottled Lightning"},{"floor":42,"key":"Thread and Needle"},{"floor":43,"key":"Molten Egg 2"}],"event_choices":[{"damage_healed":0.0,"max_hp_gain":5.0,"max_hp_loss":0.0,"gold_gain":0.0,"event_name":"Big Fish","player_choice":"Donut","floor":2.0,"gold_loss":0.0,"damage_taken":0.0},{"damage_healed":0.0,"max_hp_gain":0.0,"max_hp_loss":0.0,"gold_gain":0.0,"event_name":"Accursed Blacksmith","player_choice":"Rummage","floor":3.0,"gold_loss":0.0,"damage_taken":0.0,"relics_obtained":["WarpedTongs"],"cards_obtained":["Pain"]},{"damage_healed":0.0,"max_hp_gain":0.0,"max_hp_loss":0.0,"gold_gain":0.0,"event_name":"Lab","player_choice":"Got Potions","floor":19.0,"gold_loss":0.0,"damage_taken":0.0},{"damage_healed":0.0,"max_hp_gain":0.0,"max_hp_loss":0.0,"gold_gain":0.0,"event_name":"Masked Bandits","player_choice":"Fought Bandits","floor":29.0,"gold_loss":0.0,"damage_taken":0.0},{"cards_removed":["Strike_G"],"damage_healed":0,"gold_gain":0,"player_choice":"Purged","damage_taken":0,"max_hp_gain":0,"max_hp_loss":0,"event_name":"Purifier","floor":36,"gold_loss":0}],"is_beta":true,"boss_relics":[{"not_picked":["Black Star","Coffee Dripper"],"picked":"Velvet Choker"},{"not_picked":["Lizard Tail","Orrery"],"picked":"Empty Cage"}],"items_purged_floors":[12,20],"is_endless":false,"potions_floor_spawned":[1,13,16,21,22,29,33,38,40,44,47,48],"ascension_level":8}