{"gold_per_floor":[109,122,134,134,134,134,65,90,117,148,0,20,20,40,40,112,112,122,141,141,141,159,159,59,84,84,84,84],"floor_reached":28,"playtime":1549,"items_purged":["Strike_G","Strike_G"],"score":418,"play_id":"18b9ec21-9587-433d-8df3-9aceda700f43","local_time":"20190406155412","is_ascension_mode":true,"campfire_choices":[{"data":"Dash","floor":6.0,"key":"SMITH"},{"floor":13.0,"key":"REST"},{"floor":15.0,"key":"REST"},{"data":"Leg Sweep","floor":23,"key":"SMITH"},{"floor":27,"key":"REST"}],"neow_cost":"PERCENT_DAMAGE","seed_source_timestamp":0,"circlet_count":0,"master_deck":["AscendersBane","Defend_G","Defend_G","Defend_G","Defend_G","Defend_G","Strike_G","Strike_G","Strike_G","Survivor","Neutralize","Dash+1","PiercingWail","Dodge and Roll","Bouncing Flask","Dagger Spray","Noxious Fumes+1","Flying Knee","After Image+1","Leg Sweep+1","Catalyst","Cloak And Dagger","Backflip","Caltrops+1","Die Die Die"],"special_seed":0,"relics":["Ring of the Snake","Ice Cream","Omamori","Potion Belt","Frozen Egg 2","Orrery","Anchor","Smiling Mask","Ancient Tea Set"],"potions_floor_usage":[16,25,25,25],"damage_taken":[{"damage":7.0,"enemies":"Small Slimes","floor":1.0,"turns":3.0},{"damage":0.0,"enemies":"Cultist","floor":2.0,"turns":4.0},{"damage":0.0,"enemies":"Jaw Worm","floor":3.0,"turns":5.0},{"damage":16.0,"enemies":"Lagavulin","floor":8.0,"turns":7.0},{"damage":10.0,"enemies":"3 Sentries","floor":10.0,"turns":8.0},{"damage":0.0,"enemies":"Blue Slaver","floor":12.0,"turns":5.0},{"damage":2.0,"enemies":"2 Fungi Beasts","floor":14.0,"turns":4.0},{"damage":22,"enemies":"Slime Boss","floor":16,"turns":9},{"damage":7,"enemies":"Spheric Guardian","floor":18,"turns":6},{"damage":3,"enemies":"Shell Parasite","floor":19,"turns":6},{"damage":17,"enemies":"Shelled Parasite and Fungi","floor":22,"turns":8},{"damage":17,"enemies":"Slavers","floor":25,"turns":6},{"damage":31,"enemies":"Gremlin Leader","floor":28,"turns":6}],"seed_played":"7076181847486754163","potions_obtained":[{"floor":2.0,"key":"PowerPotion"},{"floor":3.0,"key":"Block Potion"},{"floor":10.0,"key":"Fire Potion"},{"floor":16,"key":"Weak Potion"},{"floor":18,"key":"Dexterity Potion"},{"floor":22,"key":"Explosive Potion"}],"is_trial":false,"path_per_floor":["M","M","M","?","$","R","$","E","T","E","$","M","R","M","R","B",null,"M","M","?","?","M","R","$","E","T","R","E"],"character_chosen":"THE_SILENT","items_purchased":["Bouncing Flask","Noxious Fumes+1"],"campfire_rested":3,"item_purchase_floors":[7,11],"current_hp_per_floor":[37,37,37,37,37,37,37,21,21,11,11,11,30,28,47,25,56,49,46,46,46,29,29,29,12,12,31,0],"gold":84,"neow_bonus":"ONE_RARE_RELIC","is_prod":false,"is_daily":false,"chose_seed":false,"campfire_upgraded":2,"win_rate":0,"timestamp":1554558852,"path_taken":["M","M","M","?","?","R","$","E","T","E","$","M","R","M","R","BOSS","M","M","?","?","M","R","?","E","T","R","E"],"build_version":"2019-04-04","purchased_purges":2,"victory":false,"max_hp_per_floor":[66,66,66,66,66,66,66,66,66,66,66,66,66,66,66,66,66,66,66,66,66,66,66,66,66,66,66,66],"card_choices":[{"not_picked":["Dagger Spray","Flechettes"],"picked":"Dash","floor":1.0},{"not_picked":["Skewer","Bane"],"picked":"PiercingWail","floor":2.0},{"not_picked":["Tactician","Acrobatics"],"picked":"Dodge and Roll","floor":3.0},{"not_picked":["Flying Knee","Deflect","Outmaneuver"],"picked":"SKIP","floor":8.0},{"not_picked":["A Thousand Cuts","Acrobatics"],"picked":"Dagger Spray","floor":10.0},{"not_picked":["Deflect","Bane"],"picked":"Flying Knee","floor":12.0},{"not_picked":["Finisher","Slice","Flying Knee"],"picked":"SKIP","floor":14.0},{"not_picked":["Die Die Die","Phantasmal Killer"],"picked":"After Image+1","floor":16},{"not_picked":["Flechettes","Endless Agony"],"picked":"Leg Sweep","floor":17},{"not_picked":["Acrobatics","Quick Slash"],"picked":"Catalyst","floor":17},{"not_picked":["Terror","Outmaneuver"],"picked":"Cloak And Dagger","floor":17},{"not_picked":["Acrobatics","Dodge and Roll"],"picked":"Backflip","floor":18},{"not_picked":["Backflip","Terror","Flying Knee"],"picked":"SKIP","floor":19},{"not_picked":["Catalyst+1","Dagger Spray"],"picked":"Caltrops+1","floor":22},{"not_picked":["Backflip","Deadly Poison"],"picked":"Die Die Die","floor":25}],"player_experience":456145,"relics_obtained":[{"floor":8.0,"key":"Omamori"},{"floor":9.0,"key":"Potion Belt"},{"floor":10.0,"key":"Frozen Egg 2"},{"floor":25,"key":"Smiling Mask"},{"floor":26,"key":"Ancient Tea Set"}],"event_choices":[{"damage_healed":0.0,"max_hp_gain":0.0,"max_hp_loss":0.0,"gold_gain":0.0,"event_name":"The Woman in Blue","player_choice":"Bought 0 Potions","floor":4.0,"gold_loss":0.0,"damage_taken":0.0},{"damage_healed":0,"gold_gain":0,"player_choice":"Stole Relic","damage_taken":0,"relics_obtained":["Anchor"],"max_hp_gain":0,"max_hp_loss":0,"event_name":"Addict","floor":20,"gold_loss":0,"cards_obtained":["Shame"]},{"damage_healed":0,"gold_gain":0,"player_choice":"Smashed Altar","damage_taken":0,"max_hp_gain":0,"max_hp_loss":0,"event_name":"Forgotten Altar","floor":21,"gold_loss":0,"cards_obtained":["Decay"]}],"is_beta":true,"boss_relics":[{"not_picked":["HoveringKite","Ring of the Serpent"],"picked":"Orrery"}],"items_purged_floors":[11,24],"is_endless":false,"potions_floor_spawned":[2,3,10,16,18,22],"killed_by":"Gremlin Leader","ascension_level":14}