{"gold_per_floor":[112,127,143,155,155,167,179,191,228,256,268,308,245,287,299,386,398,423,58,69,69,69,69,69],"floor_reached":24,"playtime":1470,"items_purged":["Parasite"],"score":388,"play_id":"23a3c0e2-c0cf-4d58-9475-1391f610d672","local_time":"20190310110629","is_ascension_mode":true,"campfire_choices":[{"data":"Dagger Spray","floor":8.0,"key":"SMITH"},{"data":"Deadly Poison","floor":11.0,"key":"SMITH"},{"floor":15.0,"key":"REST"},{"data":"Catalyst","floor":23.0,"key":"SMITH"}],"neow_cost":"CURSE","seed_source_timestamp":111494276884300,"circlet_count":0,"master_deck":["AscendersBane","Defend_G","Defend_G","Defend_G","Defend_G","Defend_G","Strike_G","Strike_G","Strike_G","Survivor","Neutralize","Flash of Steel","Flash of Steel","Dagger Throw","Deadly Poison+1","Dagger Spray+1","PiercingWail","Deadly Poison","Leg Sweep","Corpse Explosion","Noxious Fumes","Catalyst+1","Escape Plan","Crippling Poison","Leg Sweep","Bullet Time","Well Laid Plans","Master of Strategy","Cloak And Dagger","Bane","Writhe","Noxious Fumes","Eviscerate"],"special_seed":0,"relics":["Ring of the Snake","MawBank","Happy Flower","Snake Skull","Orrery","Juzu Bracelet"],"potions_floor_usage":[24],"damage_taken":[{"damage":4.0,"enemies":"Jaw Worm","floor":1.0,"turns":5.0},{"damage":6.0,"enemies":"2 Louse","floor":2.0,"turns":3.0},{"damage":2.0,"enemies":"Small Slimes","floor":3.0,"turns":4.0},{"damage":15.0,"enemies":"Exordium Thugs","floor":4.0,"turns":5.0},{"damage":0.0,"enemies":"Large Slime","floor":10.0,"turns":5.0},{"damage":19.0,"enemies":"Lagavulin","floor":12.0,"turns":7.0},{"damage":28.0,"enemies":"The Guardian","floor":16.0,"turns":12.0},{"damage":22.0,"enemies":"Shell Parasite","floor":18.0,"turns":5.0},{"damage":0.0,"enemies":"3 Byrds","floor":20.0,"turns":3.0},{"damage":32,"enemies":"Book of Stabbing","floor":24,"turns":5}],"seed_played":"-4379095502058037700","potions_obtained":[{"floor":2.0,"key":"GamblersBrew"},{"floor":4.0,"key":"EntropicBrew"},{"floor":10.0,"key":"GhostInAJar"},{"floor":16.0,"key":"Block Potion"},{"floor":20.0,"key":"FearPotion"}],"is_trial":false,"path_per_floor":["M","M","M","M","?","$","?","R","T","M","R","E","?","?","R","B",null,"M","$","M","?","?","R","E"],"character_chosen":"THE_SILENT","items_purchased":["Well Laid Plans","Master of Strategy","Cloak And Dagger"],"campfire_rested":1,"item_purchase_floors":[19,19,19],"current_hp_per_floor":[55,49,47,32,21,21,37,37,37,37,37,18,18,18,37,9,52,30,30,30,30,30,30,0],"gold":69,"neow_bonus":"RANDOM_COLORLESS_2","is_prod":false,"is_daily":false,"chose_seed":false,"campfire_upgraded":3,"win_rate":0,"timestamp":1552241189,"path_taken":["M","M","M","M","?","$","?","R","T","M","R","E","?","?","R","BOSS","M","$","M","?","?","R","E"],"build_version":"2019-02-06","purchased_purges":1,"victory":false,"max_hp_per_floor":[66,66,66,66,66,66,66,66,66,66,66,66,66,66,66,66,66,66,63,63,63,63,63,63],"card_choices":[{"not_picked":["Infinite Blades","Tactician"],"picked":"Dagger Throw","floor":1.0},{"not_picked":["Eviscerate","Sucker Punch"],"picked":"Deadly Poison","floor":2.0},{"not_picked":["Accuracy","Prepared"],"picked":"Dagger Spray","floor":3.0},{"not_picked":["Dagger Spray","Blade Dance"],"picked":"PiercingWail","floor":4.0},{"not_picked":["Backstab","Setup"],"picked":"Deadly Poison","floor":10.0},{"not_picked":["Infinite Blades","Flechettes"],"picked":"Leg Sweep","floor":12.0},{"not_picked":["Venomology","Bullet Time"],"picked":"Corpse Explosion","floor":16.0},{"not_picked":["Dodge and Roll","Backstab"],"picked":"Noxious Fumes","floor":17.0},{"not_picked":["Well Laid Plans","Sucker Punch"],"picked":"Catalyst","floor":17.0},{"not_picked":["PiercingWail","All Out Attack"],"picked":"Escape Plan","floor":17.0},{"not_picked":["Dagger Throw","Skewer"],"picked":"Crippling Poison","floor":17.0},{"not_picked":["Bane","PiercingWail"],"picked":"Leg Sweep","floor":17.0},{"not_picked":["Dagger Throw","Flying Knee"],"picked":"Bullet Time","floor":18.0},{"not_picked":["Flechettes","Skewer"],"picked":"Bane","floor":20.0}],"player_experience":3352331,"relics_obtained":[{"floor":9.0,"key":"Happy Flower"},{"floor":12.0,"key":"Snake Skull"}],"event_choices":[{"damage_healed":0.0,"max_hp_gain":0.0,"max_hp_loss":0.0,"gold_gain":0.0,"event_name":"Scrap Ooze","player_choice":"Success","floor":5.0,"gold_loss":0.0,"damage_taken":11.0,"relics_obtained":["MawBank"]},{"damage_healed":16.0,"max_hp_gain":0.0,"max_hp_loss":0.0,"gold_gain":0.0,"event_name":"Mushrooms","player_choice":"Healed and dodged fight","floor":7.0,"gold_loss":0.0,"damage_taken":0.0,"cards_obtained":["Parasite"]},{"cards_removed":["Injury"],"damage_healed":0.0,"max_hp_gain":0.0,"max_hp_loss":0.0,"gold_gain":0.0,"event_name":"The Cleric","player_choice":"Card Removal","floor":13.0,"gold_loss":75.0,"damage_taken":0.0},{"damage_healed":0.0,"max_hp_gain":0.0,"max_hp_loss":0.0,"gold_gain":30.0,"event_name":"Dead Adventurer","player_choice":"Searched \u00271\u0027 times","floor":14.0,"gold_loss":0.0,"damage_taken":0.0},{"damage_healed":0.0,"max_hp_gain":0.0,"max_hp_loss":0.0,"gold_gain":0.0,"event_name":"The Mausoleum","player_choice":"Opened","floor":21.0,"gold_loss":0.0,"damage_taken":0.0,"relics_obtained":["Juzu Bracelet"],"cards_obtained":["Writhe"]},{"damage_healed":0.0,"max_hp_gain":0.0,"max_hp_loss":0.0,"gold_gain":0.0,"cards_transformed":["Strike_G","Strike_G"],"event_name":"Drug Dealer","player_choice":"Became Test Subject","floor":22.0,"gold_loss":0.0,"damage_taken":0.0,"cards_obtained":["Noxious Fumes","Eviscerate"]}],"is_beta":true,"boss_relics":[{"not_picked":["Snecko Eye","Philosopher\u0027s Stone"],"picked":"Orrery"}],"items_purged_floors":[19],"is_endless":false,"potions_floor_spawned":[2,4,10,16,20],"killed_by":"Book of Stabbing","ascension_level":20}