{"gold_per_floor":[111,111,121,134,150,150,178,178,178,188,214,214,225,254,254,326,326,346,261,261,277,35,35,35,35,35,49,49],"floor_reached":28,"playtime":1436,"items_purged":["Strike_R"],"score":452,"play_id":"81108ea6-682d-4803-b7f6-3fbb8dc5aab3","local_time":"20190908173029","is_ascension_mode":true,"campfire_choices":[{"data":"Uppercut","floor":6,"key":"SMITH"},{"floor":8,"key":"REST"},{"floor":12,"key":"REST"},{"data":"Whirlwind","floor":15,"key":"SMITH"},{"data":"Demon Form","floor":23,"key":"SMITH"},{"floor":25,"key":"REST"}],"neow_cost":"TEN_PERCENT_HP_LOSS","seed_source_timestamp":1313892399488600,"circlet_count":0,"master_deck":["AscendersBane","Strike_R","Strike_R","Strike_R","Strike_R","Defend_R","Defend_R","Defend_R","Defend_R","Bash+1","Cleave","Uppercut+1","Pommel Strike","Whirlwind+1","Rampage","Metallicize","Double Tap","Demon Form+1","Shrug It Off"],"special_seed":0,"relics":["Black Blood","Thread and Needle","Mummified Hand","Sundial","Blue Candle","Centennial Puzzle","PreservedInsect","Nilry\u0027s Codex","qcfpunch:Red_Headband","Mango"],"potions_floor_usage":[28],"damage_taken":[{"damage":0,"enemies":"Small Slimes","floor":1,"turns":3},{"damage":2,"enemies":"Cultist","floor":3,"turns":3},{"damage":0,"enemies":"2 Louse","floor":4,"turns":3},{"damage":9,"enemies":"Gremlin Gang","floor":5,"turns":4},{"damage":42,"enemies":"3 Sentries","floor":7,"turns":9},{"damage":8,"enemies":"2 Fungi Beasts","floor":10,"turns":3},{"damage":19,"enemies":"Gremlin Nob","floor":11,"turns":4},{"damage":9,"enemies":"Exordium Thugs","floor":13,"turns":5},{"damage":9,"enemies":"Lagavulin","floor":14,"turns":7},{"damage":14,"enemies":"Slime Boss","floor":16,"turns":7},{"damage":11,"enemies":"Chosen","floor":18,"turns":5},{"damage":37,"enemies":"3 Byrds","floor":21,"turns":6},{"damage":15,"enemies":"Snake Plant","floor":27,"turns":5},{"damage":35,"enemies":"Book of Stabbing","floor":28,"turns":4}],"seed_played":"-4021462875903703245","potions_obtained":[{"floor":1,"key":"Ancient Potion"},{"floor":3,"key":"Swift Potion"}],"is_trial":false,"path_per_floor":["M","?","M","M","M","R","E","R","T","M","E","R","M","E","R","B",null,"M","?","?","M","$","R","?","R","T","M","E"],"character_chosen":"IRONCLAD","items_purchased":["qcfpunch:Red_Headband"],"campfire_rested":3,"item_purchase_floors":[22],"current_hp_per_floor":[68,68,68,68,65,65,29,49,49,47,34,54,51,48,48,40,61,60,60,39,12,12,12,2,22,36,31,0],"gold":49,"neow_bonus":"ONE_RARE_RELIC","is_prod":false,"is_daily":false,"chose_seed":false,"campfire_upgraded":3,"win_rate":0,"timestamp":1567989029,"path_taken":["M","?","M","?","M","R","E","R","T","M","E","R","?","E","R","BOSS","M","?","?","M","$","R","?","R","T","M","E"],"build_version":"2019-07-17","purchased_purges":1,"victory":false,"max_hp_per_floor":[68,68,68,68,68,68,68,68,68,68,68,68,68,68,68,68,68,68,68,68,68,68,68,68,68,82,82,82],"card_choices":[{"not_picked":["Clothesline","Seeing Red"],"picked":"Cleave","floor":1},{"not_picked":["Seeing Red","Perfected Strike"],"picked":"Uppercut","floor":3},{"not_picked":["Shrug It Off","Flex"],"picked":"Pommel Strike","floor":4},{"not_picked":["Armaments","Power Through","Intimidate"],"picked":"SKIP","floor":5},{"not_picked":["Reaper","Headbutt"],"picked":"Whirlwind","floor":7},{"not_picked":["Entrench","Iron Wave"],"picked":"Rampage","floor":10},{"not_picked":["Seeing Red","Whirlwind","Entrench"],"picked":"SKIP","floor":11},{"not_picked":["Rupture","Seeing Red"],"picked":"Metallicize","floor":13},{"not_picked":["Heavy Blade","Armaments"],"picked":"Double Tap","floor":14},{"not_picked":["Limit Break","Juggernaut"],"picked":"Demon Form","floor":16},{"not_picked":["Twin Strike","Uppercut"],"picked":"Shrug It Off","floor":18},{"not_picked":["Whirlwind","Hemokinesis","Combust"],"picked":"SKIP","floor":21},{"not_picked":["Sever Soul","Warcry","Body Slam"],"picked":"SKIP","floor":27}],"player_experience":1393193,"relics_obtained":[{"floor":7,"key":"Mummified Hand"},{"floor":9,"key":"Sundial"},{"floor":11,"key":"Blue Candle"},{"floor":14,"key":"Centennial Puzzle"},{"floor":20,"key":"Nilry\u0027s Codex"},{"floor":26,"key":"Mango"}],"event_choices":[{"damage_healed":0,"gold_gain":0,"player_choice":"Upgraded","damage_taken":0,"max_hp_gain":0,"max_hp_loss":0,"event_name":"Upgrade Shrine","floor":2,"gold_loss":0,"cards_upgraded":["Bash"]},{"damage_healed":0,"gold_gain":0,"player_choice":"Obtained Relic","damage_taken":0,"relics_obtained":["PreservedInsect"],"max_hp_gain":0,"max_hp_loss":0,"event_name":"Addict","floor":19,"gold_loss":85},{"damage_healed":0,"gold_gain":0,"player_choice":"Obtained Book","damage_taken":21,"max_hp_gain":0,"max_hp_loss":0,"event_name":"Cursed Tome","floor":20,"gold_loss":0},{"damage_healed":0,"gold_gain":0,"player_choice":"Damaged","damage_taken":10,"max_hp_gain":0,"max_hp_loss":0,"event_name":"Wheel of Change","floor":24,"gold_loss":0}],"is_beta":false,"boss_relics":[{"not_picked":["Orrery","Lizard Tail"],"picked":"Black Blood"}],"items_purged_floors":[22],"is_endless":false,"potions_floor_spawned":[1,3,13],"killed_by":"Book of Stabbing","ascension_level":18}