{"gold_per_floor":[116,131,146,163,181,181,210,210,236,8,8],"floor_reached":11,"playtime":437,"items_purged":[],"score":150,"play_id":"1b224030-4bba-4c76-9df7-0c3c4a2ad242","local_time":"20190815012346","is_ascension_mode":true,"campfire_choices":[{"data":"Terror","floor":6.0,"key":"SMITH"},{"data":"After Image","floor":8,"key":"SMITH"}],"neow_cost":"NONE","seed_source_timestamp":4495277491387999,"circlet_count":0,"master_deck":["AscendersBane","Strike_G","Strike_G","Strike_G","Strike_G","Strike_G","Defend_G","Defend_G+1","Defend_G","Defend_G","Defend_G","Survivor","Neutralize+1","Choke","Terror+1","Endless Agony","Cloak And Dagger+1","Footwork","After Image+1"],"special_seed":0,"relics":["Ring of the Snake","Happy Flower","War Paint","ClockworkSouvenir"],"potions_floor_usage":[7,7],"damage_taken":[{"damage":12.0,"enemies":"2 Louse","floor":1.0,"turns":3.0},{"damage":3.0,"enemies":"Cultist","floor":2.0,"turns":4.0},{"damage":0.0,"enemies":"Jaw Worm","floor":3.0,"turns":4.0},{"damage":4.0,"enemies":"Blue Slaver","floor":4.0,"turns":4.0},{"damage":1.0,"enemies":"Looter","floor":5.0,"turns":2.0},{"damage":34,"enemies":"Gremlin Nob","floor":7,"turns":4}],"seed_played":"-2675094579984405167","potions_obtained":[{"floor":1.0,"key":"AttackPotion"},{"floor":2.0,"key":"Dexterity Potion"}],"is_trial":false,"path_per_floor":["M","M","M","M","M","R","E","R","T","$","?"],"character_chosen":"THE_SILENT","items_purchased":["ClockworkSouvenir"],"campfire_rested":0,"item_purchase_floors":[10],"current_hp_per_floor":[47,44,44,40,39,39,5,5,5,5,0],"gold":8,"neow_bonus":"UPGRADE_CARD","is_prod":false,"is_daily":false,"chose_seed":false,"campfire_upgraded":2,"win_rate":0,"timestamp":1565857426,"path_taken":["M","M","M","M","M","R","E","R","T","$","?"],"build_version":"2019-07-18","purchased_purges":0,"victory":false,"max_hp_per_floor":[66,66,66,66,66,66,66,66,66,66,66],"card_choices":[{"not_picked":["Dodge and Roll","Acrobatics"],"picked":"Choke","floor":1.0},{"not_picked":["Flechettes","Bane"],"picked":"Terror","floor":2.0},{"not_picked":["Dagger Throw","Deadly Poison"],"picked":"Endless Agony","floor":3.0},{"not_picked":["Choke","Bane"],"picked":"Cloak And Dagger","floor":4.0},{"not_picked":["Bane","Outmaneuver"],"picked":"Footwork","floor":5.0},{"not_picked":["Outmaneuver","Dodge and Roll"],"picked":"After Image","floor":7}],"player_experience":3534394,"relics_obtained":[{"floor":7,"key":"Happy Flower"},{"floor":9,"key":"War Paint"}],"event_choices":[],"is_beta":true,"boss_relics":[],"items_purged_floors":[],"is_endless":false,"potions_floor_spawned":[1,2,4],"ascension_level":20}