{"gold_per_floor":[116,126,136,136,136,162,162,14,14,14,14,32,44,72,72,146,146,165,165,178,198,215,315,331,57,132,145,210,210,210,240,240,240],"floor_reached":33,"playtime":1887,"items_purged":[],"score":694,"play_id":"7a3b7b5e-d00c-4c61-ace1-bf46affffeaf","local_time":"20190326170129","is_ascension_mode":true,"campfire_choices":[{"data":"Body Slam","floor":7.0,"key":"SMITH"},{"data":"Armaments","floor":11.0,"key":"SMITH"},{"data":"Uppercut","floor":15.0,"key":"SMITH"},{"data":"Fiend Fire","floor":29,"key":"SMITH"},{"data":"True Grit","floor":32,"key":"SMITH"}],"neow_cost":"PERCENT_DAMAGE","seed_source_timestamp":0,"circlet_count":0,"master_deck":["AscendersBane","Strike_R","Strike_R","Strike_R","Strike_R","Strike_R","Defend_R","Defend_R","Defend_R","Bash","Impervious","Battle Trance","Perfected Strike+1","Body Slam+1","Metallicize","Sever Soul","Armaments+1","Uppercut+1","Feel No Pain","Metallicize","Fiend Fire+1","Shrug It Off","Pain","Iron Wave","Sentinel+1","Perfected Strike","Warcry","Intimidate","Juggernaut","True Grit+1","Metallicize","J.A.X.","Power Through"],"special_seed":0,"relics":["Burning Blood","Charon\u0027s Ashes","Meat on the Bone","CultistMask","Pen Nib","Mark of Pain","WarpedTongs","Prayer Wheel","Ornamental Fan","Blue Candle","Bottled Flame","Tiny Chest","Molten Egg 2"],"potions_floor_usage":[23,23,24,31,33,33],"damage_taken":[{"damage":11.0,"enemies":"Small Slimes","floor":1.0,"turns":5.0},{"damage":4.0,"enemies":"Jaw Worm","floor":2.0,"turns":7.0},{"damage":1.0,"enemies":"Cultist","floor":3.0,"turns":3.0},{"damage":35.0,"enemies":"Lagavulin","floor":6.0,"turns":5.0},{"damage":0.0,"enemies":"3 Louse","floor":12.0,"turns":3.0},{"damage":6.0,"enemies":"Red Slaver","floor":13.0,"turns":3.0},{"damage":0.0,"enemies":"Gremlin Nob","floor":14.0,"turns":3.0},{"damage":37.0,"enemies":"Slime Boss","floor":16.0,"turns":8.0},{"damage":9.0,"enemies":"Spheric Guardian","floor":18.0,"turns":5.0},{"damage":12.0,"enemies":"Chosen","floor":20.0,"turns":3.0},{"damage":14.0,"enemies":"Snecko","floor":21.0,"turns":3.0},{"damage":7.0,"enemies":"Shelled Parasite and Fungi","floor":22.0,"turns":3.0},{"damage":0,"enemies":"Colosseum Slavers","floor":23,"turns":3},{"damage":8,"enemies":"Colosseum Nobs","floor":23,"turns":5},{"damage":25,"enemies":"Snake Plant","floor":24,"turns":4},{"damage":4,"enemies":"3 Cultists","floor":27,"turns":4},{"damage":16,"enemies":"Book of Stabbing","floor":28,"turns":5},{"damage":3,"enemies":"Gremlin Leader","floor":31,"turns":3},{"damage":71,"enemies":"Champ","floor":33,"turns":9}],"seed_played":"2457490915669942558","potions_obtained":[{"floor":3.0,"key":"SmokeBomb"},{"floor":6.0,"key":"SpeedPotion"},{"floor":20.0,"key":"SkillPotion"},{"floor":21.0,"key":"Regen Potion"},{"floor":23,"key":"Poison Potion"},{"floor":27,"key":"SteroidPotion"},{"floor":28,"key":"AttackPotion"},{"floor":31,"key":"Fire Potion"}],"is_trial":false,"path_per_floor":["M","M","M","?","?","E","R","$","T","?","R","M","M","E","R","B",null,"M","?","M","M","M","?","M","$","T","M","E","R","?","E","R","B"],"character_chosen":"IRONCLAD","items_purchased":["Sever Soul","Armaments","Blue Candle"],"campfire_rested":0,"item_purchase_floors":[8,8,25],"current_hp_per_floor":[45,47,52,45,45,16,16,16,16,16,16,34,46,52,52,33,65,62,62,56,48,47,65,46,46,46,48,50,50,50,53,53,0],"gold":240,"neow_bonus":"THREE_RARE_CARDS","is_prod":false,"is_daily":false,"chose_seed":false,"campfire_upgraded":5,"win_rate":0,"timestamp":1553644889,"path_taken":["M","M","M","?","?","E","R","?","T","?","R","M","?","E","R","BOSS","M","?","M","M","?","?","M","$","T","M","E","R","?","E","R","BOSS"],"build_version":"2019-03-15","purchased_purges":0,"victory":false,"max_hp_per_floor":[75,75,75,75,75,75,75,75,75,75,75,75,75,75,75,75,75,75,75,75,75,75,75,75,75,75,75,75,75,75,75,75,75],"card_choices":[{"not_picked":["Berserk","Dark Embrace"],"picked":"Impervious","floor":0.0},{"not_picked":["Shrug It Off","Blood for Blood"],"picked":"Battle Trance","floor":1.0},{"not_picked":["Clothesline","Twin Strike"],"picked":"Perfected Strike","floor":2.0},{"not_picked":["Inflame","Spot Weakness"],"picked":"Body Slam","floor":3.0},{"not_picked":["Cleave","Anger"],"picked":"Metallicize","floor":6.0},{"not_picked":["Anger","Pommel Strike"],"picked":"Uppercut","floor":12.0},{"not_picked":["Sword Boomerang","Fire Breathing"],"picked":"Feel No Pain","floor":13.0},{"not_picked":["Headbutt","Hemokinesis"],"picked":"Metallicize","floor":14.0},{"not_picked":["Double Tap","Impervious"],"picked":"Fiend Fire","floor":16.0},{"not_picked":["Warcry","Clothesline"],"picked":"Shrug It Off","floor":18.0},{"not_picked":["Heavy Blade","Headbutt"],"picked":"Iron Wave","floor":20.0},{"not_picked":["Thunderclap","Pommel Strike"],"picked":"Sentinel+1","floor":21.0},{"not_picked":["Heavy Blade","Clothesline","Cleave"],"picked":"SKIP","floor":22.0},{"not_picked":["Heavy Blade","Sword Boomerang"],"picked":"Perfected Strike","floor":23},{"not_picked":["Heavy Blade","Thunderclap"],"picked":"Warcry","floor":24},{"not_picked":["Evolve","Power Through","Intimidate"],"picked":"SKIP","floor":24},{"not_picked":["Evolve","Power Through"],"picked":"Intimidate","floor":24},{"not_picked":["Combust","Clothesline"],"picked":"Juggernaut","floor":27},{"not_picked":["Cleave","Havoc"],"picked":"True Grit","floor":27},{"not_picked":["Clothesline","Warcry"],"picked":"Metallicize","floor":28},{"not_picked":["Iron Wave","Rampage+1"],"picked":"Power Through","floor":31}],"player_experience":3396212,"relics_obtained":[{"floor":6.0,"key":"Charon\u0027s Ashes"},{"floor":9.0,"key":"Meat on the Bone"},{"floor":14.0,"key":"Pen Nib"},{"floor":23,"key":"Prayer Wheel"},{"floor":23,"key":"Ornamental Fan"},{"floor":26,"key":"Bottled Flame"},{"floor":28,"key":"Tiny Chest"},{"floor":31,"key":"Molten Egg 2"}],"event_choices":[{"cards_removed":["Defend_R"],"damage_healed":0.0,"max_hp_gain":0.0,"max_hp_loss":0.0,"gold_gain":0.0,"event_name":"Golden Wing","player_choice":"Card Removal","floor":4.0,"gold_loss":0.0,"damage_taken":7.0},{"damage_healed":0.0,"max_hp_gain":0.0,"max_hp_loss":0.0,"gold_gain":0.0,"event_name":"Living Wall","player_choice":"Grow","floor":5.0,"gold_loss":0.0,"damage_taken":0.0,"cards_upgraded":["Perfected Strike"]},{"damage_healed":0.0,"max_hp_gain":0.0,"max_hp_loss":0.0,"gold_gain":0.0,"event_name":"FaceTrader","player_choice":"Trade","floor":10.0,"gold_loss":0.0,"damage_taken":0.0,"relics_obtained":["CultistMask"]},{"damage_healed":0.0,"max_hp_gain":0.0,"max_hp_loss":0.0,"gold_gain":0.0,"event_name":"Accursed Blacksmith","player_choice":"Rummage","floor":19.0,"gold_loss":0.0,"damage_taken":0.0,"relics_obtained":["WarpedTongs"],"cards_obtained":["Pain"]},{"damage_healed":0,"gold_gain":0,"player_choice":"Fight","damage_taken":0,"max_hp_gain":0,"max_hp_loss":0,"event_name":"Colosseum","floor":23,"gold_loss":0},{"damage_healed":0,"gold_gain":0,"player_choice":"Fought Nobs","damage_taken":0,"max_hp_gain":0,"max_hp_loss":0,"event_name":"Colosseum","floor":23,"gold_loss":0},{"damage_healed":0,"gold_gain":0,"player_choice":"Obtain J.A.X.","damage_taken":0,"max_hp_gain":0,"max_hp_loss":0,"event_name":"Drug Dealer","floor":30,"gold_loss":0,"cards_obtained":["J.A.X."]}],"is_beta":true,"boss_relics":[{"not_picked":["Orrery","Sozu"],"picked":"Mark of Pain"}],"items_purged_floors":[],"is_endless":false,"potions_floor_spawned":[3,6,16,20,21,23,27,28,31],"killed_by":"Champ","ascension_level":20}