{"gold_per_floor":[117,42,57,57,57,85,95,95,95,125,64,64,80,99,99,173,173,190,190,200,213,232,232,232,232,255,255],"floor_reached":27,"playtime":786,"items_purged":[],"score":446,"play_id":"e136db79-3d23-4dd1-abbe-76c64e883dde","local_time":"20190816170411","is_ascension_mode":true,"campfire_choices":[{"data":"Zap","floor":8,"key":"SMITH"},{"data":"Defragment","floor":12,"key":"SMITH"},{"data":"Conserve Battery","floor":15,"key":"SMITH"},{"data":"White Noise","floor":25,"key":"SMITH"}],"neow_cost":"NONE","seed_source_timestamp":16935803677900,"circlet_count":0,"master_deck":["AscendersBane","Defend_B","Defend_B+1","Defend_B","Defend_B","Zap+1","Dualcast","Defragment+1","Sweeping Beam","Thunder Strike","Conserve Battery+1","Redo+1","Capacitor","Undo","Electrodynamics","White Noise+1","Coolheaded","Hologram","Reinforced Body"],"relics":["Cracked Core","NeowsBlessing","Meat on the Bone","Anchor","Darkstone Periapt","Pear","War Paint","Empty Cage","Frozen Egg 2","Potion Belt"],"potions_floor_usage":[16],"damage_taken":[{"damage":0,"enemies":"Jaw Worm","floor":1,"turns":1},{"damage":0,"enemies":"Small Slimes","floor":3,"turns":1},{"damage":0,"enemies":"Gremlin Nob","floor":6,"turns":1},{"damage":1,"enemies":"2 Louse","floor":7,"turns":2},{"damage":36,"enemies":"Lagavulin","floor":10,"turns":7},{"damage":0,"enemies":"Red Slaver","floor":13,"turns":3},{"damage":6,"enemies":"Looter","floor":14,"turns":3},{"damage":40,"enemies":"Slime Boss","floor":16,"turns":9},{"damage":0,"enemies":"3 Byrds","floor":18,"turns":2},{"damage":21,"enemies":"2 Thieves","floor":20,"turns":4},{"damage":25,"enemies":"Snake Plant","floor":21,"turns":5},{"damage":20,"enemies":"Sentry and Sphere","floor":22,"turns":4},{"damage":27,"enemies":"Gremlin Leader","floor":27,"turns":2}],"seed_played":"-3047106934590782292","potions_obtained":[{"floor":1,"key":"GamblersBrew"},{"floor":10,"key":"Ancient Potion"},{"floor":13,"key":"Block Potion"},{"floor":21,"key":"Strength Potion"}],"is_trial":false,"path_per_floor":["M","?","M","?","?","E","M","R","T","E","?","R","M","M","R","B",null,"M","?","M","M","M","?","T","R","T","E"],"character_chosen":"DEFECT","items_purchased":[],"campfire_rested":0,"item_purchase_floors":[],"current_hp_per_floor":[64,64,64,57,46,46,45,45,45,31,31,31,43,49,49,21,66,66,66,45,32,24,24,24,24,24,0],"gold":255,"neow_bonus":"THREE_ENEMY_KILL","is_prod":false,"is_daily":false,"chose_seed":false,"campfire_upgraded":4,"win_rate":0,"timestamp":1565989451,"path_taken":["M","?","M","?","?","E","M","R","T","E","?","R","M","?","R","BOSS","M","?","M","M","M","?","?","R","T","E"],"build_version":"2019-07-17","purchased_purges":0,"victory":false,"max_hp_per_floor":[71,71,71,71,71,71,71,71,71,81,81,81,81,81,81,81,81,81,81,81,81,81,81,81,81,81,81],"card_choices":[{"not_picked":["Consume","Cold Snap"],"picked":"Defragment","floor":1},{"not_picked":["Turbo","Redo"],"picked":"Sweeping Beam","floor":3},{"not_picked":["Hologram","Rebound"],"picked":"Thunder Strike","floor":6},{"not_picked":["Stack","Hello World"],"picked":"Conserve Battery","floor":7},{"not_picked":["Chill","Compile Driver"],"picked":"Redo","floor":10},{"not_picked":["Sweeping Beam","Leap"],"picked":"Capacitor","floor":13},{"not_picked":["Reprogram","Skim"],"picked":"Undo","floor":14},{"not_picked":["Fission","Core Surge"],"picked":"Electrodynamics","floor":16},{"not_picked":["Heatsinks","Loop"],"picked":"White Noise","floor":18},{"not_picked":["Steam","Sweeping Beam+1"],"picked":"Coolheaded","floor":20},{"not_picked":["Melter","Multi-Cast"],"picked":"Hologram","floor":21},{"not_picked":["Sweeping Beam+1","Compile Driver","Stack+1"],"picked":"SKIP","floor":22}],"player_experience":723796,"relics_obtained":[{"floor":6,"key":"Anchor"},{"floor":9,"key":"Darkstone Periapt"},{"floor":10,"key":"Pear"},{"floor":24,"key":"Frozen Egg 2"},{"floor":26,"key":"Potion Belt"}],"event_choices":[{"cards_removed":["Strike_B"],"damage_healed":0,"gold_gain":0,"player_choice":"Card Removal","damage_taken":0,"max_hp_gain":0,"max_hp_loss":0,"event_name":"The Cleric","floor":2,"gold_loss":75},{"cards_removed":["Strike_B"],"damage_healed":0,"gold_gain":0,"player_choice":"Card Removal","damage_taken":7,"max_hp_gain":0,"max_hp_loss":0,"event_name":"Golden Wing","floor":4,"gold_loss":0},{"damage_healed":0,"gold_gain":0,"player_choice":"Success","damage_taken":11,"relics_obtained":["Meat on the Bone"],"max_hp_gain":0,"max_hp_loss":0,"event_name":"Scrap Ooze","floor":5,"gold_loss":0},{"damage_healed":0,"gold_gain":0,"player_choice":"Paid Gold","damage_taken":0,"relics_obtained":["War Paint"],"max_hp_gain":0,"max_hp_loss":0,"event_name":"WeMeetAgain","floor":11,"gold_loss":61},{"damage_healed":0,"gold_gain":0,"player_choice":"Ignored","damage_taken":0,"max_hp_gain":0,"max_hp_loss":0,"event_name":"Vampires","floor":19,"gold_loss":0},{"damage_healed":0,"gold_gain":0,"player_choice":"Read","damage_taken":0,"max_hp_gain":0,"max_hp_loss":0,"event_name":"The Library","floor":23,"gold_loss":0,"cards_obtained":["Reinforced Body"]}],"is_beta":false,"boss_relics":[{"not_picked":["Cursed Key","Velvet Choker"],"picked":"Empty Cage"}],"items_purged_floors":[],"is_endless":false,"potions_floor_spawned":[1,10,13,14,21],"killed_by":"Gremlin Leader","ascension_level":16}