{"gold_per_floor":[111,126,137,9,21,21,53,53,76,41,102,123,154,172,172,247,247,261,261,186,186,186,186,87,87,133,133,144,44,59,91,91,163,163,178,49,66,66,0,0,35,35,35,35,35,67,13,13,13,13],"floor_reached":51,"playtime":2806,"items_purged":["Strike_B","Strike_B+1"],"score":1333,"play_id":"200d790e-b0a0-4790-9e56-578cc299e5f5","local_time":"20181028004257","is_ascension_mode":true,"campfire_choices":[{"data":"Streamline","floor":6,"key":"SMITH"},{"floor":8,"key":"REST"},{"floor":15,"key":"REST"},{"data":"Zap","floor":23,"key":"SMITH"},{"data":"Defragment","floor":25,"key":"SMITH"},{"floor":32,"key":"REST"},{"data":"Beam Cell","floor":40,"key":"SMITH"},{"data":"Capacitor","floor":45,"key":"SMITH"},{"floor":49,"key":"REST"}],"neow_cost":"NONE","seed_source_timestamp":3185946342256162,"circlet_count":0,"master_deck":["Defend_B+1","Defend_B+1","Defend_B+1","Defend_B+1","Zap+1","Dualcast","AscendersBane","All For One","Genetic Algorithm","BootSequence","Streamline+1","Cold Snap","Gash","Loop","Go for the Eyes+1","Gash","Electrodynamics","Machine Learning","Defragment+1","Turbo","Steam","Compile Driver","Seek","Capacitor+1","Beam Cell+1","Hologram+1","Loop"],"relics":["FrozenCore","Bronze Scales","Anchor","Juzu Bracelet","Odd Mushroom","Oddly Smooth Stone","Busted Crown","Question Card","Blood Vial","Potion Belt","Red Mask","Boot","Regal Pillow","Bottled Tornado"],"potions_floor_usage":[5,7,31,50,50],"damage_taken":[{"damage":2,"enemies":"2 Louse","floor":1,"turns":2},{"damage":7,"enemies":"Jaw Worm","floor":2,"turns":6},{"damage":0,"enemies":"Small Slimes","floor":3,"turns":3},{"damage":14,"enemies":"Exordium Thugs","floor":5,"turns":5},{"damage":34,"enemies":"Gremlin Nob","floor":7,"turns":4},{"damage":17,"enemies":"3 Sentries","floor":11,"turns":6},{"damage":6,"enemies":"The Mushroom Lair","floor":12,"turns":4},{"damage":6,"enemies":"3 Sentries","floor":13,"turns":6},{"damage":2,"enemies":"Exordium Wildlife","floor":14,"turns":4},{"damage":16,"enemies":"Hexaghost","floor":16,"turns":8},{"damage":12,"enemies":"Chosen","floor":18,"turns":4},{"damage":2,"enemies":"2 Thieves","floor":28,"turns":3},{"damage":0,"enemies":"Snake Plant","floor":30,"turns":3},{"damage":19,"enemies":"Book of Stabbing","floor":31,"turns":4},{"damage":32,"enemies":"Collector","floor":33,"turns":9},{"damage":27,"enemies":"3 Darklings","floor":35,"turns":7},{"damage":12,"enemies":"Orb Walker","floor":37,"turns":4},{"damage":2,"enemies":"Nemesis","floor":41,"turns":7},{"damage":52,"enemies":"Reptomancer","floor":46,"turns":7},{"damage":16,"enemies":"Time Eater","floor":50,"turns":11}],"seed_played":"6490665899573610635","potions_obtained":[{"floor":2,"key":"PowerPotion"},{"floor":5,"key":"Fruit Juice"},{"floor":12,"key":"Fire Potion"},{"floor":16,"key":"SteroidPotion"},{"floor":30,"key":"Dexterity Potion"},{"floor":31,"key":"LiquidBronze"}],"is_trial":false,"path_per_floor":["M","M","M","$","M","R","E","R","T","?","?","?","E","M","R","B",null,"M","?","?","?","?","R","$","R","T","?","M","$","M","E","R","B",null,"M","$","M","?","?","R","E","?","T","$","R","E","$","?","R","B"],"character_chosen":"DEFECT","items_purchased":["Cold Snap","Defragment","Turbo","Capacitor","Beam Cell","Dexterity Potion"],"campfire_rested":4,"item_purchase_floors":[4,24,24,36,36,47],"current_hp_per_floor":[62,55,55,55,46,46,12,34,34,53,36,30,24,22,44,28,64,52,52,52,52,52,52,52,52,52,52,52,52,54,37,59,29,64,39,39,29,62,62,62,60,60,60,60,60,10,10,10,43,29],"gold":13,"neow_bonus":"TRANSFORM_CARD","is_prod":false,"is_daily":false,"chose_seed":false,"campfire_upgraded":5,"win_rate":0,"timestamp":1540712577,"path_taken":["M","M","M","$","M","R","E","R","T","?","?","?","E","M","R","BOSS","M","?","?","?","?","R","?","R","T","?","M","$","M","E","R","BOSS","M","?","M","?","?","R","E","?","T","?","R","E","$","?","R","BOSS"],"build_version":"2018-10-25v2","purchased_purges":2,"victory":true,"max_hp_per_floor":[71,71,71,71,76,76,76,76,76,76,76,76,76,76,76,76,76,76,76,76,76,76,76,76,76,76,76,76,76,76,76,76,76,76,76,76,76,62,62,62,62,62,62,62,62,62,62,62,62,62],"card_choices":[{"not_picked":["Steam","Conserve Battery"],"picked":"Genetic Algorithm","floor":1},{"not_picked":["Loop","Storm"],"picked":"BootSequence","floor":2},{"not_picked":["Steam","Conserve Battery"],"picked":"Streamline","floor":3},{"not_picked":["Skim","Recycle"],"picked":"Gash","floor":5},{"not_picked":["Rebound","Redo"],"picked":"Loop","floor":7},{"not_picked":["Barrage","Lockon"],"picked":"Go for the Eyes","floor":11},{"not_picked":["Cold Snap","Compile Driver"],"picked":"FTL","floor":12},{"not_picked":["Glacier","Reprogram"],"picked":"Gash","floor":13},{"not_picked":["Steam","Sweeping Beam"],"picked":"Electrodynamics","floor":14},{"not_picked":["Hyperbeam","Reboot"],"picked":"Machine Learning","floor":16},{"not_picked":["BootSequence"],"picked":"SKIP","floor":18},{"not_picked":["Stack","BootSequence+1"],"picked":"SKIP","floor":28},{"not_picked":["Chaos"],"picked":"Steam","floor":30},{"not_picked":["Barrage"],"picked":"Compile Driver","floor":31},{"not_picked":["Amplify"],"picked":"Seek","floor":33},{"not_picked":["Turbo","Stack"],"picked":"SKIP","floor":35},{"not_picked":["Compile Driver+1"],"picked":"Hologram+1","floor":37},{"not_picked":["Static Discharge","Go for the Eyes"],"picked":"SKIP","floor":41},{"not_picked":["Recycle+1"],"picked":"Loop","floor":46}],"player_experience":1015076,"relics_obtained":[{"floor":7,"key":"Bronze Scales"},{"floor":9,"key":"Anchor"},{"floor":11,"key":"Juzu Bracelet"},{"floor":12,"key":"Odd Mushroom"},{"floor":13,"key":"Oddly Smooth Stone"},{"floor":26,"key":"Blood Vial"},{"floor":31,"key":"Potion Belt"},{"floor":41,"key":"Boot"},{"floor":43,"key":"Regal Pillow"},{"floor":46,"key":"Bottled Tornado"}],"event_choices":[{"damage_healed":19,"gold_gain":0,"player_choice":"Healed","damage_taken":0,"max_hp_gain":0,"max_hp_loss":0,"event_name":"The Cleric","floor":10,"gold_loss":35},{"damage_healed":0,"gold_gain":0,"player_choice":"Searched \u00271\u0027 times","damage_taken":0,"max_hp_gain":0,"max_hp_loss":0,"event_name":"Dead Adventurer","floor":11,"gold_loss":0},{"damage_healed":0,"gold_gain":0,"player_choice":"Fought Mushrooms","damage_taken":0,"max_hp_gain":0,"max_hp_loss":0,"event_name":"Mushrooms","floor":12,"gold_loss":0},{"damage_healed":0,"gold_gain":0,"player_choice":"Simplicity","damage_taken":0,"max_hp_gain":0,"max_hp_loss":0,"event_name":"Back to Basics","floor":19,"gold_loss":0,"cards_upgraded":["Strike_B","Strike_B","Defend_B","Defend_B","Defend_B","Defend_B"]},{"cards_removed":["Strike_B"],"damage_healed":0,"gold_gain":0,"player_choice":"Gave Gold","damage_taken":0,"max_hp_gain":0,"max_hp_loss":0,"event_name":"Beggar","floor":20,"gold_loss":75},{"damage_healed":0,"gold_gain":0,"player_choice":"Gave Potion","damage_taken":0,"relics_obtained":["Question Card"],"max_hp_gain":0,"max_hp_loss":0,"event_name":"WeMeetAgain","floor":21,"gold_loss":0},{"damage_healed":0,"gold_gain":0,"player_choice":"Upgraded","damage_taken":0,"max_hp_gain":0,"max_hp_loss":0,"event_name":"Upgrade Shrine","floor":22,"gold_loss":0,"cards_upgraded":["Go for the Eyes"]},{"damage_healed":0,"gold_gain":0,"player_choice":"Ignored","damage_taken":0,"max_hp_gain":0,"max_hp_loss":0,"event_name":"Vampires","floor":27,"gold_loss":0},{"damage_healed":62,"gold_gain":0,"player_choice":"Heal","damage_taken":0,"max_hp_gain":0,"max_hp_loss":14,"event_name":"The Moai Head","floor":38,"gold_loss":0},{"damage_healed":0,"gold_gain":0,"player_choice":"Paid","damage_taken":0,"relics_obtained":["Red Mask"],"max_hp_gain":0,"max_hp_loss":0,"event_name":"Tomb of Lord Red Mask","floor":39,"gold_loss":66},{"cards_removed":["FTL"],"damage_healed":0,"gold_gain":0,"player_choice":"Removed Attack","damage_taken":0,"max_hp_gain":0,"max_hp_loss":0,"event_name":"Falling","floor":42,"gold_loss":0},{"damage_healed":0,"gold_gain":0,"player_choice":"Memory 1","damage_taken":0,"max_hp_gain":0,"max_hp_loss":0,"event_name":"SensoryStone","floor":48,"gold_loss":0}],"is_beta":true,"boss_relics":[{"not_picked":["Runic Dome","Coffee Dripper"],"picked":"Busted Crown"},{"not_picked":["Astrolabe","Snecko Eye"],"picked":"FrozenCore"}],"items_purged_floors":[4,29],"is_endless":false,"potions_floor_spawned":[2,5,12,16,30,31],"ascension_level":18}