{"gold_per_floor":[99,99,99,99,99,99,99,99,99,99,99,69,69,69,69,69,69,9,9,9,9,9,9,9,9,9,9,9,9,9,9,9,9],"floor_reached":33,"playtime":1893,"items_purged":[],"score":247,"play_id":"a7b10916-af43-469c-9966-e989e43b5a63","local_time":"20190609213806","is_ascension_mode":false,"campfire_choices":[{"data":"True Grit","floor":6,"key":"SMITH"},{"data":"Perfected Strike","floor":13,"key":"SMITH"},{"data":"Feel No Pain","floor":15,"key":"SMITH"},{"data":"Shockwave","floor":23,"key":"SMITH"},{"floor":32,"key":"REST"}],"neow_cost":"NONE","seed_source_timestamp":1024515058190800,"circlet_count":0,"master_deck":["Strike_R","Strike_R+1","Strike_R","Strike_R","Strike_R","Defend_R","Defend_R+1","Defend_R","Defend_R","Bash+1","True Grit+1","Perfected Strike+1","Shockwave+1","Feel No Pain+1","Pommel Strike","Limit Break","Cleave+1","True Grit+1","Perfected Strike+1","Headbutt","Infernal Blade+1"],"relics":["Ectoplasm"],"potions_floor_usage":[14,21,24,27,32,33,33],"damage_taken":[{"damage":0,"enemies":"Cultist","floor":1,"turns":2},{"damage":0,"enemies":"Small Slimes","floor":2,"turns":3},{"damage":2,"enemies":"2 Louse","floor":3,"turns":2},{"damage":14,"enemies":"Exordium Wildlife","floor":4,"turns":3},{"damage":0,"enemies":"3 Louse","floor":11,"turns":4},{"damage":1,"enemies":"Looter","floor":12,"turns":3},{"damage":13,"enemies":"Gremlin Gang","floor":14,"turns":6},{"damage":16,"enemies":"Slime Boss","floor":16,"turns":9},{"damage":7,"enemies":"2 Thieves","floor":18,"turns":4},{"damage":16,"enemies":"Shell Parasite","floor":19,"turns":7},{"damage":11,"enemies":"Centurion and Healer","floor":20,"turns":5},{"damage":2,"enemies":"Cultist and Chosen","floor":21,"turns":7},{"damage":5,"enemies":"Chosen and Byrds","floor":24,"turns":6},{"damage":28,"enemies":"Sentry and Sphere","floor":27,"turns":7},{"damage":0,"enemies":"Cultist and Chosen","floor":28,"turns":4},{"damage":6,"enemies":"Centurion and Healer","floor":30,"turns":5},{"damage":13,"enemies":"Chosen and Byrds","floor":31,"turns":6},{"damage":55,"enemies":"Collector","floor":33,"turns":10}],"seed_played":"1831721440429818453","potions_obtained":[{"floor":4,"key":"Strength Potion"},{"floor":11,"key":"Swift Potion"},{"floor":12,"key":"Regen Potion"},{"floor":16,"key":"Regen Potion"},{"floor":18,"key":"Block Potion"},{"floor":21,"key":"BloodPotion"},{"floor":28,"key":"Block Potion"},{"floor":30,"key":"PowerPotion"},{"floor":31,"key":"Fruit Juice"}],"is_trial":false,"path_per_floor":["M","M","M","M","?","R","$","?","T","?","M","M","R","M","R","B",null,"M","M","M","M","?","R","M","?","T","M","M","?","M","M","R","B"],"character_chosen":"IRONCLAD","items_purchased":[],"campfire_rested":1,"item_purchase_floors":[],"current_hp_per_floor":[80,80,78,64,64,64,64,48,48,48,48,47,47,49,49,33,80,73,57,46,44,44,44,54,54,54,34,34,34,28,15,45,0],"gold":9,"neow_bonus":"BOSS_RELIC","is_prod":false,"is_daily":false,"chose_seed":false,"campfire_upgraded":4,"win_rate":0,"timestamp":1560141486,"path_taken":["M","M","M","M","?","R","$","?","T","?","?","M","R","M","R","BOSS","M","M","M","M","?","R","M","?","T","M","?","?","M","M","R","BOSS"],"build_version":"2019-01-23","purchased_purges":0,"victory":false,"max_hp_per_floor":[80,80,80,80,80,80,80,80,80,80,80,80,80,80,80,80,80,80,80,80,80,80,80,80,80,80,80,80,80,80,80,85,85],"card_choices":[{"not_picked":["Sword Boomerang","Anger"],"picked":"True Grit","floor":1},{"not_picked":["Rupture","Cleave"],"picked":"Perfected Strike","floor":2},{"not_picked":["Thunderclap","Twin Strike"],"picked":"Shockwave","floor":3},{"not_picked":["Cleave","True Grit"],"picked":"Feel No Pain","floor":4},{"not_picked":["Rampage","Heavy Blade","Havoc"],"picked":"SKIP","floor":11},{"not_picked":["Headbutt","Flex"],"picked":"Pommel Strike","floor":12},{"not_picked":["Combust","Inflame"],"picked":"Limit Break","floor":14},{"not_picked":["Whirlwind","Flex+1","Intimidate"],"picked":"SKIP","floor":18},{"not_picked":["Clothesline+1","Havoc+1"],"picked":"Cleave+1","floor":19},{"not_picked":["Thunderclap","Burning Pact"],"picked":"True Grit+1","floor":20},{"not_picked":["Clash+1","Entrench+1","Fire Breathing"],"picked":"SKIP","floor":21},{"not_picked":["Armaments","Blood for Blood+1"],"picked":"Perfected Strike","floor":24},{"not_picked":["Warcry","Sword Boomerang"],"picked":"Headbutt","floor":27},{"not_picked":["Rampage+1","Iron Wave","Clothesline"],"picked":"SKIP","floor":28},{"not_picked":["Cleave","Clothesline"],"picked":"Infernal Blade+1","floor":30},{"not_picked":["Reaper","Sword Boomerang","Fire Breathing"],"picked":"SKIP","floor":31}],"player_experience":1289971,"relics_obtained":[],"event_choices":[{"damage_healed":0,"gold_gain":0,"player_choice":"Ignored","damage_taken":0,"max_hp_gain":0,"max_hp_loss":0,"event_name":"Golden Idol","floor":5,"gold_loss":0},{"damage_healed":0,"gold_gain":0,"player_choice":"Entered Light","damage_taken":16,"max_hp_gain":0,"max_hp_loss":0,"event_name":"Shining Light","floor":8,"gold_loss":0,"cards_upgraded":["Defend_R","Strike_R"]},{"damage_healed":0,"gold_gain":0,"player_choice":"Grow","damage_taken":0,"max_hp_gain":0,"max_hp_loss":0,"event_name":"Living Wall","floor":10,"gold_loss":0,"cards_upgraded":["Bash"]},{"damage_healed":0,"gold_gain":0,"player_choice":"Ignored","damage_taken":0,"max_hp_gain":0,"max_hp_loss":0,"event_name":"Beggar","floor":22,"gold_loss":0},{"damage_healed":0,"gold_gain":0,"player_choice":"Forge","damage_taken":0,"max_hp_gain":0,"max_hp_loss":0,"event_name":"Accursed Blacksmith","floor":25,"gold_loss":0,"cards_upgraded":["Perfected Strike"]},{"damage_healed":0,"gold_gain":0,"player_choice":"Leave","damage_taken":0,"max_hp_gain":0,"max_hp_loss":0,"event_name":"FaceTrader","floor":29,"gold_loss":0}],"is_beta":false,"boss_relics":[{"not_picked":["Black Star","Philosopher\u0027s Stone","Runic Cube"]}],"items_purged_floors":[],"is_endless":false,"potions_floor_spawned":[4,11,12,16,18,21,28,30,31],"killed_by":"Collector","ascension_level":0}