{"gold_per_floor":[111,211,18,34,47,74,74,13,37,65,65,77,11,22,22,126,126,136,18,38,48,48,48,64,64,64,64,81,81,81,113,113,217,217,229,229,229,92,105,165,184,406,454,454,94,94,34,59,59,59],"floor_reached":51,"playtime":3252,"items_purged":["Strike_G","Clumsy","Regret"],"score":1238,"play_id":"e4db0c28-3ef1-42ea-b097-dc3f254fa7c0","local_time":"20190330200527","is_ascension_mode":true,"campfire_choices":[{"data":"Deadly Poison","floor":11.0,"key":"SMITH"},{"floor":15.0,"key":"REST"},{"data":"Noxious Fumes","floor":23.0,"key":"SMITH"},{"data":"Bouncing Flask","floor":25.0,"key":"SMITH"},{"data":"Malaise","floor":27.0,"key":"SMITH"},{"data":"Wraith Form v2","floor":30.0,"key":"SMITH"},{"data":"Poisoned Stab","floor":32.0,"key":"SMITH"},{"data":"Night Terror","floor":44.0,"key":"SMITH"},{"data":"Noxious Fumes","floor":49.0,"key":"SMITH"}],"neow_cost":"NONE","seed_source_timestamp":0,"circlet_count":0,"master_deck":["AscendersBane","Defend_G","Defend_G","Defend_G","Defend_G","Defend_G","Strike_G","Strike_G","Strike_G","Survivor","Neutralize","Dagger Throw","Corpse Explosion","Deadly Poison+1","Malaise+1","Deflect","Bouncing Flask+1","Blur","Bandage Up","Noxious Fumes+1","Wraith Form v2+1","Expertise","Well Laid Plans","Ghostly","Ghostly","Ghostly","Ghostly","Ghostly","Flechettes","Poisoned Stab+1","Night Terror+1","Leg Sweep","Footwork","Leg Sweep+1","Calculated Gamble","Noxious Fumes+1"],"special_seed":0,"relics":["Ring of the Snake","NeowsBlessing","Shuriken","The Courier","Bronze Scales","Boot","Cursed Key","Red Mask","Velvet Choker","Ornamental Fan","Tiny Chest","Lantern","The Specimen","Bottled Lightning"],"potions_floor_usage":[50,50],"damage_taken":[{"damage":0.0,"enemies":"2 Louse","floor":1.0,"turns":1.0},{"damage":0.0,"enemies":"Cultist","floor":4.0,"turns":1.0},{"damage":0.0,"enemies":"Jaw Worm","floor":5.0,"turns":1.0},{"damage":12.0,"enemies":"3 Sentries","floor":6.0,"turns":4.0},{"damage":24.0,"enemies":"Lagavulin","floor":10.0,"turns":6.0},{"damage":20.0,"enemies":"Exordium Thugs","floor":12.0,"turns":4.0},{"damage":5.0,"enemies":"Blue Slaver","floor":14.0,"turns":3.0},{"damage":22.0,"enemies":"Slime Boss","floor":16.0,"turns":8.0},{"damage":15.0,"enemies":"Chosen","floor":18.0,"turns":5.0},{"damage":20.0,"enemies":"Spheric Guardian","floor":20.0,"turns":4.0},{"damage":5.0,"enemies":"3 Cultists","floor":21.0,"turns":4.0},{"damage":6.0,"enemies":"Snake Plant","floor":24.0,"turns":4.0},{"damage":4.0,"enemies":"Centurion and Healer","floor":28.0,"turns":6.0},{"damage":2.0,"enemies":"Masked Bandits","floor":31.0,"turns":3.0},{"damage":8.0,"enemies":"Collector","floor":33.0,"turns":10.0},{"damage":2.0,"enemies":"Orb Walker","floor":35.0,"turns":5.0},{"damage":0.0,"enemies":"3 Shapes","floor":39.0,"turns":3.0},{"damage":2.0,"enemies":"Nemesis","floor":40.0,"turns":10.0},{"damage":3.0,"enemies":"Maw","floor":41.0,"turns":9.0},{"damage":1.0,"enemies":"Giant Head","floor":48.0,"turns":11.0},{"damage":0,"enemies":"Awakened One","floor":50,"turns":16}],"seed_played":"-7170276632812053650","potions_obtained":[{"floor":1.0,"key":"Swift Potion"},{"floor":4.0,"key":"SteroidPotion"},{"floor":12.0,"key":"FearPotion"},{"floor":16.0,"key":"FearPotion"},{"floor":20.0,"key":"Energy Potion"},{"floor":24.0,"key":"FearPotion"},{"floor":28.0,"key":"AttackPotion"},{"floor":33.0,"key":"GamblersBrew"},{"floor":40.0,"key":"EssenceOfSteel"}],"is_trial":false,"path_per_floor":["M","?","$","M","M","E","T","$","T","E","R","M","$","M","R","B",null,"M","$","M","M","?","R","M","R","T","R","M","T","R","?","R","B",null,"M","?","T","$","M","E","M","?","T","R","$","?","$","E","R","B",null],"character_chosen":"THE_SILENT","items_purchased":["Corpse Explosion","FearPotion","Bouncing Flask","Bandage Up","Well Laid Plans","Footwork","The Specimen","Calculated Gamble","Noxious Fumes"],"campfire_rested":1,"item_purchase_floors":[3,3,8,13,19,38,45,45,47],"current_hp_per_floor":[63,63,63,63,63,51,51,51,51,27,27,7,7,6,27,9,55,44,44,28,27,27,27,25,25,25,25,25,25,25,27,27,23,32,34,34,34,34,34,35,35,35,35,35,35,35,35,34,34,35],"gold":59,"neow_bonus":"THREE_ENEMY_KILL","is_prod":false,"is_daily":false,"chose_seed":false,"campfire_upgraded":8,"win_rate":0,"timestamp":1553972727,"path_taken":["M","?","$","M","?","E","?","?","T","E","R","?","$","M","R","BOSS","M","$","M","M","?","R","M","R","T","R","M","?","R","?","R","BOSS","M","?","?","?","?","E","M","?","T","R","$","?","$","E","R","BOSS"],"build_version":"2019-03-15","purchased_purges":3,"victory":true,"max_hp_per_floor":[70,70,70,70,70,70,70,70,70,70,70,70,70,70,70,70,70,70,70,70,70,35,35,35,35,35,35,35,35,35,35,35,35,35,35,35,35,35,35,35,35,35,35,35,35,35,35,35,35,35],"card_choices":[{"not_picked":["Accuracy","Escape Plan"],"picked":"Dagger Throw","floor":1.0},{"not_picked":["Cloak And Dagger","Slice"],"picked":"Deadly Poison","floor":4.0},{"not_picked":["Catalyst","Poisoned Stab"],"picked":"Malaise","floor":5.0},{"not_picked":["All Out Attack","Deadly Poison"],"picked":"Deflect","floor":6.0},{"not_picked":["Corpse Explosion","Concentrate"],"picked":"Blur","floor":10.0},{"not_picked":["Reflex","Bouncing Flask","Acrobatics"],"picked":"SKIP","floor":12.0},{"not_picked":["Sucker Punch","Expertise"],"picked":"Noxious Fumes","floor":14.0},{"not_picked":["Grand Finale","Bullet Time"],"picked":"Wraith Form v2","floor":16.0},{"not_picked":["Heel Hook","Accuracy"],"picked":"Expertise","floor":18.0},{"not_picked":["Dagger Spray","Deflect","Prepared"],"picked":"SKIP","floor":20.0},{"not_picked":["Prepared","Sucker Punch","Dagger Throw"],"picked":"SKIP","floor":21.0},{"not_picked":["Heel Hook","Outmaneuver"],"picked":"Flechettes","floor":24.0},{"not_picked":["Quick Slash","Slice"],"picked":"Poisoned Stab","floor":28.0},{"not_picked":["Phantasmal Killer","Glass Knife"],"picked":"Night Terror","floor":33.0},{"not_picked":["Predator","Dagger Spray+1"],"picked":"Leg Sweep","floor":35.0},{"not_picked":["Blade Dance","Dodge and Roll","Flechettes"],"picked":"SKIP","floor":39.0},{"not_picked":["Choke","Dagger Spray"],"picked":"Leg Sweep+1","floor":40.0},{"not_picked":["Quick Slash","Outmaneuver+1","Slice"],"picked":"SKIP","floor":41.0},{"not_picked":["Bane","Blade Dance","Skewer"],"picked":"SKIP","floor":48.0}],"player_experience":415430,"relics_obtained":[{"floor":6.0,"key":"Shuriken"},{"floor":7.0,"key":"The Courier"},{"floor":9.0,"key":"Bronze Scales"},{"floor":10.0,"key":"Boot"},{"floor":31.0,"key":"Red Mask"},{"floor":37.0,"key":"Ornamental Fan"},{"floor":40.0,"key":"Tiny Chest"},{"floor":43.0,"key":"Lantern"},{"floor":48.0,"key":"Bottled Lightning"}],"event_choices":[{"damage_healed":0.0,"max_hp_gain":0.0,"max_hp_loss":0.0,"gold_gain":100.0,"event_name":"Wheel of Change","player_choice":"Gold","floor":2.0,"gold_loss":0.0,"damage_taken":0.0},{"damage_healed":0.0,"max_hp_gain":0.0,"max_hp_loss":35.0,"gold_gain":0.0,"event_name":"Ghosts","player_choice":"Became a Ghost","floor":22.0,"gold_loss":0.0,"damage_taken":0.0,"cards_obtained":["Ghostly","Ghostly","Ghostly","Ghostly","Ghostly"]},{"damage_healed":0.0,"max_hp_gain":0.0,"max_hp_loss":0.0,"gold_gain":0.0,"event_name":"Masked Bandits","player_choice":"Fought Bandits","floor":31.0,"gold_loss":0.0,"damage_taken":0.0},{"damage_healed":0.0,"max_hp_gain":0.0,"max_hp_loss":0.0,"gold_gain":0.0,"event_name":"Mysterious Sphere","player_choice":"Ignored","floor":36.0,"gold_loss":0.0,"damage_taken":0.0},{"damage_healed":0.0,"max_hp_gain":0.0,"max_hp_loss":0.0,"gold_gain":222.0,"event_name":"Tomb of Lord Red Mask","player_choice":"Wore Mask","floor":42.0,"gold_loss":0.0,"damage_taken":0.0},{"cards_removed":["Strike_G"],"damage_healed":0.0,"max_hp_gain":0.0,"max_hp_loss":0.0,"gold_gain":0.0,"event_name":"Falling","player_choice":"Removed Attack","floor":46.0,"gold_loss":0.0,"damage_taken":0.0}],"is_beta":true,"boss_relics":[{"not_picked":["Fusion Hammer","Black Star"],"picked":"Cursed Key"},{"not_picked":["Pandora\u0027s Box","Lizard Tail"],"picked":"Velvet Choker"}],"items_purged_floors":[19,38,45],"is_endless":false,"potions_floor_spawned":[1,4,12,16,20,24,28,33,40,48],"ascension_level":12}