{"gold_per_floor":[109,284,284,59,77,104,104,136,186,217,237,237,237,237,237,342,342,361,276,32,42,52,77,77,77,160,160],"floor_reached":27,"playtime":1498,"items_purged":["Doubt","Strike_R"],"score":299,"play_id":"b49c1e0d-f87a-48f8-92d7-76090bcf033d","local_time":"20190912122748","is_ascension_mode":true,"campfire_choices":[{"data":"Bash","floor":7,"key":"SMITH"},{"floor":15,"key":"RECALL"},{"floor":24,"key":"REST"}],"neow_cost":"NONE","seed_source_timestamp":3294559283500,"circlet_count":0,"master_deck":["Strike_R","Strike_R","Strike_R","Strike_R","Defend_R+1","Defend_R","Defend_R","Defend_R+1","Bash+1","Thunderclap+1","Twin Strike+1","Dropkick","Heavy Blade+1","Heavy Blade+1","Double Tap","Flex","Reaper+1","Shrug It Off","Seeing Red+1","Sword Boomerang+1","Thunderclap+1","Berserk","Armaments","Offering"],"relics":["Burning Blood","NeowsBlessing","Vajra","Bag of Marbles","War Paint","Molten Egg 2","Mummified Hand","Sozu","Blood Vial","Orrery","Frozen Egg 2","Tiny Chest"],"potions_floor_usage":[8,10,11,16],"damage_taken":[{"damage":0,"enemies":"Cultist","floor":1,"turns":1},{"damage":0,"enemies":"2 Louse","floor":5,"turns":1},{"damage":0,"enemies":"Gremlin Nob","floor":6,"turns":1},{"damage":23,"enemies":"3 Sentries","floor":8,"turns":5},{"damage":14,"enemies":"Gremlin Nob","floor":10,"turns":3},{"damage":12,"enemies":"Jaw Worm","floor":11,"turns":2},{"damage":39,"enemies":"Slime Boss","floor":16,"turns":9},{"damage":13,"enemies":"3 Byrds","floor":18,"turns":4},{"damage":8,"enemies":"Shell Parasite","floor":21,"turns":3},{"damage":24,"enemies":"Snake Plant","floor":22,"turns":2},{"damage":68,"enemies":"Book of Stabbing","floor":23,"turns":5},{"damage":44,"enemies":"Slavers","floor":27,"turns":2}],"seed_played":"-2942126056144255669","potions_obtained":[{"floor":1,"key":"Regen Potion"},{"floor":8,"key":"SteroidPotion"},{"floor":10,"key":"SkillPotion"},{"floor":11,"key":"Dexterity Potion"}],"is_trial":false,"path_per_floor":["M","?","?","$","M","E","R","E","T","E","M","?","?","T","R","B",null,"M","?","$","M","M","E","R","$","T","E"],"character_chosen":"IRONCLAD","items_purchased":["Vajra","Orrery"],"campfire_rested":1,"item_purchase_floors":[4,20],"current_hp_per_floor":[80,80,80,80,80,80,80,75,75,67,61,45,50,50,50,17,85,78,78,78,78,62,14,39,39,39,0],"gold":160,"neow_bonus":"THREE_ENEMY_KILL","is_prod":false,"is_daily":false,"chose_seed":false,"campfire_upgraded":1,"win_rate":0,"timestamp":1568262468,"path_taken":["M","?","?","$","?","E","R","E","T","E","M","?","?","?","R","BOSS","M","?","$","M","M","E","R","$","T","E"],"build_version":"2019-09-10","purchased_purges":2,"victory":false,"max_hp_per_floor":[80,80,80,80,80,80,80,80,80,80,80,80,85,85,85,85,85,85,85,85,85,85,85,85,85,85,85],"card_choices":[{"not_picked":["Infernal Blade","Clash"],"picked":"Thunderclap","floor":1},{"not_picked":["Pummel","Wild Strike"],"picked":"Twin Strike","floor":5},{"not_picked":["Infernal Blade","Metallicize"],"picked":"Dropkick","floor":6},{"not_picked":["Entrench","Infernal Blade"],"picked":"Heavy Blade","floor":8},{"not_picked":["Ghostly Armor","Iron Wave","Exhume"],"picked":"SKIP","floor":10},{"not_picked":["Bloodletting","Perfected Strike+1"],"picked":"Heavy Blade+1","floor":11},{"not_picked":["Reaper+1","Dark Embrace"],"picked":"Double Tap","floor":16},{"not_picked":["Body Slam+1","Metallicize"],"picked":"Flex","floor":18},{"not_picked":["Bloodletting","Warcry+1"],"picked":"Reaper+1","floor":20},{"not_picked":["Armaments","Perfected Strike+1"],"picked":"Shrug It Off","floor":20},{"not_picked":["Heavy Blade+1","Clothesline+1"],"picked":"Seeing Red+1","floor":20},{"not_picked":["Headbutt+1","Clothesline+1"],"picked":"Sword Boomerang+1","floor":20},{"not_picked":["Flex","Wild Strike+1"],"picked":"Thunderclap+1","floor":20},{"not_picked":["Armaments","Bloodletting"],"picked":"Berserk","floor":21},{"not_picked":["Rupture","Clothesline+1"],"picked":"Armaments","floor":22},{"not_picked":["Perfected Strike+1","Headbutt+1"],"picked":"Offering","floor":23}],"player_experience":118952,"relics_obtained":[{"floor":6,"key":"Bag of Marbles"},{"floor":8,"key":"War Paint"},{"floor":10,"key":"Molten Egg 2"},{"floor":14,"key":"Mummified Hand"},{"floor":23,"key":"Frozen Egg 2"},{"floor":26,"key":"Tiny Chest"}],"event_choices":[{"damage_healed":0,"gold_gain":175,"player_choice":"AGREE","damage_taken":0,"max_hp_gain":0,"max_hp_loss":0,"event_name":"Liars Game","floor":2,"gold_loss":0,"cards_obtained":["Doubt"]},{"damage_healed":0,"gold_gain":0,"player_choice":"Upgraded","damage_taken":0,"max_hp_gain":0,"max_hp_loss":0,"event_name":"Upgrade Shrine","floor":3,"gold_loss":0,"cards_upgraded":["Thunderclap"]},{"damage_healed":0,"gold_gain":0,"player_choice":"Entered Light","damage_taken":16,"max_hp_gain":0,"max_hp_loss":0,"event_name":"Shining Light","floor":12,"gold_loss":0,"cards_upgraded":["Heavy Blade","Twin Strike"]},{"damage_healed":0,"gold_gain":0,"player_choice":"Donut","damage_taken":0,"max_hp_gain":5,"max_hp_loss":0,"event_name":"Big Fish","floor":13,"gold_loss":0},{"damage_healed":0,"gold_gain":0,"player_choice":"Obtained Relic","damage_taken":0,"relics_obtained":["Blood Vial"],"max_hp_gain":0,"max_hp_loss":0,"event_name":"Addict","floor":19,"gold_loss":85}],"is_beta":true,"boss_relics":[{"not_picked":["Runic Pyramid","Black Blood"],"picked":"Sozu"}],"items_purged_floors":[4,20],"is_endless":false,"potions_floor_spawned":[1,8,10,11,21],"killed_by":"Slavers","ascension_level":2}