{"gold_per_floor":[114,129,144,144,144,174,174,189,189,219,297,300,315,345,345,445,445,430,430,430,430,460,460],"floor_reached":23,"playtime":2101,"items_purged":[],"score":207,"play_id":"8d2c75b1-47f1-46af-8ccc-23a4dfc9ee41","local_time":"20190905123918","daily_mods":["Draft","Time Dilation","Lethality"],"is_ascension_mode":false,"campfire_choices":[{"data":"Accuracy","floor":7,"key":"SMITH"},{"floor":15,"key":"REST"}],"neow_cost":"","seed_source_timestamp":0,"circlet_count":0,"master_deck":["Backflip","Infinite Blades","Sucker Punch","Deflect+1","PiercingWail","Dodge and Roll","Dagger Throw","Skewer","Footwork","Prepared","Quick Slash","Backflip","Infinite Blades+1","Blur","Blur","Dagger Spray","Accuracy+1","Underhanded Strike","Acrobatics","Predator","Cloak And Dagger","Corpse Explosion","Leg Sweep","Well Laid Plans"],"special_seed":18144,"relics":["Ring of the Snake","Juzu Bracelet","Paper Crane","Anchor","Odd Mushroom","Boot","Eternal Feather","Dream Catcher","Tiny Chest"],"potions_floor_usage":[6,8,12,23],"damage_taken":[{"damage":0.0,"enemies":"Cultist","floor":1.0,"turns":2.0},{"damage":1.0,"enemies":"2 Louse","floor":2.0,"turns":2.0},{"damage":0.0,"enemies":"Small Slimes","floor":3.0,"turns":3.0},{"damage":4,"enemies":"Gremlin Nob","floor":6,"turns":3},{"damage":0,"enemies":"Blue Slaver","floor":8,"turns":1},{"damage":3,"enemies":"Lagavulin","floor":10,"turns":4},{"damage":0,"enemies":"The Mushroom Lair","floor":12,"turns":2},{"damage":0,"enemies":"3 Louse","floor":13,"turns":3},{"damage":5,"enemies":"Gremlin Nob","floor":14,"turns":3},{"damage":12,"enemies":"The Guardian","floor":16,"turns":7},{"damage":10,"enemies":"2 Thieves","floor":18,"turns":4},{"damage":52,"enemies":"Slavers","floor":23,"turns":3}],"seed_played":"5126551631491351520","potions_obtained":[{"floor":3.0,"key":"Energy Potion"},{"floor":6,"key":"AttackPotion"},{"floor":8,"key":"EssenceOfSteel"},{"floor":10,"key":"Strength Potion"},{"floor":14,"key":"SteroidPotion"}],"is_trial":false,"path_per_floor":["M","M","M","?","?","E","R","M","T","E","?","?","M","E","R","B",null,"M","?","?","?","T","E"],"character_chosen":"THE_SILENT","items_purchased":[],"campfire_rested":1,"item_purchase_floors":[],"current_hp_per_floor":[70,69,69,55,55,51,51,51,51,48,48,48,48,43,64,52,70,60,60,47,47,47,0],"gold":460,"neow_bonus":"","is_prod":false,"is_daily":true,"chose_seed":false,"campfire_upgraded":1,"win_rate":0,"timestamp":1567658358,"path_taken":["M","?","M","?","?","E","R","M","T","E","?","?","M","E","R","BOSS","M","?","?","?","?","E"],"build_version":"2019-07-17","purchased_purges":0,"victory":false,"max_hp_per_floor":[70,70,70,70,70,70,70,70,70,70,70,70,70,70,70,70,70,70,70,75,75,75,75],"card_choices":[{"not_picked":["Slice","Bane"],"picked":"Backflip","floor":0.0},{"not_picked":["Blade Dance","Outmaneuver"],"picked":"Infinite Blades","floor":0.0},{"not_picked":["Bane","Masterful Stab"],"picked":"Sucker Punch","floor":0.0},{"not_picked":["Flechettes","PiercingWail"],"picked":"Deflect","floor":0.0},{"not_picked":["Sucker Punch","Endless Agony"],"picked":"PiercingWail","floor":0.0},{"not_picked":["Skewer","Bane"],"picked":"Dodge and Roll","floor":0.0},{"not_picked":["Flying Knee","Heel Hook"],"picked":"Dagger Throw","floor":0.0},{"not_picked":["Sucker Punch","PiercingWail"],"picked":"Skewer","floor":0.0},{"not_picked":["Poisoned Stab","Prepared"],"picked":"Footwork","floor":0.0},{"not_picked":["Quick Slash","Backstab"],"picked":"Prepared","floor":0.0},{"not_picked":["Poisoned Stab","Calculated Gamble"],"picked":"Quick Slash","floor":0.0},{"not_picked":["Backstab","Deflect"],"picked":"Backflip","floor":0.0},{"not_picked":["Backflip","Poisoned Stab"],"picked":"Infinite Blades","floor":0.0},{"not_picked":["Deflect","Sucker Punch"],"picked":"Blur","floor":0.0},{"not_picked":["Backflip","Outmaneuver"],"picked":"Blur","floor":0.0},{"not_picked":["Bane","Dodge and Roll"],"picked":"Dagger Spray","floor":1.0},{"not_picked":["Dodge and Roll","Underhanded Strike"],"picked":"Accuracy","floor":2.0},{"not_picked":["Outmaneuver","Infinite Blades","Poisoned Stab"],"picked":"SKIP","floor":3.0},{"not_picked":["Backflip","Prepared"],"picked":"Underhanded Strike","floor":6},{"not_picked":["Flying Knee","Quick Slash"],"picked":"Acrobatics","floor":8},{"not_picked":["Acrobatics","Doppelganger"],"picked":"Predator","floor":10},{"not_picked":["Poisoned Stab","PiercingWail"],"picked":"Cloak And Dagger","floor":12},{"not_picked":["Poisoned Stab","Distraction"],"picked":"Corpse Explosion","floor":13},{"not_picked":["Blur","Masterful Stab"],"picked":"Leg Sweep","floor":14},{"not_picked":["Prepared","Sucker Punch","Flying Knee"],"picked":"SKIP","floor":18}],"player_experience":60385,"relics_obtained":[{"floor":6,"key":"Juzu Bracelet"},{"floor":9,"key":"Paper Crane"},{"floor":10,"key":"Anchor"},{"floor":12,"key":"Odd Mushroom"},{"floor":14,"key":"Boot"},{"floor":22,"key":"Tiny Chest"}],"event_choices":[{"damage_healed":0.0,"max_hp_gain":0.0,"max_hp_loss":0.0,"gold_gain":0.0,"event_name":"Shining Light","player_choice":"Entered Light","floor":4.0,"gold_loss":0.0,"damage_taken":14.0,"cards_upgraded":["Deflect","Infinite Blades"]},{"damage_healed":0,"gold_gain":0,"player_choice":"Ignored","damage_taken":0,"max_hp_gain":0,"max_hp_loss":0,"event_name":"Purifier","floor":5,"gold_loss":0},{"damage_healed":0,"gold_gain":78,"player_choice":"Gained Gold","damage_taken":0,"max_hp_gain":0,"max_hp_loss":0,"event_name":"Golden Wing","floor":11,"gold_loss":0},{"damage_healed":0,"gold_gain":0,"player_choice":"Fought Mushrooms","damage_taken":0,"max_hp_gain":0,"max_hp_loss":0,"event_name":"Mushrooms","floor":12,"gold_loss":0},{"damage_healed":0,"gold_gain":0,"player_choice":"Opened","damage_taken":0,"relics_obtained":["Dream Catcher"],"max_hp_gain":0,"max_hp_loss":0,"event_name":"The Mausoleum","floor":19,"gold_loss":0},{"damage_healed":0,"gold_gain":0,"player_choice":"Shed Blood","damage_taken":18,"max_hp_gain":5,"max_hp_loss":0,"event_name":"Forgotten Altar","floor":20,"gold_loss":0},{"damage_healed":0,"gold_gain":0,"player_choice":"Read","damage_taken":0,"max_hp_gain":0,"max_hp_loss":0,"event_name":"The Library","floor":21,"gold_loss":0,"cards_obtained":["Well Laid Plans"]}],"is_beta":false,"boss_relics":[{"not_picked":["Lizard Tail","Astrolabe"],"picked":"Eternal Feather"}],"items_purged_floors":[],"is_endless":false,"potions_floor_spawned":[3,6,8,10,14],"killed_by":"Slavers","ascension_level":0}