{"gold_per_floor":[216,228,240,240,254,254,266,292,315,341,341,356,366,99,99,201,201,213,213,229,148,158,158],"floor_reached":23,"playtime":1250,"items_purged":["Strike_B"],"score":205,"play_id":"e1a4b56e-87df-4f82-b169-8606ad0e3e25","local_time":"20181214013221","is_ascension_mode":false,"campfire_choices":[{"floor":6,"key":"REST"},{"floor":11,"key":"REST"},{"floor":15,"key":"REST"}],"neow_cost":"NONE","seed_source_timestamp":781792171338534,"circlet_count":0,"master_deck":["Strike_B","Defend_B","Defend_B","Defend_B","Defend_B","Zap","Dualcast","Sweeping Beam","Cold Snap","FTL","Ball Lightning","Electrodynamics","Self Repair","Compile Driver","Cold Snap","Echo Form","Conserve Battery","Go for the Eyes","Ball Lightning","Steam","BootSequence"],"relics":["Cracked Core","Omamori","Bag of Preparation","Ancient Tea Set","PreservedInsect","Inserter"],"potions_floor_usage":[8,22,23,23],"damage_taken":[{"damage":9,"enemies":"Jaw Worm","floor":1,"turns":4},{"damage":1,"enemies":"Cultist","floor":2,"turns":3},{"damage":0,"enemies":"Small Slimes","floor":3,"turns":2},{"damage":6,"enemies":"2 Fungi Beasts","floor":5,"turns":3},{"damage":14,"enemies":"Lots of Slimes","floor":7,"turns":3},{"damage":16,"enemies":"Gremlin Nob","floor":8,"turns":4},{"damage":11,"enemies":"3 Sentries","floor":10,"turns":3},{"damage":12,"enemies":"Gremlin Gang","floor":12,"turns":3},{"damage":22,"enemies":"Exordium Thugs","floor":13,"turns":3},{"damage":46,"enemies":"The Guardian","floor":16,"turns":11},{"damage":31,"enemies":"Shell Parasite","floor":18,"turns":6},{"damage":21,"enemies":"2 Thieves","floor":20,"turns":3},{"damage":19,"enemies":"Sentry and Sphere","floor":22,"turns":6},{"damage":27,"enemies":"Snecko","floor":23,"turns":6}],"seed_played":"2440072658612809968","potions_obtained":[{"floor":1,"key":"Block Potion"},{"floor":5,"key":"Swift Potion"},{"floor":10,"key":"GamblersBrew"},{"floor":12,"key":"PowerPotion"},{"floor":18,"key":"SpeedPotion"}],"is_trial":false,"path_per_floor":["M","M","M","?","M","R","M","E","T","E","R","M","M","$","R","B",null,"M","?","M","$","M","M"],"character_chosen":"DEFECT","items_purchased":["PreservedInsect","Cold Snap","Ball Lightning","Steam"],"campfire_rested":3,"item_purchase_floors":[14,14,21,21],"current_hp_per_floor":[66,65,65,58,52,74,60,44,44,33,55,50,35,35,57,18,75,51,51,30,30,18,0],"gold":158,"neow_bonus":"HUNDRED_GOLD","is_prod":false,"is_daily":false,"chose_seed":false,"campfire_upgraded":0,"win_rate":0,"timestamp":1544779941,"path_taken":["M","M","M","?","M","R","M","E","T","E","R","M","M","$","R","BOSS","M","?","M","?","?","M"],"build_version":"2018-12-13","purchased_purges":1,"victory":false,"max_hp_per_floor":[75,75,75,75,75,75,75,75,75,75,75,75,75,75,75,75,75,75,75,75,75,75,75],"card_choices":[{"not_picked":["Sunder","Rebound"],"picked":"Sweeping Beam","floor":1},{"not_picked":["Aggregate","Go for the Eyes"],"picked":"Cold Snap","floor":2},{"not_picked":["Static Discharge","Compile Driver"],"picked":"FTL","floor":3},{"not_picked":["Sweeping Beam","Fusion"],"picked":"Ball Lightning","floor":5},{"not_picked":["Hologram","Rip and Tear"],"picked":"Electrodynamics","floor":7},{"not_picked":["Redo","Blizzard","Darkness"],"picked":"SKIP","floor":8},{"not_picked":["Go for the Eyes","Gash"],"picked":"Self Repair","floor":10},{"not_picked":["Scrape","Melter"],"picked":"Compile Driver","floor":12},{"not_picked":["Barrage","Coolheaded","Stack"],"picked":"SKIP","floor":13},{"not_picked":["Fission","Core Surge"],"picked":"Echo Form","floor":16},{"not_picked":["Leap","Gash"],"picked":"Conserve Battery","floor":18},{"not_picked":["Scrape","Hello World+1"],"picked":"Go for the Eyes","floor":20},{"not_picked":["Defragment","Rebound"],"picked":"BootSequence","floor":22}],"player_experience":740402,"relics_obtained":[{"floor":8,"key":"Omamori"},{"floor":9,"key":"Bag of Preparation"},{"floor":10,"key":"Ancient Tea Set"}],"event_choices":[{"cards_removed":["Strike_B"],"damage_healed":0,"gold_gain":0,"player_choice":"Card Removal","damage_taken":7,"max_hp_gain":0,"max_hp_loss":0,"event_name":"Golden Wing","floor":4,"gold_loss":0},{"cards_removed":["Strike_B"],"damage_healed":0,"gold_gain":0,"player_choice":"Offered Basic","damage_taken":0,"max_hp_gain":0,"max_hp_loss":0,"event_name":"Bonfire Elementals","floor":19,"gold_loss":0}],"is_beta":false,"boss_relics":[{"not_picked":["Orrery","Coffee Dripper"],"picked":"Inserter"}],"items_purged_floors":[14],"is_endless":false,"potions_floor_spawned":[1,5,10,12,13,18],"killed_by":"Snecko","ascension_level":0}