{"gold_per_floor":[111,122,141,73,73,73,85,113,165,165,165,198,198,253,253,332,332,332,332,332,332],"floor_reached":21,"playtime":1073,"items_purged":[],"score":429,"play_id":"db75ce6b-f52f-438e-8e5c-24d315fa9be6","local_time":"20180721170543","is_ascension_mode":true,"campfire_choices":[{"data":"Neutralize","floor":6,"key":"SMITH"},{"floor":13,"key":"REST"},{"data":"Noxious Fumes","floor":15,"key":"SMITH"}],"neow_cost":"NONE","seed_source_timestamp":1107288338656499,"circlet_count":0,"master_deck":["Defend_G","Defend_G","Defend_G","Defend_G","Defend_G+1","Strike_G","Strike_G","Strike_G","Strike_G","Strike_G","Survivor","Neutralize+1","AscendersBane","Predator","Venomology+1","Noxious Fumes+1","Leg Sweep","Bane","Footwork","After Image","Dagger Throw+1","Acrobatics+1"],"relics":["Velvet Choker","Singing Bowl","War Paint","Pen Nib","Anchor","Tiny Chest","Ectoplasm","Red Mask","Nunchaku"],"potions_floor_usage":[12,14,14,16,16,19,19,19],"damage_taken":[{"damage":0,"enemies":"Cultist","floor":1,"turns":5},{"damage":4,"enemies":"2 Louse","floor":2,"turns":5},{"damage":0,"enemies":"Small Slimes","floor":3,"turns":3},{"damage":3,"enemies":"Looter","floor":7,"turns":4},{"damage":18,"enemies":"Lagavulin","floor":8,"turns":10},{"damage":14,"enemies":"Gremlin Nob","floor":12,"turns":4},{"damage":3,"enemies":"Lagavulin","floor":14,"turns":8},{"damage":0,"enemies":"Slime Boss","floor":16,"turns":9},{"damage":11,"enemies":"Spheric Guardian","floor":18,"turns":6},{"damage":46,"floor":19,"turns":5},{"damage":4,"enemies":"3 Byrds","floor":21,"turns":2}],"seed_played":"7486111740788374326","potions_obtained":[{"floor":7,"key":"Weak Potion"},{"floor":8,"key":"SkillPotion"},{"floor":14,"key":"FearPotion"},{"floor":19,"key":"Poison Potion"}],"is_trial":false,"path_per_floor":["M","M","M","$","?","R","M","E","T","?","?","E","R","E","R","B",null,"M","?","T"],"character_chosen":"THE_SILENT","items_purchased":["Noxious Fumes"],"campfire_rested":1,"item_purchase_floors":[4],"current_hp_per_floor":[59,55,55,55,55,55,52,34,34,34,34,20,39,38,38,38,61,50,4,4,0],"gold":332,"neow_bonus":"BOSS_RELIC","is_prod":false,"is_daily":false,"chose_seed":false,"campfire_upgraded":2,"win_rate":0,"timestamp":1532217943,"path_taken":["M","M","M","?","?","R","?","E","T","?","?","E","R","E","R","BOSS","M","?","?","M"],"build_version":"2018-07-19","purchased_purges":0,"victory":false,"max_hp_per_floor":[66,66,66,66,66,66,66,66,66,66,66,66,66,68,68,68,68,68,68,68,68],"card_choices":[{"not_picked":["Deflect","Blur"],"picked":"Dodge and Roll","floor":1},{"not_picked":["Caltrops","Outmaneuver"],"picked":"Predator","floor":2},{"not_picked":["PiercingWail","Caltrops"],"picked":"Venomology","floor":3},{"not_picked":["Dodge and Roll","Dagger Spray"],"picked":"Leg Sweep","floor":7},{"not_picked":["Tactician","Deflect"],"picked":"Bane","floor":8},{"not_picked":["Dagger Throw","Acrobatics"],"picked":"Footwork","floor":12},{"not_picked":["Setup","Dodge and Roll","Deflect"],"picked":"Singing Bowl","floor":14},{"not_picked":["Grand Finale","Unload"],"picked":"After Image","floor":16},{"not_picked":["Deflect","Riddle With Holes"],"picked":"Dagger Throw+1","floor":18},{"not_picked":["Deflect","Reflex"],"picked":"Acrobatics+1","floor":19}],"player_experience":855842,"relics_obtained":[{"floor":8,"key":"Singing Bowl"},{"floor":9,"key":"War Paint"},{"floor":12,"key":"Anchor"},{"floor":14,"key":"Tiny Chest"},{"floor":19,"key":"Red Mask"},{"floor":20,"key":"Nunchaku"}],"event_choices":[{"event_name":"Liars Game","player_choice":"disagreed","floor":5,"damage_taken":0},{"event_name":"WeMeetAgain","player_choice":"Card","floor":10,"damage_taken":0},{"event_name":"NoteForYourself","player_choice":"Took Card","floor":11,"damage_taken":0},{"event_name":"Masked Bandits","player_choice":"Fought over 332 gold","floor":19,"damage_taken":0}],"is_beta":true,"boss_relics":[{"not_picked":["WristBlade","HoveringKite"],"picked":"Ectoplasm"}],"items_purged_floors":[],"is_endless":false,"potions_floor_spawned":[7,8,14,19],"killed_by":"3 Byrds","ascension_level":15}