{"gold_per_floor":[109,123,141,151,20,20,40,40,40,52,8,8,8],"floor_reached":13,"playtime":741,"items_purged":["Strike_G"],"score":139,"play_id":"8f598f78-9214-47c3-91dd-03ff8159cd6c","local_time":"20181025013145","is_ascension_mode":true,"campfire_choices":[{"data":"Neutralize","floor":6,"key":"SMITH"},{"floor":8,"key":"REST"},{"data":"1","floor":12,"key":"LIFT"}],"neow_cost":"NONE","seed_source_timestamp":2931750106081336,"circlet_count":0,"master_deck":["Defend_G","Defend_G","Defend_G","Defend_G","Defend_G","Strike_G","Strike_G","Strike_G","Strike_G","Survivor","Neutralize+1","AscendersBane","Blind","Footwork","Caltrops","Tools of the Trade","Sucker Punch","Dagger Spray","Skewer","Reflex"],"relics":["Ring of the Snake","Odd Mushroom","Girya"],"potions_floor_usage":[7],"damage_taken":[{"damage":3,"enemies":"2 Louse","floor":1,"turns":6},{"damage":12,"enemies":"Jaw Worm","floor":2,"turns":8},{"damage":1,"enemies":"Cultist","floor":3,"turns":6},{"damage":17,"enemies":"Exordium Thugs","floor":4,"turns":8},{"damage":21,"enemies":"The Mushroom Lair","floor":7,"turns":5},{"damage":4,"enemies":"Blue Slaver","floor":10,"turns":5},{"damage":24,"enemies":"Lagavulin","floor":13,"turns":8}],"seed_played":"1760817850430453892","potions_obtained":[{"floor":2,"key":"Explosive Potion"},{"floor":10,"key":"Weak Potion"}],"is_trial":false,"path_per_floor":["M","M","M","M","$","R","?","R","T","M","$","R"],"character_chosen":"THE_SILENT","items_purchased":["Sucker Punch","Reflex"],"campfire_rested":1,"item_purchase_floors":[5,11],"current_hp_per_floor":[56,44,43,26,26,26,5,24,24,20,20,20,0],"gold":8,"neow_bonus":"RANDOM_COLORLESS","is_prod":false,"is_daily":false,"chose_seed":false,"campfire_upgraded":1,"win_rate":0,"timestamp":1540456305,"path_taken":["M","M","M","M","$","R","?","R","T","M","$","R","E"],"build_version":"2018-10-24","purchased_purges":1,"victory":false,"max_hp_per_floor":[66,66,66,66,66,66,66,66,66,66,66,66,66],"card_choices":[{"not_picked":["Predator","Outmaneuver"],"picked":"Footwork","floor":1},{"not_picked":["Acrobatics","Prepared","Underhanded Strike"],"picked":"SKIP","floor":2},{"not_picked":["Backflip","Quick Slash"],"picked":"Caltrops","floor":3},{"not_picked":["Blade Dance","Calculated Gamble"],"picked":"Tools of the Trade","floor":4},{"not_picked":["Riddle With Holes","Blade Dance"],"picked":"Dagger Spray","floor":7},{"not_picked":["Backflip","Reflex"],"picked":"Skewer","floor":10}],"player_experience":988447,"relics_obtained":[{"floor":7,"key":"Odd Mushroom"},{"floor":9,"key":"Girya"}],"event_choices":[{"damage_healed":0,"gold_gain":0,"player_choice":"Fought Mushrooms","damage_taken":0,"max_hp_gain":0,"max_hp_loss":0,"event_name":"Mushrooms","floor":7,"gold_loss":0}],"is_beta":true,"boss_relics":[],"items_purged_floors":[5],"is_endless":false,"potions_floor_spawned":[2,10],"killed_by":"Lagavulin","ascension_level":17}