{"gold_per_floor":[113,126,136,150,162,179,213,213,237,237,255,288,306,321,321,321],"floor_reached":16,"playtime":677,"items_purged":[],"score":236,"play_id":"96ca9376-3d4f-487c-ba06-130a44bd3bbd","local_time":"20190607025408","is_ascension_mode":true,"campfire_choices":[{"floor":8,"key":"REST"},{"data":"Bash","floor":15,"key":"SMITH"}],"neow_cost":"NONE","seed_source_timestamp":3641922569166704,"circlet_count":0,"master_deck":["AscendersBane","Strike_R","Strike_R","Strike_R","Strike_R","Strike_R","Defend_R","Defend_R","Defend_R","Defend_R","Bash+1","Shrug It Off","Anger","Pommel Strike","Whirlwind","Thunderclap","Shrug It Off","Rampage","Sentinel+1","Battle Trance+1"],"relics":["Burning Blood","NeowsBlessing","Toxic Egg 2","Lantern","Strawberry"],"potions_floor_usage":[7,7,16,16],"damage_taken":[{"damage":0,"enemies":"Jaw Worm","floor":1,"turns":1},{"damage":0,"enemies":"Small Slimes","floor":2,"turns":1},{"damage":0,"enemies":"Cultist","floor":3,"turns":1},{"damage":23,"enemies":"Lots of Slimes","floor":4,"turns":6},{"damage":16,"enemies":"Gremlin Gang","floor":5,"turns":7},{"damage":1,"enemies":"2 Fungi Beasts","floor":6,"turns":3},{"damage":57,"enemies":"Lagavulin","floor":7,"turns":8},{"damage":10,"enemies":"Blue Slaver","floor":11,"turns":4},{"damage":52,"enemies":"Gremlin Nob","floor":12,"turns":5},{"damage":17,"enemies":"Lots of Slimes","floor":13,"turns":4},{"damage":1,"enemies":"2 Fungi Beasts","floor":14,"turns":3},{"damage":44,"enemies":"The Guardian","floor":16,"turns":14}],"seed_played":"9219182145543041760","potions_obtained":[{"floor":1,"key":"Regen Potion"},{"floor":4,"key":"LiquidBronze"},{"floor":7,"key":"Fruit Juice"},{"floor":11,"key":"BloodPotion"}],"is_trial":false,"path_per_floor":["M","M","M","M","M","M","E","R","T","?","M","E","M","M","R","B"],"character_chosen":"IRONCLAD","items_purchased":[],"campfire_rested":1,"item_purchase_floors":[],"current_hp_per_floor":[74,75,75,58,48,53,17,39,39,64,60,21,10,15,15,0],"gold":321,"neow_bonus":"THREE_ENEMY_KILL","is_prod":false,"is_daily":false,"chose_seed":false,"campfire_upgraded":1,"win_rate":0,"timestamp":1559901248,"path_taken":["M","M","M","M","M","M","E","R","T","?","M","E","M","M","R","BOSS"],"build_version":"2019-06-05","purchased_purges":0,"victory":false,"max_hp_per_floor":[75,75,75,75,75,75,75,75,75,75,75,82,82,82,82,87],"card_choices":[{"not_picked":["Thunderclap","Flex"],"picked":"Shrug It Off","floor":1},{"not_picked":["Battle Trance","Hemokinesis"],"picked":"Anger","floor":2},{"not_picked":["Ghostly Armor","Havoc"],"picked":"Pommel Strike","floor":3},{"not_picked":["Armaments","Reckless Charge"],"picked":"Whirlwind","floor":4},{"not_picked":["Second Wind","Bloodletting"],"picked":"Thunderclap","floor":5},{"not_picked":["Pommel Strike","Thunderclap"],"picked":"Shrug It Off","floor":6},{"not_picked":["Evolve","Warcry"],"picked":"Rampage","floor":7},{"not_picked":["Anger","Wild Strike"],"picked":"Sentinel+1","floor":11},{"not_picked":["Evolve","Thunderclap"],"picked":"Battle Trance+1","floor":12},{"not_picked":["Pommel Strike","Dark Embrace","Body Slam"],"picked":"SKIP","floor":13},{"not_picked":["Fire Breathing","Dual Wield+1","Body Slam"],"picked":"SKIP","floor":14}],"player_experience":1317029,"relics_obtained":[{"floor":7,"key":"Toxic Egg 2"},{"floor":9,"key":"Lantern"},{"floor":12,"key":"Strawberry"}],"event_choices":[{"damage_healed":25,"gold_gain":0,"player_choice":"Banana","damage_taken":0,"max_hp_gain":0,"max_hp_loss":0,"event_name":"Big Fish","floor":10,"gold_loss":0}],"is_beta":true,"boss_relics":[],"items_purged_floors":[],"is_endless":false,"potions_floor_spawned":[1,4,5,7,11],"killed_by":"The Guardian","ascension_level":20}