{"gold_per_floor":[212,162,192,292,2,32,32,47,70,70,115,115,141,155,155,229,229,244,244,244,254,135,135,234,234,234,63,63,89,89,121,121,121],"floor_reached":33,"playtime":1940,"items_purged":["Regret","Strike_G"],"score":527,"play_id":"9b6b1c93-1c1b-43ab-842a-f60603d239a5","local_time":"20190405022626","is_ascension_mode":true,"campfire_choices":[{"data":"Neutralize","floor":7,"key":"SMITH"},{"data":"Leg Sweep","floor":10,"key":"SMITH"},{"data":"Riddle With Holes","floor":12,"key":"SMITH"},{"data":"Footwork","floor":15,"key":"SMITH"},{"data":"Noxious Fumes","floor":23,"key":"SMITH"},{"data":"After Image","floor":25,"key":"SMITH"},{"data":"Leg Sweep","floor":32,"key":"SMITH"}],"neow_cost":"NONE","seed_source_timestamp":181493617530618,"circlet_count":0,"master_deck":["AscendersBane","Defend_G","Defend_G","Defend_G","Defend_G","Defend_G","Strike_G","Strike_G","Survivor","Neutralize+1","Terror","Well Laid Plans","Cloak And Dagger","Riddle With Holes+1","Blur","Leg Sweep+1","Footwork+1","Quick Slash","After Image+1","Noxious Fumes+1","Infinite Blades","Leg Sweep+1","Blade Dance","Well Laid Plans","Deadly Poison","Dagger Spray"],"relics":["Ring of the Snake","Tiny Chest","Letter Opener","Regal Pillow","Happy Flower","Bag of Preparation","Sozu","Bottled Tornado","Calipers","Mercury Hourglass","Centennial Puzzle"],"potions_floor_usage":[6,6,16],"damage_taken":[{"damage":0,"enemies":"Small Slimes","floor":1,"turns":4},{"damage":7,"enemies":"Lagavulin","floor":6,"turns":7},{"damage":0,"enemies":"2 Louse","floor":8,"turns":3},{"damage":12,"enemies":"Gremlin Nob","floor":13,"turns":4},{"damage":0,"enemies":"Cultist","floor":14,"turns":3},{"damage":2,"enemies":"The Guardian","floor":16,"turns":13},{"damage":0,"enemies":"Shell Parasite","floor":18,"turns":5},{"damage":0,"enemies":"Chosen","floor":21,"turns":6},{"damage":1,"enemies":"Book of Stabbing","floor":29,"turns":8},{"damage":0,"enemies":"Gremlin Leader","floor":31,"turns":7},{"damage":64,"enemies":"Collector","floor":33,"turns":7}],"seed_played":"-7589833696255289574","potions_obtained":[{"floor":1,"key":"SpeedPotion"},{"floor":8,"key":"Strength Potion"}],"is_trial":false,"path_per_floor":["M","?","?","?","$","E","R","M","T","R","T","R","E","M","R","B",null,"M","?","?","M","$","R","?","R","T","$","?","E","T","E","R","B"],"character_chosen":"THE_SILENT","items_purchased":["Well Laid Plans","Cloak And Dagger","Riddle With Holes","SteroidPotion","Leg Sweep","Blade Dance","Well Laid Plans"],"campfire_rested":0,"item_purchase_floors":[5,5,5,5,22,22,27],"current_hp_per_floor":[59,59,59,59,59,52,52,52,52,52,52,52,40,40,40,38,59,59,59,59,59,59,59,59,59,59,59,59,58,58,58,58,0],"gold":121,"neow_bonus":"HUNDRED_GOLD","is_prod":false,"is_daily":false,"chose_seed":false,"campfire_upgraded":7,"win_rate":0,"timestamp":1554423986,"path_taken":["M","?","?","?","$","E","R","?","T","R","?","R","E","?","R","BOSS","M","?","?","?","$","R","?","R","T","$","?","E","?","E","R","BOSS"],"build_version":"2019-03-15","purchased_purges":2,"victory":false,"max_hp_per_floor":[66,66,66,66,66,66,66,66,66,66,66,66,66,66,66,66,66,66,66,66,66,66,66,66,66,66,66,66,66,66,66,66,66],"card_choices":[{"not_picked":["Prepared","Deflect"],"picked":"Terror","floor":1},{"not_picked":["Sucker Punch","Flying Knee"],"picked":"Blur","floor":6},{"not_picked":["Quick Slash","Deflect"],"picked":"Leg Sweep","floor":8},{"not_picked":["PiercingWail","All Out Attack"],"picked":"Footwork","floor":13},{"not_picked":["Sucker Punch","Blade Dance"],"picked":"Quick Slash","floor":14},{"not_picked":["Grand Finale","Night Terror"],"picked":"After Image","floor":16},{"not_picked":["All Out Attack","Blade Dance","Accuracy"],"picked":"SKIP","floor":18},{"not_picked":["Poisoned Stab","Quick Slash"],"picked":"Infinite Blades","floor":21},{"not_picked":["Blade Dance","Bane"],"picked":"Deadly Poison","floor":29},{"not_picked":["Tools of the Trade","Deflect"],"picked":"Dagger Spray","floor":31}],"player_experience":440844,"relics_obtained":[{"floor":6,"key":"Letter Opener"},{"floor":9,"key":"Regal Pillow"},{"floor":11,"key":"Happy Flower"},{"floor":13,"key":"Bag of Preparation"},{"floor":26,"key":"Bottled Tornado"},{"floor":29,"key":"Calipers"},{"floor":30,"key":"Mercury Hourglass"},{"floor":31,"key":"Centennial Puzzle"}],"event_choices":[{"cards_removed":["Strike_G"],"damage_healed":0,"gold_gain":0,"player_choice":"Card Removal","damage_taken":0,"max_hp_gain":0,"max_hp_loss":0,"event_name":"The Cleric","floor":2,"gold_loss":50},{"damage_healed":0,"gold_gain":0,"player_choice":"Box","damage_taken":0,"relics_obtained":["Tiny Chest"],"max_hp_gain":0,"max_hp_loss":0,"event_name":"Big Fish","floor":3,"gold_loss":0,"cards_obtained":["Regret"]},{"damage_healed":0,"gold_gain":100,"player_choice":"Pray","damage_taken":0,"max_hp_gain":0,"max_hp_loss":0,"event_name":"Golden Shrine","floor":4,"gold_loss":0},{"damage_healed":0,"gold_gain":0,"player_choice":"Read","damage_taken":0,"max_hp_gain":0,"max_hp_loss":0,"event_name":"The Library","floor":19,"gold_loss":0,"cards_obtained":["Noxious Fumes"]},{"cards_removed":["Strike_G"],"damage_healed":0,"gold_gain":0,"player_choice":"Purged","damage_taken":0,"max_hp_gain":0,"max_hp_loss":0,"event_name":"Purifier","floor":20,"gold_loss":0},{"damage_healed":0,"gold_gain":99,"player_choice":"Stole From Cult","damage_taken":0,"max_hp_gain":0,"max_hp_loss":0,"event_name":"Nest","floor":24,"gold_loss":0}],"is_beta":true,"boss_relics":[{"not_picked":["Cursed Key","Eternal Feather"],"picked":"Sozu"}],"items_purged_floors":[5,27],"is_endless":false,"potions_floor_spawned":[1,8,21],"killed_by":"Collector","ascension_level":14}