{"gold_per_floor":[112,129,147,160,160,160,176,186,210,245,255,255,280,45,45,119,119,130,110,25,25,25,25,35,63,63,63,90,90,100,114,114,189,189,207,225,65,85,102,102,136,136,183,194,0,31,43,62,62,62],"floor_reached":51,"playtime":3678,"items_purged":["Strike_G"],"score":1308,"play_id":"75f7dd11-2c99-44db-a1c6-14589df69966","local_time":"20181023174850","is_ascension_mode":true,"campfire_choices":[{"data":"Neutralize","floor":6,"key":"SMITH"},{"data":"Wraith Form v2","floor":12,"key":"SMITH"},{"data":"Leg Sweep","floor":15,"key":"SMITH"},{"floor":23,"key":"REST"},{"floor":27,"key":"REST"},{"floor":29,"key":"REST"},{"floor":32,"key":"REST"},{"floor":40,"key":"REST"},{"floor":42,"key":"REST"},{"floor":49,"key":"REST"}],"neow_cost":"NONE","seed_source_timestamp":2814628404355596,"circlet_count":0,"master_deck":["Defend_G+1","Defend_G+1","Defend_G+1","Defend_G+1","Defend_G+1","Strike_G+1","Strike_G+1","Strike_G+1","Strike_G+1","Survivor","Neutralize+1","AscendersBane","Skewer","Leg Sweep+1","Quick Slash","Cloak And Dagger","Dagger Spray","Cloak And Dagger","Wraith Form v2+1","Deflect","Caltrops","After Image+1","Well Laid Plans","Malaise","Noxious Fumes","Deadly Poison","Tools of the Trade","Catalyst","Bouncing Flask+1","Well Laid Plans","Backflip","Caltrops","Calculated Gamble+1"],"relics":["Eternal Feather","Happy Flower","Centennial Puzzle","Orichalcum","Bronze Scales","Fusion Hammer","Oddly Smooth Stone","Ancient Tea Set","Singing Bowl","Strawberry","Sozu","Bag of Preparation","Vajra","Potion Belt","Red Mask","Snake Skull"],"potions_floor_usage":[10,13,18,46],"damage_taken":[{"damage":20,"enemies":"Jaw Worm","floor":1,"turns":6},{"damage":1,"enemies":"2 Louse","floor":2,"turns":4},{"damage":0,"enemies":"Cultist","floor":3,"turns":4},{"damage":7,"enemies":"2 Fungi Beasts","floor":4,"turns":4},{"damage":11,"enemies":"3 Louse","floor":7,"turns":4},{"damage":6,"enemies":"Red Slaver","floor":8,"turns":5},{"damage":10,"enemies":"Lagavulin","floor":10,"turns":8},{"damage":1,"enemies":"Exordium Wildlife","floor":11,"turns":4},{"damage":10,"enemies":"3 Sentries","floor":13,"turns":9},{"damage":3,"enemies":"Hexaghost","floor":16,"turns":10},{"damage":0,"enemies":"3 Byrds","floor":18,"turns":3},{"damage":9,"enemies":"2 Thieves","floor":19,"turns":4},{"damage":1,"enemies":"Centurion and Healer","floor":24,"turns":9},{"damage":21,"enemies":"Slavers","floor":25,"turns":7},{"damage":6,"enemies":"Gremlin Leader","floor":28,"turns":8},{"damage":1,"enemies":"Sentry and Sphere","floor":30,"turns":7},{"damage":1,"enemies":"3 Cultists","floor":31,"turns":6},{"damage":33,"enemies":"Collector","floor":33,"turns":14},{"damage":13,"enemies":"3 Shapes","floor":35,"turns":8},{"damage":21,"enemies":"3 Darklings","floor":36,"turns":6},{"damage":0,"enemies":"Maw","floor":38,"turns":7},{"damage":6,"enemies":"Sphere and 2 Shapes","floor":39,"turns":6},{"damage":20,"enemies":"Nemesis","floor":41,"turns":9},{"damage":17,"enemies":"Transient","floor":44,"turns":5},{"damage":4,"enemies":"Reptomancer","floor":46,"turns":7},{"damage":10,"enemies":"Writhing Mass","floor":47,"turns":7},{"damage":25,"enemies":"4 Shapes","floor":48,"turns":5},{"damage":51,"enemies":"Time Eater","floor":50,"turns":13}],"seed_played":"-4240675361669449045","potions_obtained":[{"floor":2,"key":"Energy Potion"},{"floor":3,"key":"PowerPotion"},{"floor":7,"key":"Strength Potion"},{"floor":16,"key":"GamblersBrew"},{"floor":30,"key":"SpeedPotion"},{"floor":33,"key":"GhostInAJar"}],"is_trial":false,"path_per_floor":["M","M","M","M","?","R","M","M","T","E","M","R","E","$","R","B",null,"M","M","?","?","?","R","M","E","T","R","E","R","M","M","R","B",null,"M","M","$","M","M","R","E","R","T","M","?","E","M","M","R","B"],"character_chosen":"THE_SILENT","items_purchased":["Bronze Scales","Bag of Preparation"],"campfire_rested":7,"item_purchase_floors":[14,37],"current_hp_per_floor":[39,38,38,31,36,45,34,28,28,18,17,29,19,19,31,28,60,60,51,51,51,51,71,70,49,49,71,74,80,79,78,80,47,72,59,38,38,40,34,76,58,84,84,67,67,63,55,30,73,22],"gold":62,"neow_bonus":"BOSS_RELIC","is_prod":false,"is_daily":false,"chose_seed":false,"campfire_upgraded":3,"win_rate":0,"timestamp":1540342130,"path_taken":["M","M","M","M","?","R","M","M","T","E","M","R","E","$","R","BOSS","M","?","?","?","?","R","M","E","T","R","E","R","M","M","R","BOSS","M","?","$","M","M","R","E","R","T","M","?","E","M","M","R","BOSS"],"build_version":"2018-10-22","purchased_purges":1,"victory":true,"max_hp_per_floor":[66,66,66,66,71,71,71,71,71,71,71,71,71,71,71,71,71,71,71,71,71,71,71,71,71,71,71,80,80,80,80,80,80,80,80,80,80,82,82,82,84,84,84,84,84,84,86,86,86,86],"card_choices":[{"not_picked":["Dagger Spray","Tactician"],"picked":"Skewer","floor":1},{"not_picked":["Crippling Poison","Tactician"],"picked":"Leg Sweep","floor":2},{"not_picked":["Underhanded Strike","Blade Dance"],"picked":"Quick Slash","floor":3},{"not_picked":["Blade Dance","Dagger Spray"],"picked":"Cloak And Dagger","floor":4},{"not_picked":["Quick Slash","Poisoned Stab"],"picked":"Dagger Spray","floor":7},{"not_picked":["Bane","Underhanded Strike"],"picked":"Cloak And Dagger","floor":8},{"not_picked":["Cloak And Dagger","Bane"],"picked":"Wraith Form v2","floor":10},{"not_picked":["Choke","Dagger Spray"],"picked":"Deflect","floor":11},{"not_picked":["Tactician","Calculated Gamble"],"picked":"Caltrops","floor":13},{"not_picked":["Unload","Bullet Time"],"picked":"After Image","floor":16},{"not_picked":["Poisoned Stab","All Out Attack"],"picked":"Well Laid Plans","floor":18},{"not_picked":["Quick Slash","Concentrate","Deflect"],"picked":"SKIP","floor":19},{"not_picked":["Deflect","Blade Dance","Dodge and Roll"],"picked":"SKIP","floor":24},{"not_picked":["Underhanded Strike+1","Acrobatics+1"],"picked":"Malaise","floor":25},{"not_picked":["Dash","Cloak And Dagger","Flechettes"],"picked":"Singing Bowl","floor":28},{"not_picked":["Prepared","Backflip"],"picked":"Noxious Fumes","floor":30},{"not_picked":["Setup","A Thousand Cuts"],"picked":"Deadly Poison","floor":31},{"not_picked":["Bullet Time","Die Die Die"],"picked":"Tools of the Trade","floor":33},{"not_picked":["Dodge and Roll","Distraction+1"],"picked":"Catalyst","floor":35},{"not_picked":["PiercingWail","Acrobatics"],"picked":"Bouncing Flask+1","floor":36},{"not_picked":["Poisoned Stab+1","Quick Slash","PiercingWail"],"picked":"Singing Bowl","floor":38},{"not_picked":["Poisoned Stab","Predator+1"],"picked":"Well Laid Plans","floor":39},{"not_picked":["Backstab","Prepared","Deflect"],"picked":"Singing Bowl","floor":41},{"not_picked":["Flying Knee","Finisher"],"picked":"Backflip","floor":44},{"not_picked":["A Thousand Cuts","Heel Hook"],"picked":"Caltrops","floor":46},{"not_picked":["Concentrate","Dagger Spray","Finisher"],"picked":"Singing Bowl","floor":47},{"not_picked":["Setup+1","Accuracy"],"picked":"Calculated Gamble+1","floor":48}],"player_experience":966476,"relics_obtained":[{"floor":9,"key":"Happy Flower"},{"floor":10,"key":"Centennial Puzzle"},{"floor":13,"key":"Orichalcum"},{"floor":25,"key":"Ancient Tea Set"},{"floor":26,"key":"Singing Bowl"},{"floor":28,"key":"Strawberry"},{"floor":41,"key":"Vajra"},{"floor":43,"key":"Potion Belt"},{"floor":46,"key":"Snake Skull"}],"event_choices":[{"damage_healed":0,"gold_gain":0,"player_choice":"Donut","damage_taken":0,"max_hp_gain":5,"max_hp_loss":0,"event_name":"Big Fish","floor":5,"gold_loss":0},{"damage_healed":0,"gold_gain":0,"player_choice":"Obtained Relic","damage_taken":0,"relics_obtained":["Oddly Smooth Stone"],"max_hp_gain":0,"max_hp_loss":0,"event_name":"Addict","floor":20,"gold_loss":85},{"damage_healed":0,"gold_gain":0,"player_choice":"Simplicity","damage_taken":0,"max_hp_gain":0,"max_hp_loss":0,"event_name":"Back to Basics","floor":21,"gold_loss":0,"cards_upgraded":["Defend_G","Defend_G","Defend_G","Defend_G","Defend_G","Strike_G","Strike_G","Strike_G","Strike_G"]},{"damage_healed":0,"gold_gain":0,"player_choice":"Forge","damage_taken":0,"max_hp_gain":0,"max_hp_loss":0,"event_name":"Accursed Blacksmith","floor":22,"gold_loss":0,"cards_upgraded":["After Image"]},{"damage_healed":0,"gold_gain":0,"player_choice":"Paid","damage_taken":0,"relics_obtained":["Red Mask"],"max_hp_gain":0,"max_hp_loss":0,"event_name":"Tomb of Lord Red Mask","floor":45,"gold_loss":194}],"is_beta":true,"boss_relics":[{"not_picked":["Tiny House","White Beast Statue"],"picked":"Fusion Hammer"},{"not_picked":["HoveringKite","WristBlade"],"picked":"Sozu"}],"items_purged_floors":[14],"is_endless":false,"potions_floor_spawned":[2,3,7,8,16,30,33,35,36,39,46,48],"ascension_level":16}