{"gold_per_floor":[219,219,27,27,37,63,63,92,92,92,117,132,182,182,182,260,260,280,280,205,222,222,222,222,222,247,54,72,107,121,132,132,208,208,220,220,220,1219,620,620,620],"floor_reached":41,"playtime":2223,"items_purged":["Strike_R","Normality"],"score":765,"play_id":"992e79d9-40ea-4595-bd80-620d3a46a595","local_time":"20190429212749","is_ascension_mode":true,"campfire_choices":[{"data":"Clothesline","floor":7,"key":"SMITH"},{"data":"Shrug It Off","floor":10,"key":"SMITH"},{"floor":15,"key":"REST"},{"data":"Immolate","floor":23,"key":"SMITH"},{"data":"Inflame","floor":25,"key":"SMITH"},{"floor":32,"key":"REST"},{"data":"True Grit","floor":40,"key":"SMITH"}],"neow_cost":"NONE","seed_source_timestamp":117820169998483,"circlet_count":0,"master_deck":["AscendersBane","Strike_R+1","Strike_R+1","Defend_R+1","Defend_R+1","Defend_R+1","Defend_R+1","Bash+1","Clothesline+1","Hemokinesis+1","Inflame+1","Battle Trance","Shrug It Off+1","Armaments","True Grit+1","Immolate+1","Twin Strike","Heavy Blade","Trip","Evolve","Shrug It Off","Normality","Immolate+1","Fiend Fire"],"relics":["Black Blood","Calipers","Bag of Preparation","Prayer Wheel","Gremlin Horn","Bronze Scales","Busted Crown","Nilry\u0027s Codex","Art of War","Meat on the Bone","DollysMirror","Red Skull"],"potions_floor_usage":[6,8,16,16,33,41],"damage_taken":[{"damage":1,"enemies":"Small Slimes","floor":1,"turns":5},{"damage":2,"enemies":"2 Louse","floor":5,"turns":3},{"damage":34,"enemies":"3 Sentries","floor":6,"turns":9},{"damage":6,"enemies":"Gremlin Nob","floor":8,"turns":3},{"damage":28,"enemies":"Lagavulin","floor":11,"turns":6},{"damage":2,"enemies":"Cultist","floor":12,"turns":3},{"damage":15,"enemies":"The Guardian","floor":16,"turns":10},{"damage":2,"enemies":"Spheric Guardian","floor":18,"turns":3},{"damage":16,"enemies":"Chosen","floor":21,"turns":5},{"damage":10,"enemies":"Snecko","floor":28,"turns":3},{"damage":28,"enemies":"Slavers","floor":29,"turns":4},{"damage":16,"enemies":"Snake Plant","floor":30,"turns":3},{"damage":11,"enemies":"Centurion and Healer","floor":31,"turns":4},{"damage":64,"enemies":"Automaton","floor":33,"turns":11},{"damage":7,"enemies":"3 Darklings","floor":35,"turns":4},{"damage":76,"enemies":"Giant Head","floor":41,"turns":8}],"seed_played":"-6495143191254982293","potions_obtained":[{"floor":6,"key":"Block Potion"},{"floor":11,"key":"Dexterity Potion"},{"floor":12,"key":"Strength Potion"},{"floor":21,"key":"Regen Potion"}],"is_trial":false,"path_per_floor":["M","?","$","?","M","E","R","E","T","R","E","M","T","?","R","B",null,"M","?","?","M","?","R","?","R","T","$","M","E","M","M","R","B",null,"M","?","?","?","$","R","E"],"character_chosen":"IRONCLAD","items_purchased":["Hemokinesis","EssenceOfSteel","Heavy Blade","Trip","SteroidPotion","DollysMirror","Red Skull","Fiend Fire"],"campfire_rested":2,"item_purchase_floors":[3,3,27,27,27,39,39,39],"current_hp_per_floor":[73,73,73,73,75,47,47,47,47,47,25,29,29,29,51,42,67,71,50,50,40,55,55,55,55,55,55,51,29,31,38,60,29,64,67,67,67,67,67,67,0],"gold":620,"neow_bonus":"HUNDRED_GOLD","is_prod":false,"is_daily":false,"chose_seed":false,"campfire_upgraded":5,"win_rate":0,"timestamp":1556566069,"path_taken":["M","?","$","?","M","E","R","E","T","R","E","?","?","?","R","BOSS","M","?","?","M","?","R","?","R","T","?","?","E","M","M","R","BOSS","M","?","?","?","$","R","E"],"build_version":"2019-04-23","purchased_purges":2,"victory":false,"max_hp_per_floor":[75,75,75,75,75,75,75,75,75,75,75,75,75,75,75,75,75,75,75,75,75,75,75,75,75,75,75,75,75,75,75,75,75,75,75,75,75,75,75,75,75],"card_choices":[{"not_picked":["Thunderclap","Cleave"],"picked":"Clothesline","floor":1},{"not_picked":["Corruption","Headbutt"],"picked":"Inflame","floor":5},{"not_picked":["Cleave","Armaments"],"picked":"Battle Trance","floor":6},{"not_picked":["Rupture","Infernal Blade"],"picked":"Shrug It Off","floor":8},{"not_picked":["Inflame","Uppercut"],"picked":"Armaments","floor":11},{"not_picked":["Cleave","Twin Strike"],"picked":"True Grit","floor":12},{"not_picked":["Burning Pact","Warcry","Blood for Blood"],"picked":"SKIP","floor":12},{"not_picked":["Feed","Double Tap"],"picked":"Immolate","floor":16},{"not_picked":["Warcry"],"picked":"SKIP","floor":18},{"not_picked":["Sword Boomerang+1"],"picked":"SKIP","floor":18},{"not_picked":[],"picked":"Twin Strike","floor":21},{"not_picked":["Cleave"],"picked":"SKIP","floor":21},{"not_picked":["Thunderclap"],"picked":"SKIP","floor":28},{"not_picked":["True Grit"],"picked":"SKIP","floor":28},{"not_picked":[],"picked":"Evolve","floor":29},{"not_picked":[],"picked":"Shrug It Off","floor":30},{"not_picked":["Hemokinesis"],"picked":"SKIP","floor":30},{"not_picked":["Rage"],"picked":"SKIP","floor":31},{"not_picked":["Cleave"],"picked":"SKIP","floor":31},{"not_picked":["Clash+1"],"picked":"SKIP","floor":35},{"not_picked":["Flex"],"picked":"SKIP","floor":35}],"player_experience":512002,"relics_obtained":[{"floor":6,"key":"Calipers"},{"floor":8,"key":"Bag of Preparation"},{"floor":9,"key":"Prayer Wheel"},{"floor":11,"key":"Gremlin Horn"},{"floor":13,"key":"Bronze Scales"},{"floor":19,"key":"Nilry\u0027s Codex"},{"floor":26,"key":"Art of War"},{"floor":29,"key":"Meat on the Bone"}],"event_choices":[{"damage_healed":0,"gold_gain":0,"player_choice":"Grow","damage_taken":0,"max_hp_gain":0,"max_hp_loss":0,"event_name":"Living Wall","floor":2,"gold_loss":0,"cards_upgraded":["Bash"]},{"damage_healed":0,"gold_gain":0,"player_choice":"Upgraded","damage_taken":0,"max_hp_gain":0,"max_hp_loss":0,"event_name":"Upgrade Shrine","floor":4,"gold_loss":0,"cards_upgraded":["Hemokinesis"]},{"damage_healed":0,"gold_gain":0,"player_choice":"Searched \u00270\u0027 times","damage_taken":0,"max_hp_gain":0,"max_hp_loss":0,"event_name":"Dead Adventurer","floor":14,"gold_loss":0},{"damage_healed":0,"gold_gain":0,"player_choice":"Obtained Book","damage_taken":21,"max_hp_gain":0,"max_hp_loss":0,"event_name":"Cursed Tome","floor":19,"gold_loss":0},{"cards_removed":["Strike_R"],"damage_healed":0,"gold_gain":0,"player_choice":"Gave Gold","damage_taken":0,"max_hp_gain":0,"max_hp_loss":0,"event_name":"Beggar","floor":20,"gold_loss":75},{"damage_healed":15,"gold_gain":0,"player_choice":"Heal","damage_taken":0,"max_hp_gain":0,"max_hp_loss":0,"event_name":"The Library","floor":22,"gold_loss":0},{"damage_healed":0,"gold_gain":0,"player_choice":"Simplicity","damage_taken":0,"max_hp_gain":0,"max_hp_loss":0,"event_name":"Back to Basics","floor":24,"gold_loss":0,"cards_upgraded":["Strike_R","Strike_R","Strike_R","Defend_R","Defend_R","Defend_R","Defend_R"]},{"damage_healed":0,"gold_gain":0,"player_choice":"Ignored","damage_taken":0,"max_hp_gain":0,"max_hp_loss":0,"event_name":"Tomb of Lord Red Mask","floor":36,"gold_loss":0},{"cards_removed":["Strike_R"],"damage_healed":0,"gold_gain":0,"player_choice":"Removed Attack","damage_taken":0,"max_hp_gain":0,"max_hp_loss":0,"event_name":"Falling","floor":37,"gold_loss":0},{"damage_healed":0,"gold_gain":999,"player_choice":"Gold","damage_taken":0,"max_hp_gain":0,"max_hp_loss":0,"event_name":"MindBloom","floor":38,"gold_loss":0,"cards_obtained":["Normality","Normality"]}],"is_beta":true,"boss_relics":[{"not_picked":["Philosopher\u0027s Stone","Tiny House"],"picked":"Busted Crown"},{"not_picked":["Mark of Pain","Lizard Tail"],"picked":"Black Blood"}],"items_purged_floors":[3,39],"is_endless":false,"potions_floor_spawned":[6,11,12,21,29,30,31],"killed_by":"Giant Head","ascension_level":15}