{"gold_per_floor":[113,130,205,205,36,63,63,83,129,129,144,144,163,194,194,194],"floor_reached":16,"playtime":580,"items_purged":["Strike_R"],"score":220,"play_id":"49d5ccab-406a-4f44-acb7-85438780c9c2","local_time":"20190113223316","is_ascension_mode":true,"campfire_choices":[{"floor":7,"key":"REST"},{"data":"Bash","floor":12,"key":"SMITH"},{"data":"Armaments","floor":15,"key":"SMITH"}],"neow_cost":"NONE","seed_source_timestamp":605712680547797,"circlet_count":0,"master_deck":["AscendersBane","Strike_R","Strike_R","Strike_R","Strike_R","Defend_R","Defend_R","Defend_R","Defend_R","Bash+1","Purity","Anger","Clothesline","Shrug It Off","Intimidate","Pommel Strike","Disarm","Rage","Armaments+1","Headbutt"],"relics":["Burning Blood","Bronze Scales","Ancient Tea Set","Dream Catcher","NlothsMask","Charon\u0027s Ashes"],"potions_floor_usage":[6,14],"damage_taken":[{"damage":12,"enemies":"2 Louse","floor":1,"turns":3},{"damage":7,"enemies":"Small Slimes","floor":2,"turns":3},{"damage":27,"enemies":"Lagavulin","floor":6,"turns":6},{"damage":0,"enemies":"Cultist","floor":8,"turns":3},{"damage":5,"enemies":"Blue Slaver","floor":11,"turns":4},{"damage":4,"enemies":"Red Slaver","floor":13,"turns":4},{"damage":17,"enemies":"3 Sentries","floor":14,"turns":8},{"damage":38,"enemies":"The Guardian","floor":16,"turns":11}],"seed_played":"-5234872220661702553","potions_obtained":[{"floor":2,"key":"LiquidBronze"},{"floor":8,"key":"LiquidBronze"},{"floor":13,"key":"AttackPotion"}],"is_trial":false,"path_per_floor":["M","M","?","?","$","E","R","M","T","?","M","R","M","E","R","B"],"character_chosen":"IRONCLAD","items_purchased":["Shrug It Off","Intimidate"],"campfire_rested":1,"item_purchase_floors":[5,5],"current_hp_per_floor":[62,61,50,39,39,18,40,46,46,46,47,47,49,38,38,0],"gold":194,"neow_bonus":"RANDOM_COLORLESS","is_prod":false,"is_daily":false,"chose_seed":false,"campfire_upgraded":2,"win_rate":0,"timestamp":1547447596,"path_taken":["M","M","?","?","$","E","R","M","T","?","M","R","?","E","R","BOSS"],"build_version":"2019-01-10","purchased_purges":1,"victory":false,"max_hp_per_floor":[75,75,75,75,75,75,75,75,75,75,75,75,75,75,75,75],"card_choices":[{"not_picked":["Dropkick","Feel No Pain"],"picked":"Anger","floor":1},{"not_picked":["Body Slam","Shockwave"],"picked":"Clothesline","floor":2},{"not_picked":["Blood for Blood","Havoc"],"picked":"Pommel Strike","floor":6},{"not_picked":["Armaments","Anger"],"picked":"Disarm","floor":8},{"not_picked":["Burning Pact","Sever Soul"],"picked":"Rage","floor":11},{"not_picked":["Flex","True Grit"],"picked":"Armaments","floor":13},{"not_picked":["Cleave","Anger"],"picked":"Headbutt","floor":14}],"player_experience":1181216,"relics_obtained":[{"floor":6,"key":"Ancient Tea Set"},{"floor":9,"key":"Dream Catcher"},{"floor":14,"key":"Charon\u0027s Ashes"}],"event_choices":[{"damage_healed":0,"gold_gain":75,"player_choice":"Gather Gold","damage_taken":11,"max_hp_gain":0,"max_hp_loss":0,"event_name":"World of Goop","floor":3,"gold_loss":0},{"damage_healed":0,"gold_gain":0,"player_choice":"Success","damage_taken":11,"relics_obtained":["Bronze Scales"],"max_hp_gain":0,"max_hp_loss":0,"event_name":"Scrap Ooze","floor":4,"gold_loss":0},{"damage_healed":0,"gold_gain":0,"player_choice":"Trade","damage_taken":0,"relics_obtained":["NlothsMask"],"max_hp_gain":0,"max_hp_loss":0,"event_name":"FaceTrader","floor":10,"gold_loss":0}],"is_beta":true,"boss_relics":[],"items_purged_floors":[5],"is_endless":false,"potions_floor_spawned":[2,8,13],"killed_by":"The Guardian","ascension_level":20}