{"gold_per_floor":[109,125,137,151,23,52,65,91,143,143,174,174],"floor_reached":12,"playtime":494,"items_purged":["Strike_B"],"score":190,"play_id":"e931dd70-6c0b-4d77-a1da-684320cd0978","local_time":"20181025041217","is_ascension_mode":true,"campfire_choices":[{"floor":10,"key":"REST"}],"neow_cost":"NONE","seed_source_timestamp":2941627995735323,"circlet_count":0,"master_deck":["Strike_B","Strike_B","Strike_B","Defend_B","Defend_B","Defend_B","Defend_B","Zap","Dualcast","AscendersBane","Glacier","Streamline","Ball Lightning","Coolheaded","Genetic Algorithm","Chaos","Glacier","Darkness"],"relics":["Cracked Core","Bag of Marbles","Mercury Hourglass","Bronze Scales","Kunai"],"potions_floor_usage":[6,8,11,12],"damage_taken":[{"damage":0,"enemies":"Jaw Worm","floor":1,"turns":3},{"damage":1,"enemies":"Small Slimes","floor":2,"turns":5},{"damage":2,"enemies":"Cultist","floor":3,"turns":4},{"damage":5,"enemies":"Blue Slaver","floor":4,"turns":4},{"damage":20,"enemies":"Gremlin Nob","floor":6,"turns":4},{"damage":7,"enemies":"Exordium Wildlife","floor":7,"turns":3},{"damage":28,"enemies":"Lagavulin","floor":8,"turns":8},{"damage":21,"enemies":"Gremlin Nob","floor":11,"turns":4},{"damage":14,"enemies":"Exordium Thugs","floor":12,"turns":1}],"seed_played":"-642455535520571484","potions_obtained":[{"floor":2,"key":"SpeedPotion"},{"floor":7,"key":"Swift Potion"},{"floor":11,"key":"SteroidPotion"}],"is_trial":false,"path_per_floor":["M","M","M","M","$","E","M","E","T","R","E"],"character_chosen":"DEFECT","items_purchased":["Block Potion"],"campfire_rested":1,"item_purchase_floors":[5],"current_hp_per_floor":[71,70,68,63,63,43,36,8,8,31,10,0],"gold":174,"neow_bonus":"TEN_PERCENT_HP_BONUS","is_prod":false,"is_daily":false,"chose_seed":false,"campfire_upgraded":0,"win_rate":0,"timestamp":1540465937,"path_taken":["M","M","M","M","$","E","M","E","T","R","E","M"],"build_version":"2018-10-24","purchased_purges":1,"victory":false,"max_hp_per_floor":[78,78,78,78,78,78,78,78,78,78,78,78],"card_choices":[{"not_picked":["Gash","Undo"],"picked":"Glacier","floor":1},{"not_picked":["Stack","FTL"],"picked":"Streamline","floor":2},{"not_picked":["Streamline","Steam Power"],"picked":"Ball Lightning","floor":3},{"not_picked":["Tempest","Aggregate"],"picked":"Coolheaded","floor":4},{"not_picked":["Streamline","Redo"],"picked":"Genetic Algorithm","floor":6},{"not_picked":["Hello World","Coolheaded"],"picked":"Chaos","floor":7},{"not_picked":["Conserve Battery","Chaos"],"picked":"Glacier","floor":8},{"not_picked":["Meteor Strike","Scrape"],"picked":"Darkness","floor":11}],"player_experience":993551,"relics_obtained":[{"floor":6,"key":"Bag of Marbles"},{"floor":8,"key":"Mercury Hourglass"},{"floor":9,"key":"Bronze Scales"},{"floor":11,"key":"Kunai"}],"event_choices":[],"is_beta":true,"boss_relics":[],"items_purged_floors":[5],"is_endless":false,"potions_floor_spawned":[2,7,11],"killed_by":"Exordium Thugs","ascension_level":18}