{"gold_per_floor":[119,119,139,64,75,102,102,134,134,134,153,153],"floor_reached":12,"playtime":452,"items_purged":["Strike_R"],"score":176,"play_id":"da091721-9621-4b1e-b279-5d83bf04837d","local_time":"20181112180213","is_ascension_mode":true,"campfire_choices":[{"data":"Whirlwind","floor":7,"key":"SMITH"},{"floor":10,"key":"REST"}],"neow_cost":"NONE","seed_source_timestamp":4550267420695008,"circlet_count":0,"master_deck":["AscendersBane","Strike_R","Strike_R","Strike_R","Strike_R","Defend_R","Defend_R","Defend_R","Defend_R","Bash","Panacea","Thunderclap","Whirlwind+1","Metallicize","Reaper"],"relics":["Burning Blood","Dodecahedron","Ginger","Charon\u0027s Ashes"],"potions_floor_usage":[6,8,12],"damage_taken":[{"damage":13,"enemies":"2 Louse","floor":1,"turns":4},{"damage":6,"enemies":"Jaw Worm","floor":3,"turns":5},{"damage":0,"enemies":"Small Slimes","floor":5,"turns":2},{"damage":30,"enemies":"3 Sentries","floor":6,"turns":5},{"damage":34,"enemies":"Lagavulin","floor":8,"turns":7},{"damage":8,"enemies":"Blue Slaver","floor":11,"turns":4},{"damage":53,"enemies":"Lagavulin Event","floor":12,"turns":5}],"seed_played":"2181670159637987177","potions_obtained":[{"floor":3,"key":"Energy Potion"},{"floor":6,"key":"Fire Potion"},{"floor":8,"key":"PowerPotion"}],"is_trial":false,"path_per_floor":["M","?","M","$","M","E","R","E","T","R","M","?"],"character_chosen":"IRONCLAD","items_purchased":[],"campfire_rested":1,"item_purchase_floors":[],"current_hp_per_floor":[61,61,61,61,67,43,43,15,15,37,35,0],"gold":153,"neow_bonus":"RANDOM_COLORLESS","is_prod":false,"is_daily":false,"chose_seed":false,"campfire_upgraded":1,"win_rate":0,"timestamp":1542074533,"path_taken":["M","?","M","$","M","E","R","E","T","R","M","?"],"build_version":"2018-11-08","purchased_purges":1,"victory":false,"max_hp_per_floor":[75,75,75,75,75,75,75,75,75,75,75,75],"card_choices":[{"not_picked":["Pummel","Sword Boomerang"],"picked":"Thunderclap","floor":1},{"not_picked":["True Grit","Power Through"],"picked":"Whirlwind","floor":3},{"not_picked":["Havoc","Heavy Blade"],"picked":"Metallicize","floor":5},{"not_picked":["Cleave","Shrug It Off"],"picked":"Reaper","floor":6},{"not_picked":["Bloodletting","Second Wind","Sentinel"],"picked":"SKIP","floor":8},{"not_picked":["Clash","Dropkick","Warcry"],"picked":"SKIP","floor":11}],"player_experience":1071589,"relics_obtained":[{"floor":6,"key":"Dodecahedron"},{"floor":8,"key":"Ginger"},{"floor":9,"key":"Charon\u0027s Ashes"}],"event_choices":[{"damage_healed":0,"gold_gain":0,"player_choice":"Leave","damage_taken":0,"max_hp_gain":0,"max_hp_loss":0,"event_name":"The Cleric","floor":2,"gold_loss":0},{"damage_healed":0,"gold_gain":0,"player_choice":"Searched \u00272\u0027 times","damage_taken":0,"max_hp_gain":0,"max_hp_loss":0,"event_name":"Dead Adventurer","floor":12,"gold_loss":0}],"is_beta":true,"boss_relics":[],"items_purged_floors":[4],"is_endless":false,"potions_floor_spawned":[3,6,8],"killed_by":"Lagavulin Event","ascension_level":20}