{"gold_per_floor":[114,127,143,218,236,236,271,271,295,307,346,371,144,174],"floor_reached":14,"playtime":364,"items_purged":["Strike_B"],"score":200,"play_id":"3e124dcf-db02-4aff-8d88-4e83c2aecf6c","local_time":"20181224222051","is_ascension_mode":true,"campfire_choices":[{"floor":6,"key":"REST"},{"data":"Chaos","floor":8,"key":"SMITH"},{"floor":10,"key":"REST"}],"neow_cost":"NONE","seed_source_timestamp":8194672108665234,"circlet_count":0,"master_deck":["AscendersBane","Strike_B","Strike_B","Strike_B","Defend_B","Defend_B","Defend_B","Defend_B","Zap+1","Dualcast","Ball Lightning","Compile Driver","Streamline","Reinforced Body","Chaos+1","Multi-Cast","Chill"],"relics":["Cracked Core","Potion Belt","MawBank","Lantern","Anchor"],"potions_floor_usage":[5,7,14],"damage_taken":[{"damage":2,"enemies":"Jaw Worm","floor":1,"turns":3},{"damage":0,"enemies":"Small Slimes","floor":2,"turns":3},{"damage":0,"enemies":"2 Louse","floor":3,"turns":2},{"damage":41,"enemies":"Exordium Thugs","floor":5,"turns":5},{"damage":16,"enemies":"Lagavulin","floor":7,"turns":6},{"damage":25,"enemies":"3 Sentries","floor":11,"turns":5},{"damage":13,"enemies":"Blue Slaver","floor":12,"turns":3},{"damage":15,"enemies":"Lagavulin Event","floor":14,"turns":2}],"seed_played":"-6504455003401842100","potions_obtained":[{"floor":1,"key":"Weak Potion"},{"floor":3,"key":"Regen Potion"},{"floor":11,"key":"Explosive Potion"}],"is_trial":false,"path_per_floor":["M","M","M","?","M","R","E","R","T","R","E","M","$","?"],"character_chosen":"DEFECT","items_purchased":["Anchor"],"campfire_rested":2,"item_purchase_floors":[13],"current_hp_per_floor":[62,62,62,51,10,31,30,30,30,51,26,13,13,0],"gold":174,"neow_bonus":"UPGRADE_CARD","is_prod":false,"is_daily":false,"chose_seed":false,"campfire_upgraded":1,"win_rate":0,"timestamp":1545718851,"path_taken":["M","M","M","?","M","R","E","R","T","R","E","M","$","?"],"build_version":"2018-12-20","purchased_purges":1,"victory":false,"max_hp_per_floor":[71,71,71,71,71,71,71,71,71,71,71,71,71,71],"card_choices":[{"not_picked":["Fusion","Stack"],"picked":"Ball Lightning","floor":1},{"not_picked":["Auto Shields","BootSequence"],"picked":"Compile Driver","floor":2},{"not_picked":["Turbo","Lockon"],"picked":"Streamline","floor":3},{"not_picked":["Rebound","Streamline"],"picked":"Reinforced Body","floor":5},{"not_picked":["Heatsinks","Go for the Eyes"],"picked":"Chaos","floor":7},{"not_picked":["Go for the Eyes","Blizzard"],"picked":"Multi-Cast","floor":11},{"not_picked":["Steam","Rebound"],"picked":"Chill","floor":12}],"player_experience":1139203,"relics_obtained":[{"floor":7,"key":"Potion Belt"},{"floor":9,"key":"MawBank"},{"floor":11,"key":"Lantern"}],"event_choices":[{"damage_healed":0,"gold_gain":75,"player_choice":"Gather Gold","damage_taken":11,"max_hp_gain":0,"max_hp_loss":0,"event_name":"World of Goop","floor":4,"gold_loss":0},{"damage_healed":0,"gold_gain":30,"player_choice":"Searched \u00272\u0027 times","damage_taken":0,"max_hp_gain":0,"max_hp_loss":0,"event_name":"Dead Adventurer","floor":14,"gold_loss":0}],"is_beta":true,"boss_relics":[],"items_purged_floors":[13],"is_endless":false,"potions_floor_spawned":[1,3,11],"killed_by":"Lagavulin Event","ascension_level":20}