{"gold_per_floor":[369,380,380,391,99,99,99,99,177,177,191,220,239,239,239,313,313,331,331,48,48,48,74,85,85,85,116,13,25,44,61,61,138,138,158,158,33,51,51,84,84,84,131,158,158,173,23,123,123,123,123],"floor_reached":52,"playtime":3519,"items_purged":["Clumsy","Regret","Strike_R","Strike_R"],"score":2167,"play_id":"04678557-2f39-4888-9b12-0567ca048303","local_time":"20190326172248","is_ascension_mode":true,"campfire_choices":[{"floor":7.0,"key":"REST"},{"data":"Disarm","floor":10.0,"key":"SMITH"},{"floor":15.0,"key":"REST"},{"data":"Spot Weakness","floor":25.0,"key":"SMITH"},{"floor":32.0,"key":"REST"},{"data":"Corruption","floor":41,"key":"SMITH"},{"floor":45,"key":"REST"},{"floor":49,"key":"REST"}],"neow_cost":"CURSE","seed_source_timestamp":0,"circlet_count":0,"master_deck":["AscendersBane","Strike_R","Strike_R","Defend_R","Defend_R","Defend_R","Defend_R","Bash","Cleave","Shrug It Off","Pommel Strike","Disarm+1","Spot Weakness+1","Immolate","True Grit","True Grit","Exhume","Warcry","Feel No Pain","Bandage Up","Headbutt+1","Havoc","Demon Form","Corruption+1","Clothesline+1","Burning Pact","Body Slam+1","True Grit","Reaper+1","Fiend Fire+1","Inflame","Flame Barrier","Shockwave","Flex+1","Seeing Red","Impatience","Heavy Blade+1","Madness","Madness","Armaments+1","Shrug It Off"],"special_seed":0,"relics":["Burning Blood","Darkstone Periapt","Dead Branch","Mercury Hourglass","Bronze Scales","Happy Flower","Sozu","Molten Egg 2","Blue Candle","Mango","Peace Pipe","Orrery","Orichalcum","Lantern","Regal Pillow","Champion Belt"],"potions_floor_usage":[],"damage_taken":[{"damage":17.0,"enemies":"Cultist","floor":1.0,"turns":5.0},{"damage":2.0,"enemies":"2 Louse","floor":2.0,"turns":2.0},{"damage":7.0,"enemies":"Jaw Worm","floor":4.0,"turns":4.0},{"damage":10.0,"enemies":"Gremlin Gang","floor":11.0,"turns":2.0},{"damage":36.0,"enemies":"Gremlin Nob","floor":12.0,"turns":4.0},{"damage":0.0,"enemies":"2 Fungi Beasts","floor":13.0,"turns":2.0},{"damage":0.0,"enemies":"The Guardian","floor":16.0,"turns":9.0},{"damage":19.0,"enemies":"Shell Parasite","floor":18.0,"turns":4.0},{"damage":17.0,"enemies":"Colosseum Slavers","floor":19.0,"turns":2.0},{"damage":18.0,"enemies":"Gremlin Leader","floor":23.0,"turns":7.0},{"damage":1.0,"enemies":"3 Byrds","floor":24.0,"turns":3.0},{"damage":65.0,"enemies":"Slavers","floor":27.0,"turns":4.0},{"damage":0.0,"enemies":"Centurion and Healer","floor":29.0,"turns":5.0},{"damage":3.0,"enemies":"Cultist and Chosen","floor":30.0,"turns":4.0},{"damage":13.0,"enemies":"Sentry and Sphere","floor":31.0,"turns":4.0},{"damage":6.0,"enemies":"Champ","floor":33.0,"turns":5.0},{"damage":19.0,"enemies":"Orb Walker","floor":35.0,"turns":2.0},{"damage":16,"enemies":"3 Darklings","floor":38,"turns":3},{"damage":10,"enemies":"Giant Head","floor":40,"turns":5},{"damage":61,"enemies":"Reptomancer","floor":44,"turns":3},{"damage":7,"enemies":"Writhing Mass","floor":46,"turns":4},{"damage":17,"enemies":"Mind Bloom Boss Battle","floor":48,"turns":4},{"damage":75,"enemies":"Time Eater","floor":50,"turns":11},{"damage":42,"enemies":"Donu and Deca","floor":51,"turns":5}],"seed_played":"-6577952077835300933","potions_obtained":[{"floor":1.0,"key":"FairyPotion"},{"floor":12.0,"key":"EssenceOfSteel"}],"is_trial":false,"path_per_floor":["M","M","T","M","$","?","R","?","T","R","M","E","M","?","R","B",null,"M","?","$","?","?","E","M","R","T","E","$","M","M","M","R","B",null,"M","?","$","M","?","E","R","?","T","E","R","M","$","?","R","B","B",null],"character_chosen":"IRONCLAD","items_purchased":["Disarm","Spot Weakness","Fire Potion","Feel No Pain","Bandage Up","Corruption","Clothesline+1"],"campfire_rested":5,"item_purchase_floors":[5,5,5,20,20,28,28],"current_hp_per_floor":[57,61,61,60,60,53,75,57,57,57,53,23,29,35,59,65,77,64,53,53,53,53,53,62,62,76,17,17,31,34,35,63,67,88,79,79,79,95,95,91,91,74,74,19,62,65,65,58,95,95,95],"gold":123,"neow_bonus":"TWO_FIFTY_GOLD","is_prod":false,"is_daily":false,"chose_seed":false,"campfire_upgraded":3,"win_rate":0,"timestamp":1553617368,"path_taken":["M","M","?","M","$","?","R","?","T","R","?","E","?","?","R","BOSS","M","?","$","?","?","E","M","R","T","E","$","M","?","M","R","BOSS","M","?","$","M","?","E","R","?","T","E","R","M","$","?","R","BOSS","BOSS"],"build_version":"2019-03-15","purchased_purges":4,"victory":true,"max_hp_per_floor":[75,75,75,75,75,75,75,75,75,75,75,75,75,81,81,81,81,81,81,81,81,81,81,81,81,95,95,95,95,95,95,95,95,95,95,95,95,95,95,95,95,95,95,95,95,95,95,95,95,95,95],"card_choices":[{"not_picked":["Perfected Strike","Second Wind"],"picked":"Cleave","floor":1.0},{"not_picked":["Intimidate","Perfected Strike"],"picked":"Shrug It Off","floor":2.0},{"not_picked":["Intimidate","Perfected Strike"],"picked":"Pommel Strike","floor":4.0},{"not_picked":["Iron Wave","Twin Strike"],"picked":"Immolate","floor":11.0},{"not_picked":["Heavy Blade","Havoc"],"picked":"True Grit","floor":12.0},{"not_picked":["Metallicize","Perfected Strike"],"picked":"True Grit","floor":13.0},{"not_picked":["Bludgeon","Impervious"],"picked":"Exhume","floor":16.0},{"not_picked":["Iron Wave","Twin Strike"],"picked":"Warcry","floor":18.0},{"not_picked":["Evolve","Pommel Strike+1"],"picked":"Headbutt+1","floor":23.0},{"not_picked":["Bloodletting","Pommel Strike+1"],"picked":"Havoc","floor":24.0},{"not_picked":["Clothesline+1","Iron Wave+1"],"picked":"Demon Form","floor":27.0},{"not_picked":["Anger+1","Perfected Strike+1"],"picked":"Burning Pact","floor":29.0},{"not_picked":["Havoc","Sword Boomerang+1"],"picked":"Body Slam+1","floor":30.0},{"not_picked":["Body Slam+1","Thunderclap+1"],"picked":"True Grit","floor":31.0},{"not_picked":["Offering","Bludgeon+1"],"picked":"Reaper+1","floor":33.0},{"not_picked":["Perfected Strike+1","Heavy Blade+1"],"picked":"Fiend Fire+1","floor":34.0},{"not_picked":["Flex","Blood for Blood+1"],"picked":"Inflame","floor":34.0},{"not_picked":["Blood for Blood+1","Thunderclap+1"],"picked":"Flame Barrier","floor":34.0},{"not_picked":["Rupture","Second Wind"],"picked":"Shockwave","floor":34.0},{"not_picked":["Sever Soul+1","Dual Wield+1"],"picked":"Flex+1","floor":35.0},{"not_picked":["Pommel Strike+1","Sword Boomerang+1"],"picked":"Seeing Red","floor":38},{"not_picked":["Enlightenment","Madness"],"picked":"Impatience","floor":39},{"not_picked":["Clash+1","Wild Strike+1"],"picked":"Heavy Blade+1","floor":40},{"not_picked":["Entrench","Demon Form"],"picked":"Armaments+1","floor":44},{"not_picked":["Thunderclap+1","Heavy Blade+1","Flex"],"picked":"SKIP","floor":46},{"not_picked":["Warcry","Havoc"],"picked":"Shrug It Off","floor":48}],"player_experience":383978,"relics_obtained":[{"floor":3.0,"key":"Darkstone Periapt"},{"floor":9.0,"key":"Mercury Hourglass"},{"floor":12.0,"key":"Bronze Scales"},{"floor":23.0,"key":"Blue Candle"},{"floor":26.0,"key":"Mango"},{"floor":27.0,"key":"Peace Pipe"},{"floor":40,"key":"Orichalcum"},{"floor":43,"key":"Lantern"},{"floor":44,"key":"Regal Pillow"},{"floor":48,"key":"Champion Belt"}],"event_choices":[{"cards_removed":["Strike_R"],"damage_healed":0.0,"max_hp_gain":0.0,"max_hp_loss":0.0,"gold_gain":0.0,"event_name":"Golden Wing","player_choice":"Card Removal","floor":6.0,"gold_loss":0.0,"damage_taken":7.0},{"damage_healed":0.0,"max_hp_gain":0.0,"max_hp_loss":0.0,"gold_gain":0.0,"event_name":"Scrap Ooze","player_choice":"Success","floor":8.0,"gold_loss":0.0,"damage_taken":18.0,"relics_obtained":["Dead Branch"]},{"damage_healed":0.0,"max_hp_gain":0.0,"max_hp_loss":0.0,"gold_gain":0.0,"event_name":"Big Fish","player_choice":"Box","floor":14.0,"gold_loss":0.0,"damage_taken":0.0,"relics_obtained":["Happy Flower"],"cards_obtained":["Regret"]},{"damage_healed":0.0,"max_hp_gain":0.0,"max_hp_loss":0.0,"gold_gain":0.0,"event_name":"Colosseum","player_choice":"Fight","floor":19.0,"gold_loss":0.0,"damage_taken":0.0},{"damage_healed":0.0,"max_hp_gain":0.0,"max_hp_loss":0.0,"gold_gain":0.0,"event_name":"Colosseum","player_choice":"Fled From Nobs","floor":19.0,"gold_loss":0.0,"damage_taken":0.0},{"damage_healed":0.0,"max_hp_gain":0.0,"max_hp_loss":0.0,"gold_gain":0.0,"event_name":"Beggar","player_choice":"Ignored","floor":21.0,"gold_loss":0.0,"damage_taken":0.0},{"damage_healed":0.0,"max_hp_gain":0.0,"max_hp_loss":0.0,"gold_gain":0.0,"event_name":"WeMeetAgain","player_choice":"Gave Potion","floor":22.0,"gold_loss":0.0,"damage_taken":0.0,"relics_obtained":["Molten Egg 2"]},{"damage_healed":0,"gold_gain":0,"player_choice":"Ignored","damage_taken":0,"max_hp_gain":0,"max_hp_loss":0,"event_name":"Mysterious Sphere","floor":36,"gold_loss":0},{"damage_healed":0,"gold_gain":0,"player_choice":"Memory 1","damage_taken":0,"max_hp_gain":0,"max_hp_loss":0,"event_name":"SensoryStone","floor":39,"gold_loss":0},{"damage_healed":0,"gold_gain":0,"player_choice":"Embrace Madness","damage_taken":17,"max_hp_gain":0,"max_hp_loss":0,"event_name":"Winding Halls","floor":42,"gold_loss":0,"cards_obtained":["Madness","Madness"]},{"damage_healed":0,"gold_gain":0,"player_choice":"Fight","damage_taken":0,"max_hp_gain":0,"max_hp_loss":0,"event_name":"MindBloom","floor":48,"gold_loss":0}],"is_beta":true,"boss_relics":[{"not_picked":["Fusion Hammer","Tiny House"],"picked":"Sozu"},{"not_picked":["White Beast Statue","Black Star"],"picked":"Orrery"}],"items_purged_floors":[5,20,37,47],"is_endless":false,"potions_floor_spawned":[1,12,13,18,19,24,30,35,38,46,48],"ascension_level":20}