{"gold_per_floor":[114,134,146,163,163,163,189,189,189,189,189,38,69,34,34,108,108,121,121,121,131,131,157,157,191,237,249,292,304,327,254,266,278],"floor_reached":33,"playtime":1308,"items_purged":["Strike_R"],"score":618,"play_id":"7811672d-f258-4a49-bf6f-04bb0cc699d3","local_time":"20190114170620","is_ascension_mode":true,"campfire_choices":[{"data":"Perfected Strike","floor":6,"key":"SMITH"},{"data":"Bash","floor":8,"key":"SMITH"},{"floor":11,"key":"REST"},{"data":"Disarm","floor":15,"key":"SMITH"},{"floor":24,"key":"REST"},{"floor":27,"key":"REST"},{"floor":32,"key":"REST"}],"neow_cost":"NONE","seed_source_timestamp":671766989262473,"circlet_count":0,"master_deck":["AscendersBane","Strike_R","Defend_R+1","Defend_R","Defend_R+1","Defend_R","Bash+1","Iron Wave+1","Disarm+1","Anger+1","Perfected Strike+1","Spot Weakness","Metallicize","Offering","Immolate+1","True Grit+1","Flame Barrier+1","Whirlwind+1","RitualDagger","Power Through"],"relics":["Burning Blood","Strawberry","Vajra","Bag of Preparation","Darkstone Periapt","Astrolabe","Whetstone","Dodecahedron","MawBank","Omamori","Bag of Marbles"],"potions_floor_usage":[7,16,16,23,28],"damage_taken":[{"damage":16,"enemies":"Jaw Worm","floor":1,"turns":6},{"damage":5,"enemies":"2 Louse","floor":2,"turns":3},{"damage":10,"enemies":"Small Slimes","floor":3,"turns":5},{"damage":9,"enemies":"Blue Slaver","floor":4,"turns":5},{"damage":19,"enemies":"Lagavulin","floor":7,"turns":6},{"damage":21,"enemies":"Gremlin Nob","floor":13,"turns":4},{"damage":20,"enemies":"Slime Boss","floor":16,"turns":11},{"damage":31,"enemies":"3 Byrds","floor":18,"turns":5},{"damage":6,"enemies":"Spheric Guardian","floor":21,"turns":3},{"damage":38,"enemies":"Slavers","floor":23,"turns":3},{"damage":26,"enemies":"Gremlin Leader","floor":25,"turns":5},{"damage":34,"enemies":"Slavers","floor":28,"turns":2},{"damage":6,"enemies":"Snake Plant","floor":30,"turns":3},{"damage":43,"enemies":"Automaton","floor":33,"turns":6}],"seed_played":"-8396754511020001505","potions_obtained":[{"floor":2,"key":"Block Potion"},{"floor":4,"key":"GamblersBrew"},{"floor":7,"key":"SkillPotion"},{"floor":21,"key":"PowerPotion"},{"floor":23,"key":"Strength Potion"},{"floor":30,"key":"Fire Potion"}],"is_trial":false,"path_per_floor":["M","M","M","M","?","R","E","R","T","?","R","$","E","?","R","B",null,"M","$","?","M","?","E","R","E","T","R","E","?","M","?","R","B"],"character_chosen":"IRONCLAD","items_purchased":["Metallicize"],"campfire_rested":4,"item_purchase_floors":[12],"current_hp_per_floor":[65,66,62,59,59,59,46,46,46,21,45,45,30,50,50,36,71,46,46,46,46,40,8,32,12,12,36,8,8,8,8,32,0],"gold":278,"neow_bonus":"RANDOM_COMMON_RELIC","is_prod":false,"is_daily":false,"chose_seed":false,"campfire_upgraded":3,"win_rate":0,"timestamp":1547514380,"path_taken":["M","M","M","M","?","R","E","R","T","?","R","$","E","?","R","BOSS","M","$","?","?","?","E","R","E","T","R","E","?","M","?","R","BOSS"],"build_version":"2019-01-10","purchased_purges":1,"victory":false,"max_hp_per_floor":[82,82,82,82,82,82,82,82,82,82,82,82,82,82,82,82,82,82,82,82,82,82,82,82,82,82,82,82,82,82,82,82,82],"card_choices":[{"not_picked":["Twin Strike","Corruption"],"picked":"Iron Wave","floor":1},{"not_picked":["Rupture","Rage"],"picked":"Disarm","floor":2},{"not_picked":["Blood for Blood","Dual Wield"],"picked":"Anger","floor":3},{"not_picked":["Twin Strike","Wild Strike"],"picked":"Perfected Strike","floor":4},{"not_picked":["Ghostly Armor","Shrug It Off"],"picked":"Spot Weakness","floor":7},{"not_picked":["Twin Strike","Ghostly Armor"],"picked":"Offering","floor":13},{"not_picked":["Juggernaut","Dark Embrace"],"picked":"Immolate","floor":16},{"not_picked":["Anger","Sever Soul","Perfected Strike"],"picked":"SKIP","floor":18},{"not_picked":["Clash","Perfected Strike","Hemokinesis"],"picked":"SKIP","floor":21},{"not_picked":["Seeing Red","Searing Blow","Rampage"],"picked":"SKIP","floor":23},{"not_picked":["Sword Boomerang","Havoc","Twin Strike"],"picked":"SKIP","floor":25},{"not_picked":["Iron Wave","Thunderclap"],"picked":"Power Through","floor":28},{"not_picked":["Wild Strike","True Grit","Clothesline"],"picked":"SKIP","floor":30}],"player_experience":1188762,"relics_obtained":[{"floor":7,"key":"Vajra"},{"floor":9,"key":"Bag of Preparation"},{"floor":13,"key":"Darkstone Periapt"},{"floor":23,"key":"Whetstone"},{"floor":25,"key":"Dodecahedron"},{"floor":26,"key":"MawBank"},{"floor":28,"key":"Omamori"}],"event_choices":[{"damage_healed":0,"gold_gain":0,"player_choice":"Ignored","damage_taken":0,"max_hp_gain":0,"max_hp_loss":0,"event_name":"Liars Game","floor":5,"gold_loss":0},{"damage_healed":0,"gold_gain":0,"player_choice":"Entered Light","damage_taken":25,"max_hp_gain":0,"max_hp_loss":0,"event_name":"Shining Light","floor":10,"gold_loss":0,"cards_upgraded":["Defend_R","Defend_R"]},{"damage_healed":20,"gold_gain":0,"player_choice":"Healed","damage_taken":0,"max_hp_gain":0,"max_hp_loss":0,"event_name":"The Cleric","floor":14,"gold_loss":35},{"damage_healed":0,"gold_gain":0,"player_choice":"Upgraded","damage_taken":0,"max_hp_gain":0,"max_hp_loss":0,"event_name":"Upgrade Shrine","floor":20,"gold_loss":0,"cards_upgraded":["Immolate"]},{"damage_healed":0,"gold_gain":0,"player_choice":"Joined the Cult","damage_taken":6,"max_hp_gain":0,"max_hp_loss":0,"event_name":"Nest","floor":22,"gold_loss":0,"cards_obtained":["RitualDagger"]},{"damage_healed":0,"gold_gain":0,"player_choice":"Ignored","damage_taken":0,"max_hp_gain":0,"max_hp_loss":0,"event_name":"Cursed Tome","floor":29,"gold_loss":0},{"damage_healed":0,"gold_gain":0,"player_choice":"Obtained Relic","damage_taken":0,"relics_obtained":["Bag of Marbles"],"max_hp_gain":0,"max_hp_loss":0,"event_name":"Addict","floor":31,"gold_loss":85}],"is_beta":true,"boss_relics":[{"not_picked":["White Beast Statue","Eternal Feather"],"picked":"Astrolabe"}],"items_purged_floors":[12],"is_endless":false,"potions_floor_spawned":[2,4,7,21,23,30],"killed_by":"Automaton","ascension_level":20}