{"gold_per_floor":[219,237,257,0,19,47,47,76,76,76],"floor_reached":10,"playtime":676,"items_purged":[],"score":148,"play_id":"9eddc947-547c-423f-9373-fbbf3361fb27","local_time":"20190913215128","is_ascension_mode":true,"campfire_choices":[{"data":"Whirlwind","floor":7,"key":"SMITH"}],"neow_cost":"NONE","seed_source_timestamp":1762317836985900,"circlet_count":0,"master_deck":["AscendersBane","Strike_R","Strike_R","Strike_R","Strike_R","Strike_R","Defend_R","Defend_R","Defend_R","Defend_R","Bash","Power Through","Iron Wave","Rampage","Fire Breathing","Shrug It Off","Whirlwind+1","Headbutt","Inflame"],"relics":["Burning Blood","Boot","White Beast Statue","Gremlin Horn","StoneCalendar"],"potions_floor_usage":[8,8],"damage_taken":[{"damage":6,"enemies":"Cultist","floor":1,"turns":3},{"damage":0,"enemies":"Small Slimes","floor":2,"turns":5},{"damage":0,"enemies":"2 Louse","floor":3,"turns":4},{"damage":9,"enemies":"Looter","floor":5,"turns":5},{"damage":48,"enemies":"Gremlin Nob","floor":6,"turns":6},{"damage":28,"enemies":"Lagavulin","floor":8,"turns":8},{"damage":8,"enemies":"Blue Slaver","floor":10,"turns":1}],"seed_played":"1346483849406118890","potions_obtained":[{"floor":1,"key":"SkillPotion"},{"floor":3,"key":"Dexterity Potion"},{"floor":8,"key":"Fire Potion"}],"is_trial":false,"path_per_floor":["M","M","M","$","M","E","R","E","T","M"],"character_chosen":"IRONCLAD","items_purchased":["Fire Breathing","Boot","Shrug It Off"],"campfire_rested":0,"item_purchase_floors":[4,4,4],"current_hp_per_floor":[68,74,75,75,72,30,30,8,8,0],"gold":76,"neow_bonus":"HUNDRED_GOLD","is_prod":false,"is_daily":false,"chose_seed":false,"campfire_upgraded":1,"win_rate":0,"timestamp":1568436688,"path_taken":["M","M","M","$","M","E","R","E","T","M"],"build_version":"2019-09-12","purchased_purges":0,"victory":false,"max_hp_per_floor":[75,75,75,75,75,75,75,75,75,75],"card_choices":[{"not_picked":["Seeing Red","Havoc"],"picked":"Power Through","floor":1},{"not_picked":["Dropkick","Shrug It Off"],"picked":"Iron Wave","floor":2},{"not_picked":["Warcry","Clothesline"],"picked":"Rampage","floor":3},{"not_picked":["Seeing Red","Flex"],"picked":"Whirlwind","floor":5},{"not_picked":["Shrug It Off","Corruption"],"picked":"Headbutt","floor":6},{"not_picked":["Perfected Strike","Seeing Red"],"picked":"Inflame","floor":8}],"player_experience":1421232,"relics_obtained":[{"floor":6,"key":"White Beast Statue"},{"floor":8,"key":"Gremlin Horn"},{"floor":9,"key":"StoneCalendar"}],"event_choices":[],"is_beta":true,"boss_relics":[],"items_purged_floors":[],"is_endless":false,"potions_floor_spawned":[1,3,8],"killed_by":"Blue Slaver","ascension_level":18}