{"gold_per_floor":[112,112,262,262,282,282,314,314,395,425,14,0,12,44,44,121,121,133,133,133,149,21,21,34,34,110,135,135,60,93,113,113,113],"floor_reached":33,"playtime":1437,"items_purged":[],"score":698,"play_id":"58ae775a-b61d-44a6-8b17-5117ba64acc3","local_time":"20190225051130","is_ascension_mode":true,"campfire_choices":[{"data":"Neutralize","floor":6.0,"key":"SMITH"},{"data":"Corpse Explosion","floor":8.0,"key":"SMITH"},{"data":"Catalyst","floor":15.0,"key":"SMITH"},{"data":"Chrysalis","floor":23.0,"key":"SMITH"},{"data":"Venomology","floor":25,"key":"SMITH"},{"data":"Noxious Fumes","floor":28,"key":"SMITH"},{"floor":32,"key":"REST"}],"neow_cost":"NONE","seed_source_timestamp":749197911328800,"circlet_count":0,"master_deck":["AscendersBane","Defend_G","Defend_G","Defend_G","Defend_G","Defend_G","Strike_G","Strike_G","Strike_G","Survivor","Neutralize+1","Riddle With Holes","Blur","Corpse Explosion+1","Escape Plan","Chrysalis+1","Blur","Catalyst+1","Thinking Ahead","Poisoned Stab","Venomology+1","Noxious Fumes+1","Bouncing Flask+1","Backflip","Backflip","Poisoned Stab+1","Die Die Die","Footwork"],"special_seed":0,"relics":["Ring of the Snake","NeowsBlessing","Strawberry","The Courier","Sundial","Bag of Marbles","Eternal Feather","PreservedInsect","Bottled Flame","Ancient Tea Set","Bottled Tornado"],"potions_floor_usage":[24,24,27,30,30,33,33],"damage_taken":[{"damage":0.0,"enemies":"Cultist","floor":1.0,"turns":1.0},{"damage":0.0,"enemies":"Small Slimes","floor":5.0,"turns":1.0},{"damage":0.0,"enemies":"Lagavulin","floor":7.0,"turns":1.0},{"damage":25.0,"enemies":"Gremlin Nob","floor":10.0,"turns":4.0},{"damage":0.0,"enemies":"2 Louse","floor":13.0,"turns":2.0},{"damage":7.0,"enemies":"3 Sentries","floor":14.0,"turns":2.0},{"damage":20.0,"enemies":"The Guardian","floor":16.0,"turns":8.0},{"damage":8.0,"enemies":"Spheric Guardian","floor":18.0,"turns":5.0},{"damage":0.0,"enemies":"2 Thieves","floor":21.0,"turns":1.0},{"damage":26,"enemies":"Sentry and Sphere","floor":24,"turns":5},{"damage":19,"enemies":"Slavers","floor":27,"turns":3},{"damage":41,"enemies":"Book of Stabbing","floor":30,"turns":4},{"damage":11,"enemies":"3 Cultists","floor":31,"turns":3},{"damage":54,"enemies":"Champ","floor":33,"turns":7}],"seed_played":"5901535543644971567","potions_obtained":[{"floor":1.0,"key":"Weak Potion"},{"floor":10.0,"key":"Strength Potion"},{"floor":18.0,"key":"Swift Potion"},{"floor":24,"key":"Regen Potion"}],"is_trial":false,"path_per_floor":["M","?","?","?","M","R","E","R","T","E","$","?","M","E","R","B",null,"M","?","?","M","$","R","M","R","T","E","R","?","E","M","R","B"],"character_chosen":"THE_SILENT","items_purchased":["Chrysalis","Blur","Catalyst","Thinking Ahead","PreservedInsect"],"campfire_rested":1,"item_purchase_floors":[11,11,11,11,22],"current_hp_per_floor":[59,52,52,52,52,52,59,59,59,34,34,34,34,27,27,7,57,49,49,49,49,49,64,38,53,53,34,49,49,22,11,47,0],"gold":113,"neow_bonus":"THREE_ENEMY_KILL","is_prod":false,"is_daily":false,"chose_seed":false,"campfire_upgraded":6,"win_rate":0,"timestamp":1551100290,"path_taken":["M","?","?","?","?","R","E","R","T","E","$","?","M","E","R","BOSS","M","?","?","?","$","R","M","R","T","E","R","?","E","M","R","BOSS"],"build_version":"2019-02-06","purchased_purges":0,"victory":false,"max_hp_per_floor":[66,66,66,66,66,66,73,73,73,73,73,73,73,73,73,73,73,73,73,73,73,73,73,73,73,73,73,73,73,73,73,73,73],"card_choices":[{"not_picked":["Reflex","Noxious Fumes"],"picked":"Riddle With Holes","floor":1.0},{"not_picked":["PiercingWail","Underhanded Strike"],"picked":"Blur","floor":5.0},{"not_picked":["Malaise","Bouncing Flask"],"picked":"Corpse Explosion","floor":7.0},{"not_picked":["Deadly Poison","Cloak And Dagger"],"picked":"Escape Plan","floor":10.0},{"not_picked":["Underhanded Strike","Heel Hook","Dagger Spray"],"picked":"SKIP","floor":13.0},{"not_picked":["Cloak And Dagger","Skewer"],"picked":"Poisoned Stab","floor":14.0},{"not_picked":["Grand Finale","Doppelganger"],"picked":"Venomology","floor":16.0},{"not_picked":["Prepared","Acrobatics"],"picked":"Noxious Fumes","floor":18.0},{"not_picked":["Distraction","Outmaneuver"],"picked":"Backflip","floor":21.0},{"not_picked":["Endless Agony","Cloak And Dagger"],"picked":"Backflip","floor":24},{"not_picked":["Predator","Heel Hook"],"picked":"Poisoned Stab+1","floor":27},{"not_picked":["Masterful Stab","Infinite Blades"],"picked":"Die Die Die","floor":30},{"not_picked":["Cloak And Dagger","Quick Slash"],"picked":"Footwork","floor":31}],"player_experience":3316495,"relics_obtained":[{"floor":7.0,"key":"Strawberry"},{"floor":9.0,"key":"The Courier"},{"floor":10.0,"key":"Sundial"},{"floor":14.0,"key":"Bag of Marbles"},{"floor":26,"key":"Bottled Flame"},{"floor":27,"key":"Ancient Tea Set"},{"floor":30,"key":"Bottled Tornado"}],"event_choices":[{"cards_removed":["Strike_G"],"damage_healed":0.0,"max_hp_gain":0.0,"max_hp_loss":0.0,"gold_gain":0.0,"event_name":"Golden Wing","player_choice":"Card Removal","floor":2.0,"gold_loss":0.0,"damage_taken":7.0},{"damage_healed":0.0,"max_hp_gain":0.0,"max_hp_loss":0.0,"gold_gain":150.0,"event_name":"Liars Game","player_choice":"AGREE","floor":3.0,"gold_loss":0.0,"damage_taken":0.0,"cards_obtained":["Doubt"]},{"cards_removed":["Doubt"],"damage_healed":0.0,"max_hp_gain":0.0,"max_hp_loss":0.0,"gold_gain":0.0,"event_name":"Fountain of Cleansing","player_choice":"Removed Curses","floor":4.0,"gold_loss":0.0,"damage_taken":0.0},{"damage_healed":0.0,"max_hp_gain":0.0,"max_hp_loss":0.0,"gold_gain":0.0,"event_name":"World of Goop","player_choice":"Left Gold","floor":12.0,"gold_loss":14.0,"damage_taken":0.0},{"damage_healed":0.0,"max_hp_gain":0.0,"max_hp_loss":0.0,"gold_gain":0.0,"event_name":"The Library","player_choice":"Read","floor":19.0,"gold_loss":0.0,"damage_taken":0.0,"cards_obtained":["Bouncing Flask"]},{"damage_healed":0.0,"max_hp_gain":0.0,"max_hp_loss":0.0,"gold_gain":0.0,"event_name":"Upgrade Shrine","player_choice":"Upgraded","floor":20.0,"gold_loss":0.0,"damage_taken":0.0,"cards_upgraded":["Bouncing Flask"]},{"cards_removed":["Strike_G"],"damage_healed":0,"gold_gain":0,"player_choice":"Gave Gold","damage_taken":0,"max_hp_gain":0,"max_hp_loss":0,"event_name":"Beggar","floor":29,"gold_loss":75}],"is_beta":true,"boss_relics":[{"not_picked":["Tiny House","Philosopher\u0027s Stone"],"picked":"Eternal Feather"}],"items_purged_floors":[],"is_endless":false,"potions_floor_spawned":[1,10,14,18,24],"killed_by":"Champ","ascension_level":20}