{"gold_per_floor":[118,129,142,3,3,3,29,29,103,131,181,181,181,206,206,284,284,304,39,39,51,69,69,84,84,109,109,109],"floor_reached":28,"playtime":1129,"items_purged":["Parasite"],"score":448,"play_id":"01a15115-dcc3-4d44-85c9-71d42b6e0f87","local_time":"20190326041510","is_ascension_mode":true,"campfire_choices":[{"data":"Bash","floor":6,"key":"SMITH"},{"floor":8,"key":"REST"},{"floor":15,"key":"REST"},{"data":"Rampage","floor":23,"key":"SMITH"},{"data":"Shrug It Off","floor":25,"key":"SMITH"},{"data":"Reaper","floor":27,"key":"SMITH"}],"neow_cost":"NONE","seed_source_timestamp":172939797377319,"circlet_count":0,"master_deck":["AscendersBane","Strike_R","Strike_R","Strike_R","Strike_R","Strike_R","Defend_R","Defend_R","Defend_R","Defend_R","Bash+1","Shrug It Off+1","Rampage+1","Sword Boomerang","Disarm+1","Havoc","Reaper+1","Headbutt","Mayhem","Headbutt","Battle Trance+1"],"relics":["Burning Blood","Red Skull","Pear","Blood Vial","Juzu Bracelet","Centennial Puzzle","Smiling Mask","Snecko Eye","Paper Frog","War Paint"],"potions_floor_usage":[7,10,18,22,24],"damage_taken":[{"damage":9,"enemies":"Jaw Worm","floor":1,"turns":4},{"damage":10,"enemies":"2 Louse","floor":2,"turns":3},{"damage":1,"enemies":"Small Slimes","floor":3,"turns":5},{"damage":52,"enemies":"3 Sentries","floor":7,"turns":10},{"damage":28,"enemies":"Lagavulin","floor":10,"turns":7},{"damage":51,"enemies":"The Guardian","floor":16,"turns":13},{"damage":62,"enemies":"2 Thieves","floor":18,"turns":4},{"damage":20,"enemies":"Shell Parasite","floor":21,"turns":3},{"damage":9,"enemies":"Centurion and Healer","floor":22,"turns":3},{"damage":12,"enemies":"Snake Plant","floor":24,"turns":3},{"damage":57,"enemies":"Book of Stabbing","floor":28,"turns":6}],"seed_played":"-8456053496400569846","potions_obtained":[{"floor":2,"key":"Fire Potion"},{"floor":16,"key":"GamblersBrew"},{"floor":21,"key":"Explosive Potion"},{"floor":22,"key":"Block Potion"}],"is_trial":false,"path_per_floor":["M","M","M","$","?","R","E","R","T","E","T","?","?","T","R","B",null,"M","$","T","M","M","R","M","R","T","R","E"],"character_chosen":"IRONCLAD","items_purchased":["Disarm","Poison Potion","Mayhem"],"campfire_rested":2,"item_purchase_floors":[4,4,19],"current_hp_per_floor":[72,68,73,73,73,73,27,51,61,39,39,28,51,51,78,35,78,32,32,32,27,40,40,45,45,45,45,0],"gold":109,"neow_bonus":"TEN_PERCENT_HP_BONUS","is_prod":false,"is_daily":false,"chose_seed":false,"campfire_upgraded":4,"win_rate":0,"timestamp":1553570110,"path_taken":["M","M","M","$","?","R","E","R","T","E","?","?","?","?","R","BOSS","M","$","?","M","M","R","M","R","T","R","E"],"build_version":"2019-03-15","purchased_purges":1,"victory":false,"max_hp_per_floor":[82,82,82,82,82,82,82,82,92,92,92,92,92,92,92,92,92,92,89,89,89,89,89,89,89,89,89,89],"card_choices":[{"not_picked":["Body Slam","Cleave"],"picked":"Shrug It Off","floor":1},{"not_picked":["Bloodletting","Havoc"],"picked":"Rampage","floor":2},{"not_picked":["Twin Strike","Flex"],"picked":"Sword Boomerang","floor":3},{"not_picked":["Entrench","Pummel"],"picked":"Havoc","floor":7},{"not_picked":["Havoc","Rage","Sword Boomerang"],"picked":"SKIP","floor":10},{"not_picked":["Brutality","Limit Break"],"picked":"Reaper","floor":16},{"not_picked":["Sentinel","Thunderclap"],"picked":"Headbutt","floor":18},{"not_picked":["Wild Strike","Fire Breathing"],"picked":"Headbutt","floor":21},{"not_picked":["Headbutt","Ghostly Armor"],"picked":"Battle Trance","floor":22},{"not_picked":["Havoc","True Grit","Anger"],"picked":"SKIP","floor":24}],"player_experience":378167,"relics_obtained":[{"floor":7,"key":"Red Skull"},{"floor":9,"key":"Pear"},{"floor":10,"key":"Blood Vial"},{"floor":11,"key":"Juzu Bracelet"},{"floor":14,"key":"Smiling Mask"},{"floor":20,"key":"Paper Frog"},{"floor":26,"key":"War Paint"}],"event_choices":[{"damage_healed":0,"gold_gain":0,"player_choice":"Ignored","damage_taken":0,"max_hp_gain":0,"max_hp_loss":0,"event_name":"Liars Game","floor":5,"gold_loss":0},{"damage_healed":0,"gold_gain":0,"player_choice":"Success","damage_taken":11,"relics_obtained":["Centennial Puzzle"],"max_hp_gain":0,"max_hp_loss":0,"event_name":"Scrap Ooze","floor":12,"gold_loss":0},{"damage_healed":23,"gold_gain":0,"player_choice":"Healed and dodged fight","damage_taken":0,"max_hp_gain":0,"max_hp_loss":0,"event_name":"Mushrooms","floor":13,"gold_loss":0,"cards_obtained":["Parasite"]}],"is_beta":true,"boss_relics":[{"not_picked":["Black Star","Coffee Dripper"],"picked":"Snecko Eye"}],"items_purged_floors":[19],"is_endless":false,"potions_floor_spawned":[2,16,21,22],"killed_by":"Book of Stabbing","ascension_level":20}