{"gold_per_floor":[415,415,434,82,82,117,131,131,199,214,230,230,255,272,272,343,343,357,372,383,397,407,407,33,33,86,86,104,104,121,156,156,227,227,240,340,340,354,367,367,392,392,392,392,54,54,82,82,82,82,82],"floor_reached":52,"playtime":3677,"items_purged":["Normality","Pain","Strike_B"],"score":2234,"play_id":"7867c4f2-7fa1-4ced-8f0c-a0a98748de03","local_time":"20190806022138","is_ascension_mode":true,"campfire_choices":[{"data":"Zap","floor":8.0,"key":"SMITH"},{"floor":12.0,"key":"REST"},{"data":"Redo","floor":15.0,"key":"SMITH"},{"data":"Consume","floor":23.0,"key":"SMITH"},{"floor":25.0,"key":"REST"},{"floor":27.0,"key":"REST"},{"data":"Redo","floor":29.0,"key":"SMITH"},{"data":"Barrage","floor":32.0,"key":"SMITH"},{"data":"Seek","floor":40.0,"key":"SMITH"},{"floor":42.0,"key":"REST"},{"data":"Go for the Eyes","floor":44.0,"key":"SMITH"},{"floor":49.0,"key":"REST"}],"neow_cost":"CURSE","seed_source_timestamp":3717568639803400,"circlet_count":0,"master_deck":["AscendersBane","Strike_B","Strike_B","Strike_B","Defend_B+1","Defend_B","Defend_B+1","Defend_B","Zap+1","Dualcast","Genetic Algorithm","Melter","Auto Shields","Consume+1","Seek+1","Coolheaded","Capacitor+1","Defragment+1","Redo+1","Electrodynamics+1","Cold Snap+1","Redo+1","Stack+1","Cold Snap+1","Buffer+1","Steam+1","Barrage+1","Static Discharge+1","Echo Form+1","Go for the Eyes+1","FTL+1","Go for the Eyes+1","Chill+1","Coolheaded+1","Trip"],"special_seed":0,"relics":["Cracked Core","Old Coin","Strawberry","WarpedTongs","Anchor","Frozen Egg 2","Blue Candle","Inserter","Mummified Hand","Regal Pillow","WingedGreaves","Velvet Choker","StoneCalendar","Boot","Smiling Mask","Kunai","Bag of Preparation"],"potions_floor_usage":[],"damage_taken":[{"damage":7.0,"enemies":"Cultist","floor":1.0,"turns":4.0},{"damage":4.0,"enemies":"Jaw Worm","floor":3.0,"turns":4.0},{"damage":13.0,"enemies":"Lagavulin","floor":6.0,"turns":6.0},{"damage":4.0,"enemies":"2 Louse","floor":7.0,"turns":2.0},{"damage":3.0,"enemies":"Large Slime","floor":10.0,"turns":4.0},{"damage":7.0,"enemies":"Gremlin Gang","floor":11.0,"turns":7.0},{"damage":9.0,"enemies":"Gremlin Nob","floor":13.0,"turns":4.0},{"damage":2.0,"enemies":"Looter","floor":14.0,"turns":4.0},{"damage":1.0,"enemies":"The Guardian","floor":16.0,"turns":8.0},{"damage":8.0,"enemies":"Chosen","floor":18.0,"turns":4.0},{"damage":3.0,"enemies":"Spheric Guardian","floor":19.0,"turns":3.0},{"damage":9.0,"enemies":"3 Cultists","floor":20.0,"turns":3.0},{"damage":7.0,"enemies":"Snecko","floor":21.0,"turns":5.0},{"damage":24.0,"enemies":"Cultist and Chosen","floor":22.0,"turns":7.0},{"damage":0.0,"enemies":"Sentry and Sphere","floor":28.0,"turns":3.0},{"damage":0.0,"enemies":"Snake Plant","floor":30.0,"turns":3.0},{"damage":13.0,"enemies":"Book of Stabbing","floor":31.0,"turns":6.0},{"damage":0.0,"enemies":"Collector","floor":33.0,"turns":8.0},{"damage":10.0,"enemies":"Orb Walker","floor":35.0,"turns":4.0},{"damage":0.0,"enemies":"Mind Bloom Boss Battle","floor":36.0,"turns":4.0},{"damage":0.0,"enemies":"3 Darklings","floor":38.0,"turns":2.0},{"damage":18.0,"enemies":"Spire Growth","floor":39.0,"turns":7.0},{"damage":34.0,"enemies":"Reptomancer","floor":41.0,"turns":6.0},{"damage":14.0,"enemies":"Nemesis","floor":47.0,"turns":7.0},{"damage":20.0,"enemies":"Awakened One","floor":50.0,"turns":15.0},{"damage":0,"enemies":"Donu and Deca","floor":51,"turns":13}],"seed_played":"8627421604473170442","potions_obtained":[{"floor":3.0,"key":"Poison Potion"},{"floor":6.0,"key":"Block Potion"},{"floor":7.0,"key":"Explosive Potion"},{"floor":11.0,"key":"PowerPotion"},{"floor":13.0,"key":"FearPotion"},{"floor":16.0,"key":"LiquidBronze"},{"floor":18.0,"key":"SkillPotion"},{"floor":21.0,"key":"SteroidPotion"},{"floor":28.0,"key":"Energy Potion"},{"floor":31.0,"key":"SpeedPotion"},{"floor":33.0,"key":"SpeedPotion"},{"floor":36.0,"key":"Dexterity Potion"},{"floor":47.0,"key":"GamblersBrew"}],"is_trial":false,"path_per_floor":["M","?","M","$","?","E","M","R","T","M","M","R","E","M","R","B",null,"M","M","M","M","M","R","$","R","T","R","M","R","M","E","R","B",null,"M","?","?","M","M","R","E","R","T","R","$","?","E","?","R","B","B",null],"character_chosen":"DEFECT","items_purchased":["Auto Shields","Consume","Strawberry","Mummified Hand","Kunai"],"campfire_rested":5,"item_purchase_floors":[4,4,4,24,45],"current_hp_per_floor":[57,36,32,39,39,26,22,22,22,19,12,35,26,24,24,23,64,56,53,44,37,13,13,13,36,36,74,74,74,74,61,61,61,74,64,64,64,64,46,46,12,50,50,50,50,50,36,36,73,53,53],"gold":82,"neow_bonus":"ONE_RARE_RELIC","is_prod":false,"is_daily":false,"chose_seed":false,"campfire_upgraded":7,"win_rate":0,"timestamp":1565083298,"path_taken":["M","?","M","$","?","E","M","R","T","M","M","R","E","M","R","BOSS","M","M","?","M","M","R","?","R","T","R","M","R","M","E","R","BOSS","M","?","?","M","?","R","E","R","T","R","$","?","E","?","R","BOSS","BOSS"],"build_version":"2019-07-18","purchased_purges":3,"victory":true,"max_hp_per_floor":[71,71,71,78,78,78,78,78,78,78,78,78,78,78,78,78,78,78,78,78,78,78,78,78,78,78,78,78,78,78,78,78,78,78,78,78,78,78,78,78,78,78,78,78,78,74,74,74,74,74,74],"card_choices":[{"not_picked":["Auto Shields","Undo"],"picked":"Genetic Algorithm","floor":1.0},{"not_picked":["Genetic Algorithm","Turbo"],"picked":"Melter","floor":3.0},{"not_picked":["Static Discharge","White Noise"],"picked":"Seek","floor":6.0},{"not_picked":["Barrage","Turbo"],"picked":"Coolheaded","floor":7.0},{"not_picked":["Stack","Cold Snap"],"picked":"Capacitor+1","floor":10.0},{"not_picked":["Rebound","Conserve Battery"],"picked":"Defragment+1","floor":11.0},{"not_picked":["Amplify","BootSequence"],"picked":"Redo","floor":13.0},{"not_picked":["Hello World+1","Turbo","Sunder"],"picked":"SKIP","floor":14.0},{"not_picked":["Meteor Strike","Echo Form+1"],"picked":"Electrodynamics+1","floor":16.0},{"not_picked":["Stack","Barrage"],"picked":"Cold Snap+1","floor":18.0},{"not_picked":["Leap","Conserve Battery"],"picked":"Redo","floor":19.0},{"not_picked":["Beam Cell","Barrage"],"picked":"Stack+1","floor":20.0},{"not_picked":["Doom and Gloom","Sweeping Beam"],"picked":"Cold Snap+1","floor":21.0},{"not_picked":["Steam","Hologram"],"picked":"Buffer+1","floor":22.0},{"not_picked":["Stack","Turbo"],"picked":"Steam+1","floor":28.0},{"not_picked":["Recycle+1","Undo"],"picked":"Barrage","floor":30.0},{"not_picked":["Fusion","Leap"],"picked":"Static Discharge+1","floor":31.0},{"not_picked":["Biased Cognition+1","Buffer+1"],"picked":"Echo Form+1","floor":33.0},{"not_picked":["Gash","Leap"],"picked":"Go for the Eyes","floor":35.0},{"not_picked":["Streamline","Capacitor+1"],"picked":"FTL+1","floor":36.0},{"not_picked":["Rebound","Steam","Go for the Eyes"],"picked":"SKIP","floor":38.0},{"not_picked":["Stack","Leap+1"],"picked":"Go for the Eyes+1","floor":39.0},{"not_picked":["Sweeping Beam","Core Surge"],"picked":"Chill+1","floor":41.0},{"not_picked":["Aggregate","Fusion+1"],"picked":"Coolheaded+1","floor":47.0},{"not_picked":["Swift Strike","Finesse"],"picked":"Trip","floor":48.0}],"player_experience":3514422,"relics_obtained":[{"floor":6.0,"key":"Anchor"},{"floor":9.0,"key":"Frozen Egg 2"},{"floor":13.0,"key":"Blue Candle"},{"floor":26.0,"key":"Regal Pillow"},{"floor":31.0,"key":"WingedGreaves"},{"floor":36.0,"key":"StoneCalendar"},{"floor":41.0,"key":"Boot"},{"floor":43.0,"key":"Smiling Mask"},{"floor":47.0,"key":"Bag of Preparation"}],"event_choices":[{"damage_healed":0.0,"max_hp_gain":0.0,"max_hp_loss":0.0,"gold_gain":0.0,"event_name":"Shining Light","player_choice":"Entered Light","floor":2.0,"gold_loss":0.0,"damage_taken":21.0,"cards_upgraded":["Defend_B","Defend_B"]},{"damage_healed":0.0,"max_hp_gain":0.0,"max_hp_loss":0.0,"gold_gain":0.0,"event_name":"Accursed Blacksmith","player_choice":"Rummage","floor":5.0,"gold_loss":0.0,"damage_taken":0.0,"relics_obtained":["WarpedTongs"],"cards_obtained":["Pain"]},{"damage_healed":0.0,"max_hp_gain":0.0,"max_hp_loss":0.0,"gold_gain":0.0,"event_name":"MindBloom","player_choice":"Fight","floor":36.0,"gold_loss":0.0,"damage_taken":0.0},{"damage_healed":0.0,"max_hp_gain":0.0,"max_hp_loss":0.0,"gold_gain":0.0,"event_name":"SecretPortal","player_choice":"Ignored","floor":37.0,"gold_loss":0.0,"damage_taken":0.0},{"damage_healed":0.0,"max_hp_gain":0.0,"max_hp_loss":4.0,"gold_gain":0.0,"event_name":"Winding Halls","player_choice":"Max HP","floor":46.0,"gold_loss":0.0,"damage_taken":0.0},{"damage_healed":0.0,"max_hp_gain":0.0,"max_hp_loss":0.0,"gold_gain":0.0,"event_name":"SensoryStone","player_choice":"Memory 1","floor":48.0,"gold_loss":0.0,"damage_taken":0.0}],"is_beta":true,"boss_relics":[{"not_picked":["Philosopher\u0027s Stone","Black Star"],"picked":"Inserter"},{"not_picked":["Snecko Eye","Empty Cage"],"picked":"Velvet Choker"}],"items_purged_floors":[4,24,45],"is_endless":false,"potions_floor_spawned":[3,6,7,11,13,16,18,21,28,30,31,33,36,38,47],"ascension_level":20}