{"gold_per_floor":[117,130,148,298,16,16,51,51,51,115,115,125,135,135,135,135],"floor_reached":16,"playtime":648,"items_purged":["Doubt"],"score":220,"play_id":"41496db3-70e2-4c30-8162-1bed71914bbe","local_time":"20190114020434","is_ascension_mode":true,"campfire_choices":[{"data":"Limit Break","floor":6,"key":"SMITH"},{"floor":8,"key":"REST"},{"floor":11,"key":"REST"},{"data":"Panacea","floor":15,"key":"SMITH"}],"neow_cost":"NONE","seed_source_timestamp":618321256275455,"circlet_count":0,"master_deck":["AscendersBane","Strike_R","Strike_R","Strike_R","Strike_R","Strike_R","Defend_R","Defend_R","Defend_R","Defend_R","Bash","Panacea+1","Flex+1","Clothesline","Battle Trance","Limit Break+1","Sword Boomerang","Shockwave","Feed","Heavy Blade"],"relics":["Burning Blood","Mercury Hourglass","Juzu Bracelet","Tiny Chest"],"potions_floor_usage":[16,16],"damage_taken":[{"damage":3,"enemies":"2 Louse","floor":1,"turns":4},{"damage":12,"enemies":"Small Slimes","floor":2,"turns":4},{"damage":0,"enemies":"Cultist","floor":3,"turns":3},{"damage":50,"enemies":"3 Sentries","floor":7,"turns":10},{"damage":36,"enemies":"Gremlin Nob","floor":10,"turns":4},{"damage":12,"enemies":"2 Fungi Beasts","floor":12,"turns":3},{"damage":14,"enemies":"Red Slaver","floor":13,"turns":5},{"damage":36,"enemies":"Slime Boss","floor":16,"turns":9}],"seed_played":"-7367620375110064331","potions_obtained":[{"floor":1,"key":"Explosive Potion"},{"floor":10,"key":"Dexterity Potion"}],"is_trial":false,"path_per_floor":["M","M","M","?","$","R","E","R","T","E","R","M","M","?","R","B"],"character_chosen":"IRONCLAD","items_purchased":["Limit Break","Sword Boomerang"],"campfire_rested":2,"item_purchase_floors":[5,5],"current_hp_per_floor":[71,65,71,71,71,71,27,49,49,19,41,35,27,27,27,0],"gold":135,"neow_bonus":"RANDOM_COLORLESS","is_prod":false,"is_daily":false,"chose_seed":false,"campfire_upgraded":2,"win_rate":0,"timestamp":1547460274,"path_taken":["M","M","M","?","$","R","E","R","T","E","R","M","M","?","R","BOSS"],"build_version":"2019-01-10","purchased_purges":1,"victory":false,"max_hp_per_floor":[75,75,75,75,75,75,75,75,75,75,75,75,75,75,75,78],"card_choices":[{"not_picked":["Pommel Strike","Sword Boomerang"],"picked":"Flex","floor":1},{"not_picked":["Bloodletting","Twin Strike"],"picked":"Clothesline","floor":2},{"not_picked":["Warcry","Headbutt"],"picked":"Battle Trance","floor":3},{"not_picked":["Clothesline","Warcry"],"picked":"Shockwave","floor":7},{"not_picked":["Pommel Strike","Twin Strike","Entrench"],"picked":"SKIP","floor":10},{"not_picked":["Clash","Metallicize"],"picked":"Feed","floor":12},{"not_picked":["Uppercut","Body Slam"],"picked":"Heavy Blade","floor":13}],"player_experience":1181796,"relics_obtained":[{"floor":7,"key":"Mercury Hourglass"},{"floor":9,"key":"Juzu Bracelet"},{"floor":10,"key":"Tiny Chest"}],"event_choices":[{"damage_healed":0,"gold_gain":150,"player_choice":"AGREE","damage_taken":0,"max_hp_gain":0,"max_hp_loss":0,"event_name":"Liars Game","floor":4,"gold_loss":0,"cards_obtained":["Doubt"]},{"damage_healed":0,"gold_gain":0,"player_choice":"Forge","damage_taken":0,"max_hp_gain":0,"max_hp_loss":0,"event_name":"Accursed Blacksmith","floor":14,"gold_loss":0,"cards_upgraded":["Flex"]}],"is_beta":true,"boss_relics":[],"items_purged_floors":[5],"is_endless":false,"potions_floor_spawned":[1,10,12],"killed_by":"Slime Boss","ascension_level":20}