{"gold_per_floor":[114,131,149,149,44,69,82,82,82,157,157,183,183,195,195,272,272,292,303,313,313,328,328],"floor_reached":23,"playtime":996,"items_purged":["Strike_B"],"score":406,"play_id":"ae974dc9-456c-4ed8-94cd-c3b70761a685","local_time":"20181225142131","is_ascension_mode":true,"campfire_choices":[{"floor":8,"key":"REST"},{"floor":13,"key":"REST"},{"data":"Hologram","floor":15,"key":"SMITH"}],"neow_cost":"NONE","seed_source_timestamp":8251680245718038,"circlet_count":0,"master_deck":["AscendersBane","Strike_B","Strike_B","Defend_B","Defend_B","Defend_B","Defend_B","Zap+1","Dualcast","Hologram+1","FTL","Sunder+1","Ball Lightning","Coolheaded","Electrodynamics","Auto Shields","Melter","Go for the Eyes","Machine Learning","Conserve Battery","Compile Driver","Genetic Algorithm"],"relics":["Cracked Core","Bronze Scales","Mercury Hourglass","Girya","Sozu"],"potions_floor_usage":[6,6,23],"damage_taken":[{"damage":7,"enemies":"Jaw Worm","floor":1,"turns":4},{"damage":7,"enemies":"Small Slimes","floor":2,"turns":4},{"damage":9,"enemies":"2 Louse","floor":3,"turns":2},{"damage":15,"enemies":"Lagavulin","floor":6,"turns":3},{"damage":6,"enemies":"Red Slaver","floor":7,"turns":3},{"damage":15,"enemies":"3 Sentries","floor":12,"turns":3},{"damage":2,"enemies":"Gremlin Gang","floor":14,"turns":3},{"damage":16,"enemies":"The Guardian","floor":16,"turns":10},{"damage":0,"enemies":"Spheric Guardian","floor":18,"turns":1},{"damage":0,"enemies":"Chosen","floor":19,"turns":3},{"damage":11,"enemies":"Centurion and Healer","floor":20,"turns":5},{"damage":17,"enemies":"Shelled Parasite and Fungi","floor":22,"turns":4},{"damage":31,"enemies":"Slavers","floor":23,"turns":2}],"seed_played":"-5500830662518322186","potions_obtained":[{"floor":1,"key":"Energy Potion"},{"floor":2,"key":"SteroidPotion"},{"floor":3,"key":"AttackPotion"},{"floor":12,"key":"SkillPotion"}],"is_trial":false,"path_per_floor":["M","M","M","?","$","E","M","R","T","?","?","E","R","M","R","B",null,"M","M","M","?","M","E"],"character_chosen":"DEFECT","items_purchased":["Ball Lightning"],"campfire_rested":2,"item_purchase_floors":[5],"current_hp_per_floor":[57,50,41,41,41,26,20,41,41,30,30,15,36,34,34,18,58,58,58,47,47,30,0],"gold":328,"neow_bonus":"UPGRADE_CARD","is_prod":false,"is_daily":false,"chose_seed":false,"campfire_upgraded":1,"win_rate":0,"timestamp":1545776491,"path_taken":["M","M","M","?","$","E","M","R","T","?","?","E","R","?","R","BOSS","M","M","?","?","?","E"],"build_version":"2018-12-20","purchased_purges":1,"victory":false,"max_hp_per_floor":[71,71,71,71,71,71,71,71,71,71,71,71,71,71,71,71,71,71,71,71,71,71,71],"card_choices":[{"not_picked":["Loop","Double Energy"],"picked":"Hologram","floor":1},{"not_picked":["Turbo","Stack"],"picked":"FTL","floor":2},{"not_picked":["Recycle","Heatsinks"],"picked":"Sunder","floor":3},{"not_picked":["Hello World","White Noise"],"picked":"Coolheaded","floor":6},{"not_picked":["Sunder","Undo"],"picked":"Electrodynamics","floor":7},{"not_picked":["Redo","Blizzard"],"picked":"Melter","floor":12},{"not_picked":["Compile Driver","Force Field"],"picked":"Go for the Eyes","floor":14},{"not_picked":["Reboot","Amplify"],"picked":"Machine Learning","floor":16},{"not_picked":["Sweeping Beam","Skim"],"picked":"Conserve Battery","floor":18},{"not_picked":["Rebound","Gash"],"picked":"Compile Driver","floor":19},{"not_picked":["Undo","Melter","Conserve Battery"],"picked":"SKIP","floor":20},{"not_picked":["Gash","Go for the Eyes+1"],"picked":"Genetic Algorithm","floor":22}],"player_experience":1142169,"relics_obtained":[{"floor":6,"key":"Bronze Scales"},{"floor":9,"key":"Mercury Hourglass"},{"floor":12,"key":"Girya"}],"event_choices":[{"damage_healed":0,"gold_gain":0,"player_choice":"Grow","damage_taken":0,"max_hp_gain":0,"max_hp_loss":0,"event_name":"Living Wall","floor":4,"gold_loss":0,"cards_upgraded":["Sunder"]},{"damage_healed":0,"gold_gain":75,"player_choice":"Gather Gold","damage_taken":11,"max_hp_gain":0,"max_hp_loss":0,"event_name":"World of Goop","floor":10,"gold_loss":0},{"damage_healed":0,"gold_gain":0,"cards_transformed":["Strike_B"],"player_choice":"Transformed","damage_taken":0,"max_hp_gain":0,"max_hp_loss":0,"event_name":"Transmorgrifier","floor":11,"gold_loss":0,"cards_obtained":["Auto Shields"]},{"damage_healed":0,"gold_gain":0,"player_choice":"Ignored","damage_taken":0,"max_hp_gain":0,"max_hp_loss":0,"event_name":"N\u0027loth","floor":21,"gold_loss":0}],"is_beta":true,"boss_relics":[{"not_picked":["Philosopher\u0027s Stone","Cursed Key"],"picked":"Sozu"}],"items_purged_floors":[5],"is_endless":false,"potions_floor_spawned":[1,2,3,12,18,20],"killed_by":"Slavers","ascension_level":20}