{"gold_per_floor":[119,137,137,148,165,165,185,185,185,185,220,32,32,67,67,141,141,160,160,4,23,23,55,55,90,90,124,124,124,24,52,52,129,129,144,159,159,62,62,62,87,87,139,171,183,183,193,218,218,218,218],"floor_reached":52,"playtime":4392,"items_purged":["Strike_G","Strike_G"],"score":2304,"play_id":"577b2aa4-5628-4838-b9f9-5af0983cf2af","local_time":"20190918011936","is_ascension_mode":true,"campfire_choices":[{"data":"Neutralize","floor":6.0,"key":"SMITH"},{"data":"Poisoned Stab","floor":8.0,"key":"SMITH"},{"floor":10.0,"key":"REST"},{"floor":13.0,"key":"REST"},{"data":"Glass Knife","floor":15.0,"key":"SMITH"},{"data":"Crippling Poison","floor":24,"key":"SMITH"},{"data":"Footwork","floor":28,"key":"SMITH"},{"data":"Calculated Gamble","floor":32,"key":"SMITH"},{"data":"Catalyst","floor":40,"key":"SMITH"},{"data":"Deadly Poison","floor":42,"key":"SMITH"},{"data":"Bouncing Flask","floor":46,"key":"SMITH"},{"floor":49,"key":"REST"}],"neow_cost":"NONE","seed_source_timestamp":43973955290700,"circlet_count":0,"master_deck":["AscendersBane","Strike_G+1","Strike_G+1","Defend_G","Defend_G","Defend_G","Survivor","Neutralize+1","Dagger Spray","Poisoned Stab+1","Footwork+1","Dagger Throw","Bouncing Flask+1","Backflip","Dash","Crippling Poison+1","Glass Knife+1","Cloak And Dagger","Die Die Die","Calculated Gamble+1","PiercingWail","Catalyst+1","Deadly Poison+1","Skewer"],"special_seed":0,"relics":["Ring of the Snake","Pocketwatch","HornCleat","Orrery","CaptainsWheel","Busted Crown","Bag of Marbles","Thread and Needle","Pantograph","Red Mask","Tough Bandages","Velvet Choker","StoneCalendar","Strawberry","Art of War","Mummified Hand"],"potions_floor_usage":[23,23,33,41,51,51],"damage_taken":[{"damage":3.0,"enemies":"Cultist","floor":1.0,"turns":5.0},{"damage":0.0,"enemies":"Small Slimes","floor":2.0,"turns":3.0},{"damage":3.0,"enemies":"2 Louse","floor":4.0,"turns":2.0},{"damage":4.0,"enemies":"Looter","floor":5.0,"turns":4.0},{"damage":14.0,"enemies":"Gremlin Gang","floor":7.0,"turns":4.0},{"damage":18.0,"enemies":"Gremlin Nob","floor":11.0,"turns":4.0},{"damage":0.0,"enemies":"Lagavulin","floor":14.0,"turns":6.0},{"damage":24,"enemies":"Slime Boss","floor":16,"turns":9},{"damage":0,"enemies":"Chosen","floor":18,"turns":3},{"damage":6,"enemies":"2 Thieves","floor":21,"turns":4},{"damage":0,"enemies":"Gremlin Leader","floor":23,"turns":5},{"damage":16,"enemies":"Slavers","floor":25,"turns":4},{"damage":0,"enemies":"Masked Bandits","floor":27,"turns":2},{"damage":12,"enemies":"Gremlin Leader","floor":31,"turns":4},{"damage":34,"enemies":"Collector","floor":33,"turns":9},{"damage":0,"enemies":"3 Shapes","floor":35,"turns":2},{"damage":1,"enemies":"3 Darklings","floor":36,"turns":4},{"damage":24,"enemies":"Giant Head","floor":41,"turns":7},{"damage":0,"enemies":"Nemesis","floor":44,"turns":5},{"damage":7,"enemies":"Maw","floor":45,"turns":5},{"damage":0,"enemies":"Spire Growth","floor":47,"turns":3},{"damage":7,"enemies":"Giant Head","floor":48,"turns":7},{"damage":0,"enemies":"Time Eater","floor":50,"turns":7},{"damage":35,"enemies":"Donu and Deca","floor":51,"turns":9}],"seed_played":"6280858374430288403","potions_obtained":[{"floor":2.0,"key":"Ancient Potion"},{"floor":7.0,"key":"EssenceOfSteel"},{"floor":16,"key":"Fire Potion"},{"floor":21,"key":"SteroidPotion"},{"floor":27,"key":"SmokeBomb"},{"floor":31,"key":"SkillPotion"},{"floor":35,"key":"PowerPotion"},{"floor":41,"key":"Strength Potion"},{"floor":48,"key":"Regen Potion"}],"is_trial":false,"path_per_floor":["M","M","?","M","M","R","M","R","T","R","E","$","R","E","R","B",null,"M","?","$","M","$","E","R","E","T","?","R","?","$","E","R","B",null,"M","M","?","$","?","R","E","R","T","E","M","R","M","E","R","B","B",null],"character_chosen":"THE_SILENT","items_purchased":["Orrery","Cloak And Dagger","PiercingWail","Block Potion","Catalyst","Deadly Poison"],"campfire_rested":3,"item_purchase_floors":[12,12,20,20,38,38],"current_hp_per_floor":[62,62,40,37,33,33,19,19,19,40,22,22,43,43,43,19,59,59,59,59,53,53,53,53,37,37,37,37,37,37,25,25,16,58,58,57,57,57,57,57,33,33,40,40,33,33,33,26,49,74,58],"gold":218,"neow_bonus":"TEN_PERCENT_HP_BONUS","is_prod":false,"is_daily":false,"chose_seed":false,"campfire_upgraded":9,"win_rate":0,"timestamp":1568762376,"path_taken":["M","M","?","M","M","R","M","R","T","R","E","$","R","E","R","BOSS","M","?","$","M","?","E","R","E","T","?","R","?","$","E","R","BOSS","M","M","?","$","?","R","E","R","T","E","?","R","M","E","R","BOSS","BOSS"],"build_version":"2019-09-16v2","purchased_purges":2,"victory":true,"max_hp_per_floor":[72,72,72,72,72,72,72,72,72,72,72,72,72,72,72,72,72,72,72,72,72,72,72,72,72,72,72,72,72,72,72,72,72,72,72,72,72,72,72,72,72,72,79,79,79,79,79,79,79,79,79],"card_choices":[{"not_picked":["Outmaneuver","Deflect"],"picked":"Dagger Spray","floor":1.0},{"not_picked":["Backflip","Prepared"],"picked":"Poisoned Stab","floor":2.0},{"not_picked":["Acrobatics","Quick Slash"],"picked":"Footwork","floor":4.0},{"not_picked":["Terror","Bane"],"picked":"Dagger Throw","floor":5.0},{"not_picked":["Eviscerate","Sucker Punch"],"picked":"Bouncing Flask","floor":7.0},{"not_picked":["Flying Knee","Unload"],"picked":"Backflip","floor":11.0},{"not_picked":["Prepared","Setup"],"picked":"Dash","floor":12.0},{"not_picked":["Dash","Underhanded Strike"],"picked":"Crippling Poison","floor":12.0},{"not_picked":["All Out Attack","Eviscerate"],"picked":"Glass Knife","floor":12.0},{"not_picked":["Underhanded Strike","Sucker Punch","Setup"],"picked":"SKIP","floor":14.0},{"not_picked":["Phantasmal Killer","Grand Finale"],"picked":"Die Die Die","floor":16},{"not_picked":["Dodge and Roll"],"picked":"SKIP","floor":18},{"not_picked":["Heel Hook"],"picked":"SKIP","floor":21},{"not_picked":["Flying Knee"],"picked":"SKIP","floor":23},{"not_picked":["Outmaneuver+1"],"picked":"SKIP","floor":25},{"not_picked":["Caltrops"],"picked":"SKIP","floor":31},{"not_picked":["Outmaneuver+1"],"picked":"SKIP","floor":35},{"not_picked":["Riddle With Holes"],"picked":"SKIP","floor":36},{"not_picked":[],"picked":"Skewer","floor":41},{"not_picked":["Dagger Spray"],"picked":"SKIP","floor":44},{"not_picked":["Quick Slash+1"],"picked":"SKIP","floor":45},{"not_picked":["Bane"],"picked":"SKIP","floor":47},{"not_picked":["Flechettes"],"picked":"SKIP","floor":48}],"player_experience":719130,"relics_obtained":[{"floor":9.0,"key":"Pocketwatch"},{"floor":11.0,"key":"HornCleat"},{"floor":14.0,"key":"CaptainsWheel"},{"floor":23,"key":"Bag of Marbles"},{"floor":25,"key":"Thread and Needle"},{"floor":26,"key":"Pantograph"},{"floor":27,"key":"Red Mask"},{"floor":31,"key":"Tough Bandages"},{"floor":41,"key":"StoneCalendar"},{"floor":43,"key":"Strawberry"},{"floor":44,"key":"Art of War"},{"floor":48,"key":"Mummified Hand"}],"event_choices":[{"damage_healed":0.0,"max_hp_gain":0.0,"max_hp_loss":0.0,"gold_gain":0.0,"event_name":"Shining Light","player_choice":"Entered Light","floor":3.0,"gold_loss":0.0,"damage_taken":22.0,"cards_upgraded":["Strike_G","Strike_G"]},{"damage_healed":0,"gold_gain":0,"cards_transformed":["Strike_G"],"player_choice":"Transformed","damage_taken":0,"max_hp_gain":0,"max_hp_loss":0,"event_name":"Transmorgrifier","floor":19,"gold_loss":0,"cards_obtained":["Calculated Gamble"]},{"damage_healed":0,"gold_gain":0,"player_choice":"Fought Bandits","damage_taken":0,"max_hp_gain":0,"max_hp_loss":0,"event_name":"Masked Bandits","floor":27,"gold_loss":0},{"damage_healed":0,"gold_gain":0,"player_choice":"Ignored","damage_taken":0,"max_hp_gain":0,"max_hp_loss":0,"event_name":"Cursed Tome","floor":29,"gold_loss":0},{"cards_removed":["Defend_G"],"damage_healed":0,"gold_gain":0,"player_choice":"Removed Skill","damage_taken":0,"max_hp_gain":0,"max_hp_loss":0,"event_name":"Falling","floor":37,"gold_loss":0},{"cards_removed":["Defend_G"],"damage_healed":0,"gold_gain":0,"player_choice":"Offered Basic","damage_taken":0,"max_hp_gain":0,"max_hp_loss":0,"event_name":"Bonfire Elementals","floor":39,"gold_loss":0}],"is_beta":true,"boss_relics":[{"not_picked":["Tiny House","Black Star"],"picked":"Busted Crown"},{"not_picked":["SlaversCollar","Fusion Hammer"],"picked":"Velvet Choker"}],"items_purged_floors":[20,30],"is_endless":false,"potions_floor_spawned":[2,7,16,21,27,31,35,41,48],"ascension_level":20}