{"gold_per_floor":[118,136,152,152,170,170,196,196,196,213,40,54,85,101,101,175,175,186,186,71,71,97,97,97],"floor_reached":24,"playtime":1026,"items_purged":["Strike_B"],"score":412,"play_id":"c5c04977-da4a-4255-923d-1cfc79f42a6f","local_time":"20181224050025","is_ascension_mode":true,"campfire_choices":[{"data":"Zap","floor":6,"key":"SMITH"},{"data":"Go for the Eyes","floor":8,"key":"SMITH"},{"floor":15,"key":"REST"},{"floor":23,"key":"REST"}],"neow_cost":"NONE","seed_source_timestamp":8131585080993386,"circlet_count":0,"master_deck":["AscendersBane","Strike_B","Strike_B","Strike_B","Defend_B","Defend_B","Defend_B","Defend_B","Zap+1","Dualcast","Cold Snap","Streamline","Barrage","Gash","Go for the Eyes+1","Ball Lightning","Sunder","All For One","Compile Driver","All For One","Loop","Defragment","Coolheaded"],"relics":["Cracked Core","Ancient Tea Set","Centennial Puzzle","Bag of Marbles","Symbiotic Virus","Runic Dome","Red Mask"],"potions_floor_usage":[7,12,16,22],"damage_taken":[{"damage":5,"enemies":"2 Louse","floor":1,"turns":2},{"damage":1,"enemies":"Cultist","floor":2,"turns":3},{"damage":0,"enemies":"Small Slimes","floor":3,"turns":2},{"damage":1,"enemies":"2 Fungi Beasts","floor":5,"turns":3},{"damage":39,"enemies":"3 Sentries","floor":7,"turns":7},{"damage":3,"enemies":"Large Slime","floor":10,"turns":4},{"damage":8,"enemies":"Gremlin Gang","floor":12,"turns":3},{"damage":8,"enemies":"Gremlin Nob","floor":13,"turns":3},{"damage":0,"enemies":"2 Fungi Beasts","floor":14,"turns":1},{"damage":40,"enemies":"The Guardian","floor":16,"turns":9},{"damage":7,"enemies":"3 Byrds","floor":18,"turns":3},{"damage":14,"enemies":"Masked Bandits","floor":22,"turns":3},{"damage":14,"enemies":"Colosseum Slavers","floor":24,"turns":2},{"damage":36,"enemies":"Colosseum Nobs","floor":24,"turns":3}],"seed_played":"-6900492682584810886","potions_obtained":[{"floor":3,"key":"Strength Potion"},{"floor":4,"key":"FocusPotion"},{"floor":4,"key":"Regen Potion"},{"floor":10,"key":"SteroidPotion"},{"floor":16,"key":"Energy Potion"}],"is_trial":false,"path_per_floor":["M","M","M","?","M","R","E","R","T","M","$","M","E","M","R","B",null,"M","?","$","?","?","R","?"],"character_chosen":"DEFECT","items_purchased":["Bag of Marbles","Defragment"],"campfire_rested":2,"item_purchase_floors":[11,20],"current_hp_per_floor":[66,65,65,65,64,64,40,40,40,37,37,29,21,21,44,4,60,53,31,31,31,17,41,0],"gold":97,"neow_bonus":"TEN_PERCENT_HP_BONUS","is_prod":false,"is_daily":false,"chose_seed":false,"campfire_upgraded":2,"win_rate":0,"timestamp":1545656425,"path_taken":["M","M","M","?","M","R","E","R","T","M","?","M","E","?","R","BOSS","M","?","$","?","?","R","?"],"build_version":"2018-12-20","purchased_purges":1,"victory":false,"max_hp_per_floor":[78,78,78,78,78,78,78,78,78,78,78,78,78,78,78,78,78,78,83,83,83,83,83,83],"card_choices":[{"not_picked":["Leap","Compile Driver"],"picked":"Cold Snap","floor":1},{"not_picked":["Compile Driver","Barrage"],"picked":"Streamline","floor":2},{"not_picked":["Double Energy","Undo"],"picked":"Barrage","floor":3},{"not_picked":["Rebound","Redo"],"picked":"Gash","floor":5},{"not_picked":["Gash","Sweeping Beam"],"picked":"Go for the Eyes","floor":7},{"not_picked":["Reboot","Beam Cell"],"picked":"Ball Lightning","floor":10},{"not_picked":["Redo","Reprogram"],"picked":"Sunder","floor":12},{"not_picked":["Go for the Eyes","Cold Snap"],"picked":"All For One","floor":13},{"not_picked":["Heatsinks","Rebound"],"picked":"Compile Driver","floor":14},{"not_picked":["Hyperbeam","Amplify"],"picked":"All For One","floor":16},{"not_picked":["Compile Driver","Streamline"],"picked":"Loop","floor":18},{"not_picked":["Sunder","Compile Driver"],"picked":"Coolheaded","floor":22}],"player_experience":1127643,"relics_obtained":[{"floor":7,"key":"Ancient Tea Set"},{"floor":9,"key":"Centennial Puzzle"},{"floor":13,"key":"Symbiotic Virus"},{"floor":22,"key":"Red Mask"}],"event_choices":[{"damage_healed":0,"gold_gain":0,"player_choice":"Got Potions","damage_taken":0,"max_hp_gain":0,"max_hp_loss":0,"event_name":"Lab","floor":4,"gold_loss":0},{"damage_healed":0,"gold_gain":0,"player_choice":"Shed Blood","damage_taken":27,"max_hp_gain":5,"max_hp_loss":0,"event_name":"Forgotten Altar","floor":19,"gold_loss":0},{"damage_healed":0,"gold_gain":0,"player_choice":"Ignored","damage_taken":0,"max_hp_gain":0,"max_hp_loss":0,"event_name":"The Mausoleum","floor":21,"gold_loss":0},{"damage_healed":0,"gold_gain":0,"player_choice":"Fought Bandits","damage_taken":0,"max_hp_gain":0,"max_hp_loss":0,"event_name":"Masked Bandits","floor":22,"gold_loss":0},{"damage_healed":0,"gold_gain":0,"player_choice":"Fight","damage_taken":0,"max_hp_gain":0,"max_hp_loss":0,"event_name":"Colosseum","floor":24,"gold_loss":0},{"damage_healed":0,"gold_gain":0,"player_choice":"Fought Nobs","damage_taken":0,"max_hp_gain":0,"max_hp_loss":0,"event_name":"Colosseum","floor":24,"gold_loss":0}],"is_beta":true,"boss_relics":[{"not_picked":["Philosopher\u0027s Stone","Busted Crown"],"picked":"Runic Dome"}],"items_purged_floors":[20],"is_endless":false,"potions_floor_spawned":[3,5,10,16],"killed_by":"Colosseum Nobs","ascension_level":20}