{"gold_per_floor":[110,110,161,175,188,219,219,252,252,252,252,217,38,77,77,77],"floor_reached":16,"playtime":848,"items_purged":["Strike_G"],"score":162,"play_id":"cfd50297-b23a-4bf5-915c-f2b1f81dcb46","local_time":"20190327034926","is_ascension_mode":true,"campfire_choices":[{"floor":7,"key":"REST"},{"floor":15,"key":"REST"}],"neow_cost":"NONE","seed_source_timestamp":258080403910055,"circlet_count":0,"master_deck":["Defend_G+1","Defend_G","Defend_G","Defend_G","Defend_G","Strike_G+1","Strike_G","Strike_G","Strike_G","Survivor","Neutralize","Leg Sweep","Poisoned Stab","Escape Plan","Night Terror","Blade Dance","Footwork","Cloak And Dagger","Dodge and Roll"],"relics":["Ring of the Snake","Lantern","PreservedInsect","Happy Flower","Oddly Smooth Stone","Turnip","Golden Idol","Pen Nib"],"potions_floor_usage":[8,8,16],"damage_taken":[{"damage":4,"enemies":"Small Slimes","floor":1,"turns":5},{"damage":0,"enemies":"Jaw Worm","floor":4,"turns":4},{"damage":0,"enemies":"2 Louse","floor":5,"turns":4},{"damage":29,"enemies":"3 Sentries","floor":6,"turns":9},{"damage":12,"enemies":"Gremlin Nob","floor":8,"turns":3},{"damage":13,"enemies":"Lagavulin","floor":14,"turns":8},{"damage":62,"enemies":"Hexaghost","floor":16,"turns":21}],"seed_played":"-7370563296065805965","potions_obtained":[{"floor":5,"key":"EssenceOfSteel"},{"floor":6,"key":"Strength Potion"},{"floor":8,"key":"Dexterity Potion"},{"floor":14,"key":"Regen Potion"}],"is_trial":false,"path_per_floor":["M","?","T","M","M","E","R","E","T","?","?","?","$","E","R","B"],"character_chosen":"THE_SILENT","items_purchased":["Footwork","Cloak And Dagger"],"campfire_rested":2,"item_purchase_floors":[13,13],"current_hp_per_floor":[59,45,45,45,45,16,37,25,25,25,25,41,41,28,47,0],"gold":77,"neow_bonus":"RANDOM_COMMON_RELIC","is_prod":false,"is_daily":false,"chose_seed":false,"campfire_upgraded":0,"win_rate":0,"timestamp":1553654966,"path_taken":["M","?","?","M","M","E","R","E","T","?","?","?","$","E","R","BOSS"],"build_version":"2019-03-15","purchased_purges":1,"victory":false,"max_hp_per_floor":[70,70,70,70,70,70,70,70,70,65,65,65,65,65,65,65],"card_choices":[{"not_picked":["Prepared","Finisher"],"picked":"Leg Sweep","floor":1},{"not_picked":["Sucker Punch","Deflect"],"picked":"Poisoned Stab","floor":4},{"not_picked":["Tactician","Backflip"],"picked":"Escape Plan","floor":5},{"not_picked":["Poisoned Stab","Tactician"],"picked":"Night Terror","floor":6},{"not_picked":["Sucker Punch","Heel Hook"],"picked":"Blade Dance","floor":8},{"not_picked":["Skewer","Cloak And Dagger"],"picked":"Dodge and Roll","floor":14}],"player_experience":387497,"relics_obtained":[{"floor":3,"key":"PreservedInsect"},{"floor":6,"key":"Happy Flower"},{"floor":8,"key":"Oddly Smooth Stone"},{"floor":9,"key":"Turnip"},{"floor":14,"key":"Pen Nib"}],"event_choices":[{"damage_healed":0,"gold_gain":0,"player_choice":"Entered Light","damage_taken":14,"max_hp_gain":0,"max_hp_loss":0,"event_name":"Shining Light","floor":2,"gold_loss":0,"cards_upgraded":["Defend_G","Strike_G"]},{"damage_healed":0,"gold_gain":0,"player_choice":"Lose Max HP","damage_taken":0,"relics_obtained":["Golden Idol"],"max_hp_gain":0,"max_hp_loss":5,"event_name":"Golden Idol","floor":10,"gold_loss":0},{"damage_healed":0,"gold_gain":0,"player_choice":"Ignored","damage_taken":0,"max_hp_gain":0,"max_hp_loss":0,"event_name":"Liars Game","floor":11,"gold_loss":0},{"damage_healed":16,"gold_gain":0,"player_choice":"Healed","damage_taken":0,"max_hp_gain":0,"max_hp_loss":0,"event_name":"The Cleric","floor":12,"gold_loss":35}],"is_beta":true,"boss_relics":[],"items_purged_floors":[13],"is_endless":false,"potions_floor_spawned":[5,6,8,14],"killed_by":"Hexaghost","ascension_level":8}