{"gold_per_floor":[115,115,125,50,66,66,82,82,158,184,11,26,26,26,26,101,101,116,116,116,116,116,141,141,156,156,174,174,174,174,200,200,271,271,288,268,283,55,66,66,77,77,103,122,122,122,142,142,142,142,142],"floor_reached":52,"playtime":3670,"items_purged":["Doubt"],"score":1776,"play_id":"91e015e6-5e85-4d4e-93b3-2c5212c19a62","local_time":"20190701110500","is_ascension_mode":true,"campfire_choices":[{"data":"Searing Blow","floor":6.0,"key":"SMITH"},{"data":"Searing Blow+1","floor":8.0,"key":"SMITH"},{"data":"Searing Blow+2","floor":13.0,"key":"SMITH"},{"data":"Searing Blow+3","floor":15.0,"key":"SMITH"},{"data":"Searing Blow+4","floor":24.0,"key":"SMITH"},{"data":"Searing Blow+5","floor":28.0,"key":"SMITH"},{"data":"Searing Blow+6","floor":30.0,"key":"SMITH"},{"data":"Searing Blow+7","floor":32.0,"key":"SMITH"},{"data":"Searing Blow+8","floor":40.0,"key":"SMITH"},{"data":"Searing Blow+9","floor":42,"key":"SMITH"},{"data":"Searing Blow+11","floor":46,"key":"SMITH"},{"data":"Searing Blow+12","floor":49,"key":"SMITH"}],"neow_cost":"CURSE","seed_source_timestamp":638876758828200,"circlet_count":0,"master_deck":["AscendersBane","Defend_R","Defend_R","Bash","Immolate+1","Searing Blow+13","Feel No Pain","Power Through","Double Tap","Double Tap","Flame Barrier","Bite","Bite","Bite","Bite","Necronomicurse","Clothesline+1","Sever Soul","Seeing Red","Panacea","Armaments","Dark Embrace"],"special_seed":0,"relics":["Black Blood","Self Forming Clay","Oddly Smooth Stone","Necronomicon","Art of War","Omamori","Pear","Mercury Hourglass","Snecko Eye","Medical Kit"],"potions_floor_usage":[51,51],"damage_taken":[{"damage":14.0,"enemies":"Small Slimes","floor":1.0,"turns":4.0},{"damage":6.0,"enemies":"Cultist","floor":3.0,"turns":3.0},{"damage":2.0,"enemies":"2 Louse","floor":5.0,"turns":2.0},{"damage":19.0,"enemies":"Large Slime","floor":7.0,"turns":6.0},{"damage":5.0,"enemies":"3 Sentries","floor":10.0,"turns":5.0},{"damage":1.0,"enemies":"Blue Slaver","floor":12.0,"turns":3.0},{"damage":48.0,"enemies":"Hexaghost","floor":16.0,"turns":9.0},{"damage":23.0,"enemies":"Shell Parasite","floor":18.0,"turns":4.0},{"damage":13.0,"enemies":"Slavers","floor":23.0,"turns":3.0},{"damage":15.0,"enemies":"3 Byrds","floor":25.0,"turns":4.0},{"damage":31.0,"enemies":"Cultist and Chosen","floor":27.0,"turns":10.0},{"damage":10.0,"enemies":"Gremlin Leader","floor":31.0,"turns":2.0},{"damage":56.0,"enemies":"Champ","floor":33.0,"turns":7.0},{"damage":12.0,"enemies":"3 Shapes","floor":35.0,"turns":2.0},{"damage":16.0,"enemies":"3 Darklings","floor":37.0,"turns":4.0},{"damage":36.0,"enemies":"Transient","floor":39.0,"turns":6.0},{"damage":13,"enemies":"Writhing Mass","floor":41,"turns":3},{"damage":0,"enemies":"Maw","floor":44,"turns":3},{"damage":17,"enemies":"Transient","floor":47,"turns":6},{"damage":50,"enemies":"Awakened One","floor":50,"turns":9},{"damage":8,"enemies":"Time Eater","floor":51,"turns":5}],"seed_played":"-5588313825843977707","potions_obtained":[{"floor":1.0,"key":"Explosive Potion"},{"floor":5.0,"key":"Swift Potion"},{"floor":10.0,"key":"Fire Potion"},{"floor":18.0,"key":"BloodPotion"},{"floor":33.0,"key":"SpeedPotion"},{"floor":35.0,"key":"LiquidBronze"}],"is_trial":false,"path_per_floor":["M","?","M","$","M","R","M","R","T","E","$","M","R","?","R","B",null,"M","?","?","?","T","E","R","M","T","M","R","?","R","E","R","B",null,"M","?","M","$","M","R","M","R","T","M","?","R","M","?","R","B","B",null],"character_chosen":"IRONCLAD","items_purchased":["Oddly Smooth Stone","Medical Kit"],"campfire_rested":0,"item_purchase_floors":[11,38],"current_hp_per_floor":[60,60,60,60,64,64,51,51,51,52,52,59,59,59,59,19,61,50,65,65,44,44,63,63,62,72,71,71,71,71,71,71,25,70,70,70,70,70,56,56,55,55,55,67,67,67,76,76,76,49,65],"gold":142,"neow_bonus":"THREE_RARE_CARDS","is_prod":false,"is_daily":false,"chose_seed":false,"campfire_upgraded":12,"win_rate":0,"timestamp":1562004300,"path_taken":["M","?","?","$","M","R","M","R","T","E","$","M","R","?","R","BOSS","M","?","?","?","?","E","R","?","T","M","R","?","R","E","R","BOSS","M","?","M","?","M","R","?","R","T","M","?","R","?","?","R","BOSS","BOSS"],"build_version":"2019-06-30","purchased_purges":1,"victory":true,"max_hp_per_floor":[75,75,75,75,75,75,75,75,75,75,75,75,75,75,75,75,75,75,75,75,75,75,75,75,75,85,85,85,85,85,85,85,85,85,85,85,85,85,85,85,85,85,85,85,85,85,85,85,85,85,85],"card_choices":[{"not_picked":["Fiend Fire","Dark Embrace"],"picked":"Immolate","floor":0.0},{"not_picked":["Body Slam","Shockwave"],"picked":"Searing Blow","floor":1.0},{"not_picked":["Searing Blow","Corruption"],"picked":"Feel No Pain","floor":3.0},{"not_picked":["Sword Boomerang","Heavy Blade","Clash"],"picked":"SKIP","floor":5.0},{"not_picked":["Pummel","Thunderclap"],"picked":"Power Through","floor":7.0},{"not_picked":["True Grit","Warcry"],"picked":"Double Tap","floor":10.0},{"not_picked":["Sword Boomerang","Dropkick","Clothesline"],"picked":"SKIP","floor":12.0},{"not_picked":["Limit Break","Exhume"],"picked":"Double Tap","floor":16.0},{"not_picked":["Clothesline","Armaments"],"picked":"Flame Barrier","floor":18.0},{"not_picked":["Carnage","Shrug It Off"],"picked":"Clothesline+1","floor":23.0},{"not_picked":["Clash+1","Warcry","Perfected Strike"],"picked":"SKIP","floor":25.0},{"not_picked":["Cleave","Entrench"],"picked":"Sever Soul","floor":27.0},{"not_picked":["Entrench","Combust"],"picked":"Armaments","floor":31.0},{"not_picked":["Limit Break","Double Tap"],"picked":"Dark Embrace","floor":33.0},{"not_picked":["Combust+1","Sever Soul+1","Clash"],"picked":"SKIP","floor":35.0},{"not_picked":["True Grit","Flex","Cleave+1"],"picked":"SKIP","floor":37.0},{"not_picked":["Perfected Strike","Infernal Blade","Clash"],"picked":"SKIP","floor":39.0},{"not_picked":["Flex","Clash","Iron Wave"],"picked":"SKIP","floor":41},{"not_picked":["Ghostly Armor","Blood for Blood+1","Armaments"],"picked":"SKIP","floor":44},{"not_picked":["Flex","Body Slam+1","Intimidate"],"picked":"SKIP","floor":47}],"player_experience":3466596,"relics_obtained":[{"floor":9.0,"key":"Self Forming Clay"},{"floor":10.0,"key":"Blood Vial"},{"floor":21.0,"key":"Necronomicon"},{"floor":22.0,"key":"Art of War"},{"floor":23.0,"key":"Omamori"},{"floor":26.0,"key":"Pear"},{"floor":31.0,"key":"Mercury Hourglass"}],"event_choices":[{"damage_healed":0.0,"max_hp_gain":0.0,"max_hp_loss":0.0,"gold_gain":0.0,"event_name":"Upgrade Shrine","player_choice":"Upgraded","floor":2.0,"gold_loss":0.0,"damage_taken":0.0,"cards_upgraded":["Immolate"]},{"damage_healed":0.0,"max_hp_gain":0.0,"max_hp_loss":0.0,"gold_gain":0.0,"event_name":"Liars Game","player_choice":"Ignored","floor":14.0,"gold_loss":0.0,"damage_taken":0.0},{"damage_healed":15.0,"max_hp_gain":0.0,"max_hp_loss":0.0,"gold_gain":0.0,"event_name":"The Library","player_choice":"Heal","floor":19.0,"gold_loss":0.0,"damage_taken":0.0},{"damage_healed":0.0,"max_hp_gain":0.0,"max_hp_loss":0.0,"gold_gain":0.0,"event_name":"Vampires","player_choice":"Became a vampire (Vial)","floor":20.0,"relics_lost":["Blood Vial"],"gold_loss":0.0,"damage_taken":0.0,"cards_obtained":["Bite","Bite","Bite","Bite","Bite"]},{"damage_healed":0.0,"max_hp_gain":0.0,"max_hp_loss":0.0,"gold_gain":0.0,"event_name":"Cursed Tome","player_choice":"Obtained Book","floor":21.0,"gold_loss":0.0,"damage_taken":21.0},{"damage_healed":0.0,"max_hp_gain":0.0,"max_hp_loss":0.0,"gold_gain":0.0,"cards_transformed":["Defend_R","Bite"],"event_name":"Drug Dealer","player_choice":"Became Test Subject","floor":29.0,"gold_loss":0.0,"damage_taken":0.0,"cards_obtained":["Seeing Red","Panacea"]},{"damage_healed":0.0,"max_hp_gain":0.0,"max_hp_loss":0.0,"gold_gain":0.0,"event_name":"The Woman in Blue","player_choice":"Bought 1 Potion","floor":36.0,"gold_loss":0.0,"damage_taken":0.0},{"damage_healed":0,"gold_gain":0,"player_choice":"Upgraded","damage_taken":0,"max_hp_gain":0,"max_hp_loss":0,"event_name":"Upgrade Shrine","floor":45,"gold_loss":0,"cards_upgraded":["Searing Blow"]},{"cards_removed":["Defend_R"],"damage_healed":0,"gold_gain":0,"player_choice":"Card Removal","damage_taken":0,"max_hp_gain":0,"max_hp_loss":0,"event_name":"Wheel of Change","floor":48,"gold_loss":0}],"is_beta":true,"boss_relics":[{"not_picked":["Eternal Feather","Runic Pyramid"],"picked":"Black Blood"},{"not_picked":["Fusion Hammer","Tiny House"],"picked":"Snecko Eye"}],"items_purged_floors":[4],"is_endless":false,"potions_floor_spawned":[1,5,10,18,33,35,39],"ascension_level":20}