{"gold_per_floor":[13,13,13,25,25,25,38,38,113,113,139,152,162,181,181,254,304,324,324,336,336,336],"floor_reached":22,"playtime":1267,"items_purged":[],"score":372,"play_id":"f3ce8943-7c19-4eae-bb00-dd7ba5f169d5","local_time":"20190321153031","is_ascension_mode":true,"campfire_choices":[{"data":"Shrug It Off","floor":6,"key":"SMITH"},{"data":"Sword Boomerang","floor":8,"key":"SMITH"},{"floor":15,"key":"REST"}],"neow_cost":"NO_GOLD","seed_source_timestamp":354195923794238,"circlet_count":0,"master_deck":["AscendersBane","Strike_R+1","Strike_R+1","Strike_R+1","Defend_R+1","Defend_R+1","Defend_R+1","Defend_R+1","Bash+1","Shrug It Off+1","Battle Trance+1","Sword Boomerang+1","Rampage","Shrug It Off","Armaments","Impervious","Disarm","Iron Wave","Headbutt"],"relics":["Burning Blood","Letter Opener","Paper Frog","Magic Flower","Tiny House"],"potions_floor_usage":[11,11,13,16,22],"damage_taken":[{"damage":1,"enemies":"Cultist","floor":1,"turns":3},{"damage":2,"enemies":"Jaw Worm","floor":4,"turns":4},{"damage":6,"enemies":"Small Slimes","floor":7,"turns":4},{"damage":40,"enemies":"3 Sentries","floor":11,"turns":13},{"damage":52,"enemies":"Gremlin Gang","floor":12,"turns":6},{"damage":8,"enemies":"3 Louse","floor":13,"turns":3},{"damage":3,"enemies":"Blue Slaver","floor":14,"turns":5},{"damage":42,"enemies":"The Guardian","floor":16,"turns":15},{"damage":29,"enemies":"Spheric Guardian","floor":18,"turns":6},{"damage":21,"enemies":"3 Byrds","floor":20,"turns":8},{"damage":90,"enemies":"3 Cultists","floor":22,"turns":7}],"seed_played":"4219940789884663628","potions_obtained":[{"floor":4,"key":"Regen Potion"},{"floor":7,"key":"SpeedPotion"},{"floor":12,"key":"Energy Potion"},{"floor":14,"key":"BloodPotion"},{"floor":16,"key":"BloodPotion"},{"floor":17,"key":"EntropicBrew"}],"is_trial":false,"path_per_floor":["M","?","T","M","?","R","M","R","T","?","E","M","M","M","R","B",null,"M","?","M","?","M"],"character_chosen":"IRONCLAD","items_purchased":[],"campfire_rested":1,"item_purchase_floors":[],"current_hp_per_floor":[87,87,87,89,89,89,89,89,89,82,63,20,21,27,53,32,80,60,60,48,48,0],"gold":336,"neow_bonus":"TWENTY_PERCENT_HP_BONUS","is_prod":false,"is_daily":false,"chose_seed":false,"campfire_upgraded":2,"win_rate":0,"timestamp":1553178631,"path_taken":["M","?","?","M","?","R","?","R","T","?","E","M","M","M","R","BOSS","M","?","?","?","M"],"build_version":"2019-03-15","purchased_purges":0,"victory":false,"max_hp_per_floor":[89,89,89,89,89,89,89,89,89,89,89,89,89,89,89,89,94,94,94,94,94,94],"card_choices":[{"not_picked":["Flex","Rage"],"picked":"Shrug It Off","floor":1},{"not_picked":["Armaments","Pommel Strike"],"picked":"Battle Trance","floor":4},{"not_picked":["Iron Wave","Pommel Strike"],"picked":"Sword Boomerang","floor":7},{"not_picked":["Fiend Fire","Cleave"],"picked":"Rampage","floor":11},{"not_picked":["Clothesline","Wild Strike"],"picked":"Shrug It Off","floor":12},{"not_picked":["Flex","Corruption"],"picked":"Anger","floor":13},{"not_picked":["Shrug It Off","Evolve"],"picked":"Armaments","floor":14},{"not_picked":["Dark Embrace","Double Tap"],"picked":"Impervious","floor":16},{"not_picked":["Havoc","Anger"],"picked":"Disarm","floor":17},{"not_picked":["Feel No Pain","Intimidate","Flex"],"picked":"SKIP","floor":18},{"not_picked":["Warcry","Ghostly Armor"],"picked":"Headbutt","floor":20}],"player_experience":365122,"relics_obtained":[{"floor":3,"key":"Letter Opener"},{"floor":9,"key":"Paper Frog"},{"floor":11,"key":"Magic Flower"}],"event_choices":[{"damage_healed":0,"gold_gain":0,"player_choice":"Grow","damage_taken":0,"max_hp_gain":0,"max_hp_loss":0,"event_name":"Living Wall","floor":2,"gold_loss":0,"cards_upgraded":["Bash"]},{"cards_removed":["Strike_R"],"damage_healed":0,"gold_gain":0,"player_choice":"Purged","damage_taken":0,"max_hp_gain":0,"max_hp_loss":0,"event_name":"Purifier","floor":5,"gold_loss":0},{"cards_removed":["Strike_R"],"damage_healed":0,"gold_gain":0,"player_choice":"Card Removal","damage_taken":7,"max_hp_gain":0,"max_hp_loss":0,"event_name":"Golden Wing","floor":10,"gold_loss":0},{"damage_healed":0,"gold_gain":0,"cards_transformed":["Anger"],"player_choice":"Transformed","damage_taken":0,"max_hp_gain":0,"max_hp_loss":0,"event_name":"Transmorgrifier","floor":19,"gold_loss":0,"cards_obtained":["Iron Wave"]},{"damage_healed":0,"gold_gain":0,"player_choice":"Simplicity","damage_taken":0,"max_hp_gain":0,"max_hp_loss":0,"event_name":"Back to Basics","floor":21,"gold_loss":0,"cards_upgraded":["Strike_R","Strike_R","Strike_R","Defend_R","Defend_R","Defend_R","Defend_R"]}],"is_beta":true,"boss_relics":[{"not_picked":["White Beast Statue","Eternal Feather"],"picked":"Tiny House"}],"items_purged_floors":[],"is_endless":false,"potions_floor_spawned":[4,7,12,14,16,18],"killed_by":"3 Cultists","ascension_level":20}