{"gold_per_floor":[109,128,128,143,157,173,184,184,207,95,115,126,138,150,150,253,253,273,273,373,392,292,292,292,292,292,292,307,182,192,210,210,310,310,328,328,340,356,372,372,372,372,372,372,43,43,43,54,54,54],"floor_reached":50,"playtime":3005,"items_purged":["Havoc","Rampage","Second Wind","Writhe"],"score":465,"play_id":"9dffcd14-96ad-4d10-ae96-e6635e080717","local_time":"20190609210205","is_ascension_mode":false,"campfire_choices":[{"data":"Whirlwind","floor":8.0,"key":"SMITH"},{"data":"Intimidate","floor":15.0,"key":"SMITH"},{"floor":23.0,"key":"REST"},{"floor":25.0,"key":"REST"},{"data":"Demon Form","floor":32.0,"key":"SMITH"},{"floor":40.0,"key":"REST"},{"floor":44.0,"key":"REST"},{"floor":49.0,"key":"REST"}],"neow_cost":"NONE","seed_source_timestamp":0,"circlet_count":0,"master_deck":["Bash","Thunderclap","Reaper","Intimidate+1","Iron Wave","Iron Wave","Pummel","Iron Wave","Dropkick","Ghostly Armor","Whirlwind+1","Inflame","Inflame","Demon Form+1","Shockwave+1","Clash","Demon Form+1","Clash+1","Twin Strike+1","Apotheosis","Impervious"],"special_seed":0,"relics":["Pandora\u0027s Box"],"potions_floor_usage":[50,50,50],"damage_taken":[{"damage":6.0,"enemies":"Jaw Worm","floor":1.0,"turns":3.0},{"damage":4.0,"enemies":"Cultist","floor":2.0,"turns":3.0},{"damage":3.0,"enemies":"Small Slimes","floor":4.0,"turns":3.0},{"damage":5.0,"enemies":"Looter","floor":5.0,"turns":4.0},{"damage":12.0,"enemies":"Exordium Thugs","floor":6.0,"turns":4.0},{"damage":8.0,"enemies":"Large Slime","floor":7.0,"turns":6.0},{"damage":6.0,"enemies":"Red Slaver","floor":11.0,"turns":4.0},{"damage":6.0,"enemies":"3 Louse","floor":12.0,"turns":3.0},{"damage":6.0,"enemies":"Lots of Slimes","floor":13.0,"turns":4.0},{"damage":49.0,"enemies":"2 Fungi Beasts","floor":14.0,"turns":9.0},{"damage":16.0,"enemies":"Hexaghost","floor":16.0,"turns":8.0},{"damage":36.0,"enemies":"2 Thieves","floor":18.0,"turns":5.0},{"damage":38.0,"enemies":"Colosseum Slavers","floor":19.0,"turns":6.0},{"damage":0.0,"enemies":"3 Byrds","floor":21.0,"turns":3.0},{"damage":9.0,"enemies":"3 Cultists","floor":28.0,"turns":4.0},{"damage":4.0,"enemies":"Cultist and Chosen","floor":30.0,"turns":5.0},{"damage":27.0,"enemies":"Centurion and Healer","floor":31.0,"turns":6.0},{"damage":60.0,"enemies":"Automaton","floor":33.0,"turns":8.0},{"damage":22.0,"enemies":"Orb Walker","floor":35.0,"turns":4.0},{"damage":26.0,"enemies":"3 Shapes","floor":37.0,"turns":5.0},{"damage":32.0,"enemies":"Maw","floor":38.0,"turns":7.0},{"damage":40.0,"enemies":"Spire Growth","floor":39.0,"turns":6.0},{"damage":44.0,"enemies":"Writhing Mass","floor":48.0,"turns":7.0},{"damage":131,"enemies":"Awakened One","floor":50,"turns":11}],"seed_played":"3539083754002159653","potions_obtained":[{"floor":1.0,"key":"FearPotion"},{"floor":6.0,"key":"Poison Potion"},{"floor":13.0,"key":"AttackPotion"},{"floor":27.0,"key":"BloodPotion"},{"floor":27.0,"key":"LiquidBronze"},{"floor":33.0,"key":"SteroidPotion"},{"floor":39.0,"key":"Block Potion"}],"is_trial":false,"path_per_floor":["M","M","?","M","M","M","M","R","T","$","M","M","M","M","R","B",null,"M","?","?","M","$","R","?","R","T","?","M","$","M","M","R","B",null,"M","?","M","M","M","R","?","?","T","R","$","?","?","M","R","B"],"character_chosen":"IRONCLAD","items_purchased":["Inflame","Apotheosis"],"campfire_rested":5,"item_purchase_floors":[10,45],"current_hp_per_floor":[77,73,73,76,75,69,65,65,65,65,65,65,77,29,29,13,80,56,18,18,18,18,42,42,66,66,66,79,79,75,80,80,42,80,58,58,33,32,4,28,28,48,48,72,72,72,72,36,60,0],"gold":54,"neow_bonus":"BOSS_RELIC","is_prod":false,"is_daily":false,"chose_seed":false,"campfire_upgraded":3,"win_rate":0,"timestamp":1560139325,"path_taken":["M","M","?","M","M","M","M","R","T","$","?","?","M","M","R","BOSS","M","?","?","M","?","R","?","R","T","?","M","$","M","?","R","BOSS","M","?","?","M","M","R","?","?","T","R","$","?","?","M","R","BOSS"],"build_version":"2019-01-23","purchased_purges":4,"victory":false,"max_hp_per_floor":[80,80,80,80,80,80,80,80,80,80,80,80,80,80,80,80,80,80,80,80,80,80,80,80,80,80,80,80,80,80,80,80,80,80,80,80,80,80,80,80,80,80,80,80,80,80,80,80,80,80],"card_choices":[{"not_picked":["Searing Blow","Flex"],"picked":"Iron Wave","floor":1.0},{"not_picked":["Sword Boomerang","Twin Strike"],"picked":"Dropkick","floor":2.0},{"not_picked":["Iron Wave","Wild Strike"],"picked":"Ghostly Armor","floor":4.0},{"not_picked":["Warcry","Rampage","Heavy Blade"],"picked":"SKIP","floor":5.0},{"not_picked":["Rampage","Armaments","Dual Wield"],"picked":"SKIP","floor":6.0},{"not_picked":["Intimidate","Carnage"],"picked":"Whirlwind","floor":7.0},{"not_picked":["Wild Strike","Twin Strike"],"picked":"Inflame","floor":11.0},{"not_picked":["Dropkick","Rage"],"picked":"Disarm","floor":12.0},{"not_picked":["Infernal Blade","Dropkick","Flex"],"picked":"SKIP","floor":13.0},{"not_picked":["Thunderclap","Warcry","Clash"],"picked":"SKIP","floor":14.0},{"not_picked":["Berserk","Double Tap"],"picked":"Demon Form","floor":16.0},{"not_picked":["Wild Strike","Sword Boomerang"],"picked":"Anger","floor":18.0},{"not_picked":["Thunderclap+1","Combust"],"picked":"Shockwave+1","floor":21.0},{"not_picked":["Rampage","Combust","Clothesline"],"picked":"SKIP","floor":28.0},{"not_picked":["Clothesline","Armaments+1","Ghostly Armor"],"picked":"SKIP","floor":30.0},{"not_picked":["Shrug It Off","Clash","Perfected Strike+1"],"picked":"SKIP","floor":31.0},{"not_picked":["Thunderclap","Clothesline","True Grit"],"picked":"SKIP","floor":35.0},{"not_picked":["Entrench","Body Slam","Sentinel"],"picked":"SKIP","floor":37.0},{"not_picked":["Sword Boomerang","Flex"],"picked":"Clash+1","floor":38.0},{"not_picked":["Heavy Blade","Fire Breathing"],"picked":"Twin Strike+1","floor":39.0},{"not_picked":["Shockwave+1","Sever Soul+1"],"picked":"Impervious","floor":48.0}],"player_experience":1286966,"relics_obtained":[],"event_choices":[{"damage_healed":0.0,"max_hp_gain":0.0,"max_hp_loss":0.0,"gold_gain":0.0,"event_name":"NoteForYourself","player_choice":"Ignored","floor":3.0,"gold_loss":0.0,"damage_taken":0.0},{"damage_healed":0.0,"max_hp_gain":0.0,"max_hp_loss":0.0,"gold_gain":0.0,"event_name":"Colosseum","player_choice":"Fight","floor":19.0,"gold_loss":0.0,"damage_taken":0.0},{"damage_healed":0.0,"max_hp_gain":0.0,"max_hp_loss":0.0,"gold_gain":0.0,"event_name":"Colosseum","player_choice":"Fled From Nobs","floor":19.0,"gold_loss":0.0,"damage_taken":0.0},{"damage_healed":0.0,"max_hp_gain":0.0,"max_hp_loss":0.0,"gold_gain":100.0,"event_name":"Golden Shrine","player_choice":"Pray","floor":20.0,"gold_loss":0.0,"damage_taken":0.0},{"damage_healed":0.0,"max_hp_gain":0.0,"max_hp_loss":0.0,"gold_gain":0.0,"cards_transformed":["Infernal Blade","Anger"],"event_name":"Drug Dealer","player_choice":"Became Test Subject","floor":24.0,"gold_loss":0.0,"damage_taken":0.0,"cards_obtained":["Second Wind","Clash"]},{"damage_healed":0.0,"max_hp_gain":0.0,"max_hp_loss":0.0,"gold_gain":0.0,"event_name":"Lab","player_choice":"Got Potions","floor":27.0,"gold_loss":0.0,"damage_taken":0.0},{"damage_healed":0.0,"max_hp_gain":0.0,"max_hp_loss":0.0,"gold_gain":0.0,"event_name":"Duplicator","player_choice":"Copied","floor":36.0,"gold_loss":0.0,"damage_taken":0.0,"cards_obtained":["Demon Form"]},{"damage_healed":0.0,"max_hp_gain":0.0,"max_hp_loss":0.0,"gold_gain":0.0,"event_name":"Mysterious Sphere","player_choice":"Ignored","floor":41.0,"gold_loss":0.0,"damage_taken":0.0},{"damage_healed":20.0,"max_hp_gain":0.0,"max_hp_loss":0.0,"gold_gain":0.0,"event_name":"Winding Halls","player_choice":"Writhe","floor":42.0,"gold_loss":0.0,"damage_taken":0.0,"cards_obtained":["Writhe"]},{"damage_healed":0.0,"max_hp_gain":0.0,"max_hp_loss":0.0,"gold_gain":0.0,"event_name":"Tomb of Lord Red Mask","player_choice":"Ignored","floor":46.0,"gold_loss":0.0,"damage_taken":0.0},{"cards_removed":["Disarm"],"damage_healed":0.0,"max_hp_gain":0.0,"max_hp_loss":0.0,"gold_gain":0.0,"event_name":"Falling","player_choice":"Removed Skill","floor":47.0,"gold_loss":0.0,"damage_taken":0.0}],"is_beta":false,"boss_relics":[{"not_picked":["Empty Cage","Tiny House","Velvet Choker"]},{"not_picked":["Black Star","Runic Cube","Lizard Tail"]}],"items_purged_floors":[10,22,29,45],"is_endless":false,"potions_floor_spawned":[1,6,13,30,31,33,39],"killed_by":"Awakened One","ascension_level":0}