{"gold_per_floor":[363,363,254,204,279,279,293,308,308,318,318,329,121,141,141,242,242,223,223,242,42,42,42,60,72,72,72,90,90,102,116,116,116],"floor_reached":33,"playtime":1642,"items_purged":["Strike_G","Strike_G","Strike_G"],"score":349,"play_id":"d3e75487-46ea-4944-90b9-7b3a8bdff980","local_time":"20190211123220","is_ascension_mode":true,"campfire_choices":[{"data":"Neutralize","floor":6.0,"key":"SMITH"},{"data":"Cloak And Dagger","floor":11.0,"key":"SMITH"},{"floor":15.0,"key":"REST"},{"data":"Burst","floor":23.0,"key":"SMITH"},{"data":"Burst","floor":27,"key":"SMITH"},{"floor":29,"key":"REST"},{"floor":32,"key":"REST"}],"neow_cost":"PERCENT_DAMAGE","seed_source_timestamp":47471938582441,"circlet_count":0,"master_deck":["Defend_G","Defend_G","Defend_G","Defend_G","Strike_G","Strike_G+1","Survivor","Neutralize+1","Choke+1","Infinite Blades","Cloak And Dagger+1","Cloak And Dagger","Deflect","Venomology","After Image","Cloak And Dagger","Burst+1","Deflect+1","Neutralize","Burst+1","Choke","Accuracy","Leg Sweep","Deflect+1","Infinite Blades"],"special_seed":0,"relics":["Ring of the Snake","Sozu","Nloth\u0027s Gift","Paper Crane"],"potions_floor_usage":[25],"damage_taken":[{"damage":1.0,"enemies":"2 Louse","floor":1.0,"turns":6.0},{"damage":2.0,"enemies":"Small Slimes","floor":7.0,"turns":3.0},{"damage":0.0,"enemies":"Cultist","floor":8.0,"turns":3.0},{"damage":0.0,"enemies":"Exordium Wildlife","floor":10.0,"turns":3.0},{"damage":0.0,"enemies":"Lots of Slimes","floor":12.0,"turns":4.0},{"damage":0.0,"enemies":"3 Louse","floor":14.0,"turns":5.0},{"damage":31.0,"enemies":"Slime Boss","floor":16.0,"turns":17.0},{"damage":2.0,"enemies":"2 Thieves","floor":18.0,"turns":4.0},{"damage":3.0,"enemies":"Chosen","floor":20.0,"turns":4.0},{"damage":25.0,"enemies":"Snecko","floor":24.0,"turns":5.0},{"damage":9,"enemies":"Sentry and Sphere","floor":25,"turns":7},{"damage":3,"enemies":"Shelled Parasite and Fungi","floor":28,"turns":5},{"damage":19,"enemies":"Snake Plant","floor":30,"turns":6},{"damage":13,"enemies":"Cultist and Chosen","floor":31,"turns":7},{"damage":30,"enemies":"Automaton","floor":33,"turns":12}],"seed_played":"-1995644953279521466","potions_obtained":[{"floor":10.0,"key":"EssenceOfSteel"},{"floor":12.0,"key":"Swift Potion"},{"floor":14.0,"key":"LiquidBronze"},{"floor":16.0,"key":"Swift Potion"}],"is_trial":false,"path_per_floor":["M","?","$","?","?","R","M","M","T","M","R","M","$","M","R","B",null,"M","?","M","$","?","R","M","M","T","R","M","R","M","M","R","B"],"character_chosen":"THE_SILENT","items_purchased":["Infinite Blades","After Image","Accuracy","Leg Sweep"],"campfire_rested":3,"item_purchase_floors":[3,13,21,21],"current_hp_per_floor":[44,30,30,30,19,19,17,17,17,17,17,17,17,17,38,22,58,56,56,53,53,53,53,28,19,19,19,16,37,18,5,26,0],"gold":116,"neow_bonus":"TWO_FIFTY_GOLD","is_prod":false,"is_daily":false,"chose_seed":false,"campfire_upgraded":4,"win_rate":0,"timestamp":1549855940,"path_taken":["M","?","$","?","?","R","M","M","T","M","R","M","$","M","R","BOSS","M","?","?","$","?","R","M","M","T","R","?","R","M","M","R","BOSS"],"build_version":"2019-01-23","purchased_purges":3,"victory":false,"max_hp_per_floor":[70,70,70,70,70,70,70,70,70,70,70,70,70,70,70,70,70,70,70,70,70,70,70,70,70,70,70,70,70,70,70,70,70],"card_choices":[{"not_picked":["Acrobatics","Deflect"],"picked":"Choke","floor":1.0},{"not_picked":["Underhanded Strike","Dodge and Roll"],"picked":"Cloak And Dagger","floor":7.0},{"not_picked":["Sucker Punch","Bane"],"picked":"Cloak And Dagger","floor":8.0},{"not_picked":["Bane","Dagger Throw"],"picked":"Deflect","floor":10.0},{"not_picked":["Setup","Terror"],"picked":"Venomology","floor":12.0},{"not_picked":["Backflip","Outmaneuver"],"picked":"Cloak And Dagger","floor":14.0},{"not_picked":["Venomology","Envenom"],"picked":"Burst","floor":16.0},{"not_picked":["Predator","Heel Hook"],"picked":"Deflect+1","floor":18.0},{"not_picked":["Deflect","Flying Knee"],"picked":"Choke","floor":20.0},{"not_picked":["Dagger Throw","Setup"],"picked":"Deflect+1","floor":24.0},{"not_picked":["Night Terror","Eviscerate"],"picked":"Infinite Blades","floor":25},{"not_picked":["All Out Attack","Slice","Poisoned Stab"],"picked":"SKIP","floor":28},{"not_picked":["Endless Agony+1","Outmaneuver","Quick Slash"],"picked":"SKIP","floor":30},{"not_picked":["Sucker Punch+1","Dagger Throw+1","Deflect"],"picked":"SKIP","floor":31}],"player_experience":901529,"relics_obtained":[{"floor":9.0,"key":"Smiling Mask"},{"floor":26,"key":"Paper Crane"}],"event_choices":[{"damage_healed":0.0,"max_hp_gain":0.0,"max_hp_loss":0.0,"gold_gain":0.0,"event_name":"Shining Light","player_choice":"Entered Light","floor":2.0,"gold_loss":0.0,"damage_taken":14.0,"cards_upgraded":["Choke","Strike_G"]},{"cards_removed":["Defend_G"],"damage_healed":0.0,"max_hp_gain":0.0,"max_hp_loss":0.0,"gold_gain":0.0,"event_name":"The Cleric","player_choice":"Card Removal","floor":4.0,"gold_loss":50.0,"damage_taken":0.0},{"damage_healed":0.0,"max_hp_gain":0.0,"max_hp_loss":0.0,"gold_gain":75.0,"event_name":"World of Goop","player_choice":"Gather Gold","floor":5.0,"gold_loss":0.0,"damage_taken":11.0},{"damage_healed":0.0,"max_hp_gain":0.0,"max_hp_loss":0.0,"gold_gain":0.0,"event_name":"Match and Keep!","player_choice":"2 cards matched","floor":19.0,"gold_loss":0.0,"damage_taken":0.0,"cards_obtained":["Neutralize","Burst"]},{"damage_healed":0.0,"max_hp_gain":0.0,"max_hp_loss":0.0,"gold_gain":0.0,"event_name":"N\u0027loth","player_choice":"Traded Relic","floor":22.0,"relics_lost":["Smiling Mask"],"gold_loss":0.0,"damage_taken":0.0,"relics_obtained":["Nloth\u0027s Gift"]}],"is_beta":false,"boss_relics":[{"not_picked":["Cursed Key","Eternal Feather"],"picked":"Sozu"}],"items_purged_floors":[3,13,21],"is_endless":false,"potions_floor_spawned":[10,12,14,16,24,28,31],"killed_by":"Automaton","ascension_level":9}