{"gold_per_floor":[109,109,109,130,154,154,154,154,177,177,221,237,250,275,275,403,403,418,433,348,117,137,137,137,137,137,137,158,196,217,242,242,242],"floor_reached":33,"playtime":1127,"items_purged":["Strike_B"],"score":269,"play_id":"02c3a3d7-fd2e-4f3b-9527-74fe7211d2cd","local_time":"20190702052845","is_ascension_mode":false,"campfire_choices":[{"data":"Static Discharge","floor":6,"key":"SMITH"},{"data":"Storm","floor":8,"key":"SMITH"},{"data":"Zap","floor":10,"key":"SMITH"},{"floor":15,"key":"REST"},{"data":"Buffer","floor":23,"key":"SMITH"},{"data":"Double Energy","floor":25,"key":"SMITH"},{"data":"Tempest","floor":27,"key":"SMITH"},{"floor":32,"key":"REST"}],"neow_cost":"NONE","seed_source_timestamp":95653050795800,"circlet_count":0,"master_deck":["Defend_B","Defend_B+1","Defend_B","Defend_B","Zap+1","Dualcast+1","Glacier","Static Discharge+1","Storm+1","Ball Lightning","Buffer+1","Steam","Electrodynamics","Tempest+1","Double Energy+1","Loop"],"relics":["Cracked Core","Golden Idol","Regal Pillow","PreservedInsect","Sozu","Kunai","Bag of Preparation","Bag of Marbles","Strawberry"],"potions_floor_usage":[11,33,33,33],"damage_taken":[{"damage":8,"enemies":"Small Slimes","floor":1,"turns":3},{"damage":1,"enemies":"Jaw Worm","floor":4,"turns":6},{"damage":1,"enemies":"2 Louse","floor":5,"turns":2},{"damage":5,"enemies":"Gremlin Nob","floor":11,"turns":3},{"damage":7,"enemies":"2 Fungi Beasts","floor":12,"turns":2},{"damage":5,"enemies":"Red Slaver","floor":13,"turns":2},{"damage":6,"enemies":"3 Louse","floor":14,"turns":3},{"damage":28,"enemies":"Slime Boss","floor":16,"turns":10},{"damage":10,"enemies":"Chosen","floor":18,"turns":3},{"damage":12,"enemies":"2 Thieves","floor":19,"turns":2},{"damage":3,"enemies":"Chosen and Byrds","floor":22,"turns":4},{"damage":0,"enemies":"Snecko","floor":28,"turns":3},{"damage":12,"enemies":"Gremlin Leader","floor":29,"turns":4},{"damage":7,"enemies":"Snake Plant","floor":30,"turns":2},{"damage":19,"enemies":"Centurion and Healer","floor":31,"turns":3},{"damage":65,"enemies":"Champ","floor":33,"turns":19}],"seed_played":"-4200421662320204138","potions_obtained":[{"floor":1,"key":"Dexterity Potion"},{"floor":5,"key":"SkillPotion"},{"floor":13,"key":"Weak Potion"},{"floor":14,"key":"EssenceOfSteel"}],"is_trial":false,"path_per_floor":["M","?","?","M","M","R","?","R","T","R","E","M","M","M","R","B",null,"M","M","?","$","M","R","?","R","T","R","M","E","M","M","R","B"],"character_chosen":"DEFECT","items_purchased":["Bag of Preparation"],"campfire_rested":2,"item_purchase_floors":[21],"current_hp_per_floor":[67,49,49,48,47,47,32,32,32,32,27,20,15,9,46,18,75,65,53,53,53,50,50,50,50,50,50,50,45,38,19,58,0],"gold":242,"neow_bonus":"REMOVE_CARD","is_prod":false,"is_daily":false,"chose_seed":false,"campfire_upgraded":6,"win_rate":0,"timestamp":1562012925,"path_taken":["M","?","?","M","M","R","?","R","T","R","E","M","M","M","R","BOSS","M","M","?","$","M","R","?","R","T","R","M","E","M","?","R","BOSS"],"build_version":"2019-01-23","purchased_purges":1,"victory":false,"max_hp_per_floor":[75,75,75,75,75,75,75,75,75,75,75,75,75,75,75,75,75,75,75,75,75,75,75,75,75,75,75,75,82,82,82,82,82],"card_choices":[{"not_picked":["Fusion","Lockon"],"picked":"Glacier","floor":1},{"not_picked":["Coolheaded","Tempest"],"picked":"Static Discharge","floor":4},{"not_picked":["Coolheaded","Hologram"],"picked":"Storm","floor":5},{"not_picked":["Beam Cell","Double Energy"],"picked":"Ball Lightning","floor":11},{"not_picked":["Sweeping Beam","Leap"],"picked":"Buffer","floor":12},{"not_picked":["Compile Driver","Turbo","Coolheaded"],"picked":"SKIP","floor":13},{"not_picked":["Hyperbeam","Gash"],"picked":"Steam","floor":14},{"not_picked":["Echo Form","Seek"],"picked":"Electrodynamics","floor":16},{"not_picked":["Gash","Barrage","Rebound"],"picked":"SKIP","floor":18},{"not_picked":["Chill","Fusion"],"picked":"Tempest","floor":19},{"not_picked":["Blizzard","Sweeping Beam"],"picked":"Double Energy","floor":22},{"not_picked":["Barrage+1","Steam Power","Gash"],"picked":"SKIP","floor":28},{"not_picked":["Recycle","Hello World","Barrage"],"picked":"SKIP","floor":29},{"not_picked":["Beam Cell","Rebound"],"picked":"Loop","floor":30},{"not_picked":["Barrage","Melter","Turbo"],"picked":"SKIP","floor":31}],"player_experience":1089345,"relics_obtained":[{"floor":9,"key":"Regal Pillow"},{"floor":11,"key":"PreservedInsect"},{"floor":26,"key":"Bag of Marbles"},{"floor":29,"key":"Strawberry"}],"event_choices":[{"damage_healed":0,"gold_gain":0,"player_choice":"Take Damage","damage_taken":18,"relics_obtained":["Golden Idol"],"max_hp_gain":0,"max_hp_loss":0,"event_name":"Golden Idol","floor":2,"gold_loss":0},{"cards_removed":["Strike_B"],"damage_healed":0,"gold_gain":0,"player_choice":"Forget","damage_taken":0,"max_hp_gain":0,"max_hp_loss":0,"event_name":"Living Wall","floor":3,"gold_loss":0},{"damage_healed":0,"gold_gain":0,"player_choice":"Entered Light","damage_taken":15,"max_hp_gain":0,"max_hp_loss":0,"event_name":"Shining Light","floor":7,"gold_loss":0,"cards_upgraded":["Defend_B","Dualcast"]},{"damage_healed":0,"gold_gain":0,"player_choice":"Obtained Relic","damage_taken":0,"relics_obtained":["Kunai"],"max_hp_gain":0,"max_hp_loss":0,"event_name":"Addict","floor":20,"gold_loss":85},{"cards_removed":["Strike_B"],"damage_healed":0,"gold_gain":0,"player_choice":"Offered Basic","damage_taken":0,"max_hp_gain":0,"max_hp_loss":0,"event_name":"Bonfire Elementals","floor":24,"gold_loss":0}],"is_beta":false,"boss_relics":[{"not_picked":["Empty Cage","Velvet Choker"],"picked":"Sozu"}],"items_purged_floors":[21],"is_endless":false,"potions_floor_spawned":[1,5,13,14,19,22,28],"killed_by":"Champ","ascension_level":0}