{"gold_per_floor":[110,120,37,37,50,50,50,80,134,161,174,186,218,218,218,292,292,212,212,212,47,47,47,47,47,47,47,47,47,47,47,47,47,47,47,47,47,47,47,47,47,47,47,47,47,47,47,47,47,47],"floor_reached":50,"playtime":3601,"items_purged":[],"score":1307,"play_id":"3918f705-c026-47bc-9b7e-21f32bd8bcaf","local_time":"20190501144206","is_ascension_mode":true,"campfire_choices":[{"data":"Bash","floor":6.0,"key":"SMITH"},{"data":"Disarm","floor":15.0,"key":"SMITH"},{"data":"Immolate","floor":23.0,"key":"SMITH"},{"data":"J.A.X.","floor":32.0,"key":"SMITH"},{"data":"1","floor":41.0,"key":"LIFT"},{"data":"2","floor":44.0,"key":"LIFT"},{"data":"3","floor":46.0,"key":"LIFT"},{"floor":49,"key":"RECALL"}],"neow_cost":"NONE","seed_source_timestamp":445397031508100,"circlet_count":0,"master_deck":["AscendersBane","Strike_R","Strike_R","Strike_R","Strike_R","Defend_R","Defend_R","Defend_R","Defend_R","Bash+1","Perfected Strike","Inflame","Metallicize","Thunderclap+1","Iron Wave","True Grit","Shrug It Off","Disarm+1","Immolate+1","Pummel+1","RitualDagger","J.A.X.+1","Disarm","Reaper","Sword Boomerang","Armaments+1","Offering","Offering","Shrug It Off+1","Iron Wave","Dark Shackles","Good Instincts","Magnetism","Shrug It Off","Clothesline","Headbutt","Sword Boomerang","Seeing Red"],"special_seed":0,"relics":["Burning Blood","Vajra","Strawberry","Kunai","Blood Vial","Regal Pillow","Lantern","Ectoplasm","Centennial Puzzle","Paper Frog","Old Coin","Red Mask","Runic Pyramid","WingedGreaves","Girya","Whetstone","Bag of Preparation","Nunchaku"],"potions_floor_usage":[],"damage_taken":[{"damage":2.0,"enemies":"2 Louse","floor":1.0,"turns":3.0},{"damage":1.0,"enemies":"Cultist","floor":2.0,"turns":3.0},{"damage":7.0,"enemies":"Jaw Worm","floor":5.0,"turns":3.0},{"damage":8.0,"enemies":"Gremlin Nob","floor":8.0,"turns":3.0},{"damage":29.0,"enemies":"Lagavulin","floor":10.0,"turns":6.0},{"damage":9.0,"enemies":"3 Louse","floor":11.0,"turns":4.0},{"damage":3.0,"enemies":"Looter","floor":12.0,"turns":4.0},{"damage":18.0,"enemies":"3 Sentries","floor":13.0,"turns":10.0},{"damage":2.0,"enemies":"The Guardian","floor":16.0,"turns":12.0},{"damage":18.0,"enemies":"2 Thieves","floor":18.0,"turns":4.0},{"damage":27.0,"enemies":"Shell Parasite","floor":22.0,"turns":7.0},{"damage":24.0,"enemies":"Gremlin Leader","floor":24.0,"turns":7.0},{"damage":13.0,"enemies":"Slavers","floor":27.0,"turns":8.0},{"damage":19.0,"enemies":"3 Cultists","floor":28.0,"turns":4.0},{"damage":2.0,"enemies":"Cultist and Chosen","floor":29.0,"turns":5.0},{"damage":9.0,"enemies":"Masked Bandits","floor":30.0,"turns":4.0},{"damage":35.0,"enemies":"Champ","floor":33.0,"turns":13.0},{"damage":12.0,"enemies":"Orb Walker","floor":35.0,"turns":3.0},{"damage":10.0,"enemies":"3 Shapes","floor":36.0,"turns":3.0},{"damage":15.0,"enemies":"Transient","floor":37.0,"turns":6.0},{"damage":20.0,"enemies":"2 Orb Walkers","floor":39.0,"turns":3.0},{"damage":63.0,"enemies":"Giant Head","floor":40.0,"turns":7.0},{"damage":21.0,"enemies":"Nemesis","floor":42.0,"turns":7.0},{"damage":36.0,"enemies":"Giant Head","floor":45.0,"turns":6.0},{"damage":15,"enemies":"Nemesis","floor":47,"turns":7},{"damage":5,"enemies":"Writhing Mass","floor":48,"turns":7},{"damage":70,"enemies":"Donu and Deca","floor":50,"turns":5}],"seed_played":"-9026274814753203896","potions_obtained":[{"floor":2.0,"key":"BloodPotion"},{"floor":5.0,"key":"Fruit Juice"},{"floor":13.0,"key":"LiquidBronze"},{"floor":16.0,"key":"AttackPotion"},{"floor":28.0,"key":"SteroidPotion"},{"floor":30.0,"key":"Swift Potion"},{"floor":39.0,"key":"LiquidBronze"}],"is_trial":false,"path_per_floor":["M","M","$","?","M","R","?","E","T","E","M","M","E","?","R","B",null,"M","?","?","$","M","R","E","?","T","E","M","M","?","?","R","B",null,"M","M","M","?","?","E","R","E","T","R","E","R","E","M","R","B"],"character_chosen":"IRONCLAD","items_purchased":["Metallicize","Disarm","Reaper"],"campfire_rested":0,"item_purchase_floors":[3,21,21],"current_hp_per_floor":[72,75,75,75,74,74,55,53,53,32,31,36,31,36,36,42,80,70,64,64,64,52,52,74,74,74,89,92,92,89,89,89,79,89,89,87,92,82,92,42,42,50,50,50,22,22,34,45,45,0],"gold":47,"neow_bonus":"RANDOM_COMMON_RELIC","is_prod":false,"is_daily":false,"chose_seed":false,"campfire_upgraded":4,"win_rate":0,"timestamp":1556710926,"path_taken":["M","M","$","?","?","R","?","E","T","E","M","M","E","?","R","BOSS","M","?","?","$","M","R","E","?","T","E","M","?","?","?","R","BOSS","M","M","M","?","?","E","R","E","T","R","E","R","E","M","R","BOSS"],"build_version":"2019-01-23","purchased_purges":0,"victory":false,"max_hp_per_floor":[75,75,75,75,75,75,82,82,82,82,82,82,87,92,92,92,92,92,92,92,92,92,92,92,92,92,92,92,92,92,92,92,92,92,92,92,92,92,92,92,92,92,92,92,92,92,92,92,92,92],"card_choices":[{"not_picked":["Cleave","Anger"],"picked":"Perfected Strike","floor":1.0},{"not_picked":["Fire Breathing","Headbutt"],"picked":"Inflame","floor":2.0},{"not_picked":["Carnage","Cleave"],"picked":"Thunderclap","floor":5.0},{"not_picked":["Flex","Rupture"],"picked":"Iron Wave","floor":8.0},{"not_picked":["Wild Strike","Fire Breathing"],"picked":"True Grit","floor":10.0},{"not_picked":["Armaments","Headbutt","Bloodletting"],"picked":"SKIP","floor":11.0},{"not_picked":["Heavy Blade","True Grit"],"picked":"Shrug It Off","floor":12.0},{"not_picked":["Headbutt","Body Slam"],"picked":"Disarm","floor":13.0},{"not_picked":["Demon Form","Fiend Fire"],"picked":"Immolate","floor":16.0},{"not_picked":["Perfected Strike","Twin Strike"],"picked":"Pummel","floor":18.0},{"not_picked":["Twin Strike","Dual Wield"],"picked":"Sword Boomerang","floor":22.0},{"not_picked":["Infernal Blade","Seeing Red+1"],"picked":"Armaments+1","floor":24.0},{"not_picked":["Second Wind","Havoc","Bloodletting"],"picked":"SKIP","floor":27.0},{"not_picked":["Cleave+1","Intimidate","True Grit"],"picked":"SKIP","floor":28.0},{"not_picked":["Wild Strike","Reckless Charge","Clash"],"picked":"SKIP","floor":29.0},{"not_picked":["Body Slam","Carnage"],"picked":"Offering","floor":30.0},{"not_picked":["Brutality","Double Tap"],"picked":"Offering","floor":33.0},{"not_picked":["Searing Blow","Flex"],"picked":"Shrug It Off+1","floor":35.0},{"not_picked":["Wild Strike+1","Heavy Blade"],"picked":"Iron Wave","floor":36.0},{"not_picked":["Entrench+1","Bloodletting","Pommel Strike"],"picked":"SKIP","floor":37.0},{"not_picked":["Blind","Violence"],"picked":"Dark Shackles","floor":38.0},{"not_picked":["Madness","The Bomb"],"picked":"Good Instincts","floor":38.0},{"not_picked":["Purity","The Bomb"],"picked":"Magnetism","floor":38.0},{"not_picked":["Hemokinesis+1","Twin Strike+1"],"picked":"Shrug It Off","floor":39.0},{"not_picked":["Twin Strike","Cleave+1"],"picked":"Clothesline","floor":40.0},{"not_picked":["Flex","Reckless Charge+1","Perfected Strike+1"],"picked":"SKIP","floor":42.0},{"not_picked":["Sword Boomerang","Exhume"],"picked":"Headbutt","floor":45.0},{"not_picked":["Carnage","Twin Strike"],"picked":"Sword Boomerang","floor":47},{"not_picked":["Body Slam","Pommel Strike"],"picked":"Seeing Red","floor":48}],"player_experience":993573,"relics_obtained":[{"floor":8.0,"key":"Kunai"},{"floor":9.0,"key":"Blood Vial"},{"floor":10.0,"key":"Regal Pillow"},{"floor":13.0,"key":"Lantern"},{"floor":24.0,"key":"Centennial Puzzle"},{"floor":26.0,"key":"Paper Frog"},{"floor":27.0,"key":"Old Coin"},{"floor":30.0,"key":"Red Mask"},{"floor":39.0,"key":"WingedGreaves"},{"floor":40.0,"key":"Girya"},{"floor":42.0,"key":"Whetstone"},{"floor":45.0,"key":"Bag of Preparation"},{"floor":47,"key":"Nunchaku"}],"event_choices":[{"cards_removed":["Strike_R"],"damage_healed":0.0,"max_hp_gain":0.0,"max_hp_loss":0.0,"gold_gain":0.0,"event_name":"Purifier","player_choice":"Purged","floor":4.0,"gold_loss":0.0,"damage_taken":0.0},{"damage_healed":0.0,"max_hp_gain":0.0,"max_hp_loss":0.0,"gold_gain":0.0,"event_name":"Scrap Ooze","player_choice":"Success","floor":7.0,"gold_loss":0.0,"damage_taken":26.0,"relics_obtained":["Strawberry"]},{"damage_healed":0.0,"max_hp_gain":5.0,"max_hp_loss":0.0,"gold_gain":0.0,"event_name":"Big Fish","player_choice":"Donut","floor":14.0,"gold_loss":0.0,"damage_taken":0.0},{"damage_healed":0.0,"max_hp_gain":0.0,"max_hp_loss":0.0,"gold_gain":0.0,"event_name":"Nest","player_choice":"Joined the Cult","floor":19.0,"gold_loss":0.0,"damage_taken":6.0,"cards_obtained":["RitualDagger"]},{"damage_healed":0.0,"max_hp_gain":0.0,"max_hp_loss":0.0,"gold_gain":0.0,"event_name":"Drug Dealer","player_choice":"Obtain J.A.X.","floor":20.0,"gold_loss":0.0,"damage_taken":0.0,"cards_obtained":["J.A.X."]},{"damage_healed":0.0,"max_hp_gain":0.0,"max_hp_loss":0.0,"gold_gain":0.0,"event_name":"Lab","player_choice":"Got Potions","floor":25.0,"gold_loss":0.0,"damage_taken":0.0},{"damage_healed":0.0,"max_hp_gain":0.0,"max_hp_loss":0.0,"gold_gain":0.0,"event_name":"Masked Bandits","player_choice":"Fought Bandits","floor":30.0,"gold_loss":0.0,"damage_taken":0.0},{"damage_healed":0.0,"max_hp_gain":0.0,"max_hp_loss":0.0,"gold_gain":0.0,"event_name":"Beggar","player_choice":"Ignored","floor":31.0,"gold_loss":0.0,"damage_taken":0.0},{"damage_healed":0.0,"max_hp_gain":0.0,"max_hp_loss":0.0,"gold_gain":0.0,"event_name":"SensoryStone","player_choice":"Memory 3","floor":38.0,"gold_loss":0.0,"damage_taken":10.0},{"damage_healed":0.0,"max_hp_gain":0.0,"max_hp_loss":0.0,"gold_gain":0.0,"event_name":"Mysterious Sphere","player_choice":"Fight","floor":39.0,"gold_loss":0.0,"damage_taken":0.0}],"is_beta":false,"boss_relics":[{"not_picked":["Eternal Feather","Orrery"],"picked":"Ectoplasm"},{"not_picked":["Runic Dome","Black Blood"],"picked":"Runic Pyramid"}],"items_purged_floors":[],"is_endless":false,"potions_floor_spawned":[2,5,13,16,28,30,33,36,39,48],"killed_by":"Donu and Deca","ascension_level":20}