{"gold_per_floor":[118,43,8,28,45,45,63,63,89,89,89,89,108,126,126,228,228,245,259,273,273,273],"floor_reached":22,"playtime":1191,"items_purged":["Parasite"],"score":178,"play_id":"625e3b6f-93b8-4d02-85c1-f84f3b23eacb","local_time":"20190603060621","is_ascension_mode":false,"campfire_choices":[{"data":"Zap","floor":6,"key":"SMITH"},{"data":"Dualcast","floor":8,"key":"SMITH"},{"data":"Capacitor","floor":10,"key":"SMITH"},{"data":"Storm","floor":15,"key":"SMITH"}],"neow_cost":"CURSE","seed_source_timestamp":256052625155870,"circlet_count":0,"master_deck":["Strike_B","Strike_B","Strike_B","Strike_B","Defend_B","Defend_B","Defend_B","Defend_B","Zap+1","Dualcast+1","Capacitor+1","Cold Snap","Conserve Battery","FTL","Go for the Eyes","Storm+1","Seek","Undo","Sweeping Beam+1"],"relics":["Cracked Core","Gambling Chip","Regal Pillow","Anchor","Philosopher\u0027s Stone","Singing Bowl"],"potions_floor_usage":[19,20,20],"damage_taken":[{"damage":0,"enemies":"2 Louse","floor":1,"turns":2},{"damage":1,"enemies":"Cultist","floor":4,"turns":3},{"damage":0,"enemies":"Small Slimes","floor":5,"turns":2},{"damage":5,"enemies":"Exordium Wildlife","floor":7,"turns":6},{"damage":0,"enemies":"Blue Slaver","floor":13,"turns":2},{"damage":0,"enemies":"3 Louse","floor":14,"turns":2},{"damage":27,"enemies":"The Guardian","floor":16,"turns":13},{"damage":2,"enemies":"Chosen","floor":18,"turns":6},{"damage":16,"enemies":"Spheric Guardian","floor":19,"turns":5},{"damage":47,"enemies":"Cultist and Chosen","floor":20,"turns":11}],"seed_played":"-4607437622266845681","potions_obtained":[{"floor":1,"key":"SkillPotion"},{"floor":7,"key":"EssenceOfSteel"},{"floor":18,"key":"SneckoOil"},{"floor":19,"key":"Block Potion"},{"floor":20,"key":"GamblersBrew"}],"is_trial":false,"path_per_floor":["M","$","?","M","M","R","M","R","T","R","?","?","M","M","R","B",null,"M","M","M","?","?"],"character_chosen":"DEFECT","items_purchased":[],"campfire_rested":0,"item_purchase_floors":[],"current_hp_per_floor":[75,72,72,71,71,71,66,66,66,66,41,41,41,41,41,14,72,70,54,7,7,0],"gold":273,"neow_bonus":"ONE_RARE_RELIC","is_prod":false,"is_daily":false,"chose_seed":false,"campfire_upgraded":4,"win_rate":0,"timestamp":1559509581,"path_taken":["M","$","?","M","M","R","M","R","T","R","?","?","?","M","R","BOSS","M","M","?","?","?"],"build_version":"2019-01-23","purchased_purges":1,"victory":false,"max_hp_per_floor":[75,72,72,72,72,72,72,72,72,72,72,72,72,72,72,72,72,72,72,72,72,77],"card_choices":[{"not_picked":["Chaos","FTL"],"picked":"Capacitor","floor":1},{"not_picked":["Beam Cell","Auto Shields"],"picked":"Cold Snap","floor":4},{"not_picked":["Turbo","Steam"],"picked":"Conserve Battery","floor":5},{"not_picked":["Compile Driver","Steam Power"],"picked":"FTL","floor":7},{"not_picked":["Rebound","Beam Cell"],"picked":"Go for the Eyes","floor":13},{"not_picked":["Scrape","Leap"],"picked":"Storm","floor":14},{"not_picked":["Amplify","Rainbow"],"picked":"Seek","floor":16},{"not_picked":["Streamline","Compile Driver","Genetic Algorithm"],"picked":"SKIP","floor":18},{"not_picked":["White Noise","Streamline"],"picked":"Undo","floor":19},{"not_picked":["Turbo","Beam Cell"],"picked":"Sweeping Beam+1","floor":20}],"player_experience":975920,"relics_obtained":[{"floor":9,"key":"Regal Pillow"}],"event_choices":[{"damage_healed":18,"gold_gain":0,"player_choice":"Healed","damage_taken":0,"max_hp_gain":0,"max_hp_loss":0,"event_name":"The Cleric","floor":3,"gold_loss":35},{"damage_healed":0,"gold_gain":0,"player_choice":"Success","damage_taken":25,"relics_obtained":["Anchor"],"max_hp_gain":0,"max_hp_loss":0,"event_name":"Scrap Ooze","floor":11,"gold_loss":0},{"damage_healed":0,"gold_gain":0,"player_choice":"Ignored","damage_taken":0,"max_hp_gain":0,"max_hp_loss":0,"event_name":"NoteForYourself","floor":12,"gold_loss":0},{"damage_healed":0,"gold_gain":0,"player_choice":"Opened","damage_taken":0,"relics_obtained":["Singing Bowl"],"max_hp_gain":0,"max_hp_loss":0,"event_name":"The Mausoleum","floor":21,"gold_loss":0}],"is_beta":false,"boss_relics":[{"not_picked":["Fusion Hammer","Busted Crown"],"picked":"Philosopher\u0027s Stone"}],"items_purged_floors":[2],"is_endless":false,"potions_floor_spawned":[1,7,18,19,20],"ascension_level":0}