{"gold_per_floor":[20,20,38,50,70,70,70,70,70,70,70,105,116,149,149,149],"floor_reached":16,"playtime":592,"items_purged":[],"score":187,"play_id":"18dc7d5c-cc70-4c24-9c5e-0c9d12b42d2b","local_time":"20190612034835","is_ascension_mode":true,"campfire_choices":[{"data":"Neutralize","floor":6,"key":"SMITH"},{"data":"Venomology","floor":8,"key":"SMITH"},{"data":"Accuracy","floor":10,"key":"SMITH"},{"data":"Infinite Blades","floor":15,"key":"SMITH"}],"neow_cost":"NO_GOLD","seed_source_timestamp":1025953191626763,"circlet_count":0,"master_deck":["AscendersBane","Defend_G","Defend_G","Defend_G","Defend_G","Defend_G","Strike_G","Strike_G","Strike_G","Strike_G","Strike_G","Survivor","Neutralize+1","Venomology+1","Predator","Accuracy+1","Dagger Throw","Infinite Blades+1","Malaise+1","Acrobatics+1"],"special_seed":0,"relics":["Ring of the Snake","Letter Opener","Turnip","PreservedInsect","Toxic Egg 2","Tough Bandages"],"potions_floor_usage":[4,5,12,14,14,16,16],"damage_taken":[{"damage":1,"enemies":"2 Louse","floor":1,"turns":3},{"damage":8,"enemies":"Small Slimes","floor":3,"turns":4},{"damage":1,"enemies":"Jaw Worm","floor":4,"turns":5},{"damage":11,"enemies":"Blue Slaver","floor":5,"turns":5},{"damage":2,"enemies":"3 Sentries","floor":12,"turns":4},{"damage":0,"enemies":"Large Slime","floor":13,"turns":4},{"damage":2,"enemies":"Gremlin Nob","floor":14,"turns":3},{"damage":40,"enemies":"Slime Boss","floor":16,"turns":5}],"seed_played":"-4845293300355672382","potions_obtained":[{"floor":3,"key":"PowerPotion"},{"floor":14,"key":"Strength Potion"}],"is_trial":false,"path_per_floor":["M","$","M","M","M","R","?","R","T","R","?","E","M","E","R","B"],"character_chosen":"THE_SILENT","items_purchased":[],"campfire_rested":0,"item_purchase_floors":[],"current_hp_per_floor":[58,58,50,49,38,38,38,38,38,38,31,29,29,27,27,0],"gold":149,"neow_bonus":"THREE_RARE_CARDS","is_prod":false,"is_daily":false,"chose_seed":false,"campfire_upgraded":4,"win_rate":0,"timestamp":1560278915,"path_taken":["M","$","M","M","M","R","?","R","T","R","?","E","M","E","R","BOSS"],"build_version":"2019-01-23","purchased_purges":0,"victory":false,"max_hp_per_floor":[66,66,66,66,66,66,66,66,66,66,66,66,66,66,66,66],"card_choices":[{"not_picked":["Night Terror","Wraith Form v2"],"picked":"Venomology","floor":0.0},{"not_picked":["Sucker Punch","Slice"],"picked":"Predator","floor":1},{"not_picked":["Deadly Poison","Bouncing Flask"],"picked":"Accuracy","floor":3},{"not_picked":["Underhanded Strike","Flechettes"],"picked":"Dagger Throw","floor":4},{"not_picked":["Dagger Throw","Crippling Poison"],"picked":"Infinite Blades","floor":5},{"not_picked":["Cloak And Dagger","Prepared"],"picked":"Malaise","floor":12},{"not_picked":["Dagger Throw","Sucker Punch","Underhanded Strike"],"picked":"SKIP","floor":13},{"not_picked":["Blade Dance+1","Catalyst+1"],"picked":"Acrobatics+1","floor":14}],"player_experience":1030131,"relics_obtained":[{"floor":9,"key":"Turnip"},{"floor":12,"key":"Toxic Egg 2"},{"floor":14,"key":"Tough Bandages"}],"event_choices":[{"damage_healed":0,"gold_gain":0,"player_choice":"Searched \u00271\u0027 times","damage_taken":0,"relics_obtained":["Letter Opener"],"max_hp_gain":0,"max_hp_loss":0,"event_name":"Dead Adventurer","floor":7,"gold_loss":0},{"damage_healed":0,"gold_gain":0,"player_choice":"Success","damage_taken":7,"relics_obtained":["PreservedInsect"],"max_hp_gain":0,"max_hp_loss":0,"event_name":"Scrap Ooze","floor":11,"gold_loss":0}],"is_beta":false,"boss_relics":[],"items_purged_floors":[],"is_endless":false,"potions_floor_spawned":[3,14],"killed_by":"Slime Boss","ascension_level":14}