{"gold_per_floor":[112,131,131,148,148,177,4,38,38,95,105,105,119,147,147,147],"floor_reached":16,"playtime":576,"items_purged":[],"score":260,"play_id":"54754ecf-7feb-4fd2-8d08-f00771787633","local_time":"20190618150534","is_ascension_mode":true,"campfire_choices":[{"floor":12.0,"key":"REST"},{"data":"Disarm","floor":15.0,"key":"SMITH"}],"neow_cost":"NONE","seed_source_timestamp":0,"circlet_count":0,"master_deck":["AscendersBane","Strike_R","Strike_R","Strike_R","Strike_R","Defend_R","Defend_R","Defend_R","Defend_R","Bash","Armaments","Clothesline","Anger","Flame Barrier","Disarm+1","Battle Trance","Battle Trance"],"special_seed":0,"relics":["Burning Blood","Bottled Lightning","Red Skull","Shovel","Bird Faced Urn","Tiny Chest","Dream Catcher"],"potions_floor_usage":[],"damage_taken":[{"damage":6.0,"enemies":"Cultist","floor":1.0,"turns":4.0},{"damage":9.0,"enemies":"2 Louse","floor":2.0,"turns":4.0},{"damage":4.0,"enemies":"Jaw Worm","floor":4.0,"turns":3.0},{"damage":31.0,"enemies":"Lagavulin","floor":6.0,"turns":8.0},{"damage":21.0,"enemies":"Gremlin Nob","floor":8.0,"turns":4.0},{"damage":22.0,"enemies":"3 Sentries","floor":10.0,"turns":9.0},{"damage":4.0,"enemies":"Exordium Wildlife","floor":11.0,"turns":2.0},{"damage":15.0,"enemies":"3 Louse","floor":13.0,"turns":4.0},{"damage":26.0,"enemies":"Gremlin Nob","floor":14.0,"turns":4.0},{"damage":19,"enemies":"The Guardian","floor":16,"turns":2}],"seed_played":"-6879430381538777538","potions_obtained":[{"floor":2.0,"key":"Ancient Potion"},{"floor":6.0,"key":"Swift Potion"},{"floor":10.0,"key":"Explosive Potion"},{"floor":13.0,"key":"SteroidPotion"}],"is_trial":false,"path_per_floor":["M","M","?","M","?","E","$","E","T","E","M","R","M","E","R","B"],"character_chosen":"IRONCLAD","items_purchased":["Red Skull"],"campfire_rested":1,"item_purchase_floors":[7],"current_hp_per_floor":[68,65,65,67,72,47,47,32,32,16,18,42,33,13,13,0],"gold":147,"neow_bonus":"TRANSFORM_CARD","is_prod":false,"is_daily":false,"chose_seed":false,"campfire_upgraded":1,"win_rate":0,"timestamp":1560859534,"path_taken":["M","M","?","M","?","E","?","E","T","E","?","R","M","E","R","BOSS"],"build_version":"2019-01-23","purchased_purges":0,"victory":false,"max_hp_per_floor":[75,75,75,75,80,80,80,80,80,80,80,80,80,80,80,80],"card_choices":[{"not_picked":["Thunderclap","Shockwave"],"picked":"Clothesline","floor":1.0},{"not_picked":["Heavy Blade","Twin Strike"],"picked":"Anger","floor":2.0},{"not_picked":["Entrench","Anger"],"picked":"Flame Barrier","floor":4.0},{"not_picked":["Rage","Intimidate"],"picked":"Disarm","floor":6.0},{"not_picked":["Sever Soul","Second Wind","Rage"],"picked":"SKIP","floor":8.0},{"not_picked":["Body Slam","Clothesline"],"picked":"Battle Trance","floor":10.0},{"not_picked":["Body Slam","Searing Blow","Heavy Blade"],"picked":"SKIP","floor":11.0},{"not_picked":["Flex","Headbutt"],"picked":"Battle Trance","floor":13.0},{"not_picked":["Uppercut","Rupture","Havoc"],"picked":"SKIP","floor":14.0}],"player_experience":1138875,"relics_obtained":[{"floor":6.0,"key":"Bottled Lightning"},{"floor":8.0,"key":"Shovel"},{"floor":9.0,"key":"Bird Faced Urn"},{"floor":10.0,"key":"Tiny Chest"},{"floor":14.0,"key":"Dream Catcher"}],"event_choices":[{"damage_healed":0.0,"max_hp_gain":0.0,"max_hp_loss":0.0,"gold_gain":0.0,"event_name":"Liars Game","player_choice":"Ignored","floor":3.0,"gold_loss":0.0,"damage_taken":0.0},{"damage_healed":0.0,"max_hp_gain":5.0,"max_hp_loss":0.0,"gold_gain":0.0,"event_name":"Big Fish","player_choice":"Donut","floor":5.0,"gold_loss":0.0,"damage_taken":0.0}],"is_beta":false,"boss_relics":[],"items_purged_floors":[],"is_endless":false,"potions_floor_spawned":[2,6,10,13],"killed_by":"The Guardian","ascension_level":20}