{"gold_per_floor":[113,113,113,38,53,53,26,26,26,26,62,83,16,52,52,182,182,207,207,228,252,271,271,287,287,287,323,339,339,360,376,376,497,497,513,531,531,105,118,118,139,139,184,203,203,78,78,78,78,78],"floor_reached":51,"playtime":1105,"items_purged":["Strike_B","Defend_B","Defend_B"],"score":752,"play_id":"1f1b3d44-0307-48f5-96e6-40725aa1ae73","local_time":"20190611020358","is_ascension_mode":false,"campfire_choices":[{"data":"Defragment","floor":6,"key":"SMITH"},{"data":"Dualcast","floor":8,"key":"SMITH"},{"data":"Conserve Battery","floor":10,"key":"SMITH"},{"data":"Storm","floor":15,"key":"SMITH"},{"data":"Storm","floor":23,"key":"SMITH"},{"data":"Electrodynamics","floor":25,"key":"SMITH"},{"data":"Capacitor","floor":29,"key":"SMITH"},{"data":"Storm","floor":32,"key":"SMITH"},{"data":"Thunder Strike","floor":40,"key":"SMITH"},{"data":"Mayhem","floor":47,"key":"SMITH"},{"data":"Madness","floor":49,"key":"SMITH"}],"neow_cost":"NONE","seed_source_timestamp":932788230220224,"circlet_count":0,"master_deck":["Defend_B","Defend_B","Zap+1","Dualcast+1","Defragment+1","Storm+1","Storm+1","Electrodynamics+1","Echo Form","Conserve Battery","Storm+1","Capacitor+1","Machine Learning","Streamline+1","Thunder Strike+1","Rip and Tear+1","Redo+1","Stack+1","FTL+1","Beam Cell","Storm","Core Surge","Mayhem+1","Coolheaded+1","Madness+1","Madness"],"relics":["Cracked Core","NeowsBlessing","Golden Idol","Gambling Chip","Pear","Mercury Hourglass","Sozu","Anchor","Happy Flower","Astrolabe","Gremlin Horn","Dream Catcher"],"potions_floor_usage":[14,27,30,50],"damage_taken":[{"damage":0,"enemies":"Small Slimes","floor":1,"turns":1},{"damage":0,"enemies":"Jaw Worm","floor":5,"turns":1},{"damage":0,"enemies":"Lagavulin","floor":11,"turns":1},{"damage":0,"enemies":"Cultist","floor":12,"turns":3},{"damage":8,"enemies":"3 Sentries","floor":14,"turns":4},{"damage":7,"enemies":"The Guardian","floor":16,"turns":9},{"damage":10,"enemies":"3 Byrds","floor":18,"turns":3},{"damage":10,"enemies":"2 Thieves","floor":20,"turns":2},{"damage":0,"enemies":"Cultist and Chosen","floor":21,"turns":2},{"damage":12,"enemies":"Centurion and Healer","floor":22,"turns":2},{"damage":0,"enemies":"Snake Plant","floor":24,"turns":2},{"damage":0,"enemies":"Slavers","floor":27,"turns":2},{"damage":0,"enemies":"Chosen and Byrds","floor":28,"turns":2},{"damage":0,"enemies":"Centurion and Healer","floor":30,"turns":2},{"damage":0,"enemies":"Snecko","floor":31,"turns":3},{"damage":12,"enemies":"Automaton","floor":33,"turns":5},{"damage":1,"enemies":"3 Darklings","floor":35,"turns":3},{"damage":0,"enemies":"Orb Walker","floor":36,"turns":2},{"damage":2,"enemies":"Sphere and 2 Shapes","floor":39,"turns":2},{"damage":0,"enemies":"3 Darklings","floor":41,"turns":1},{"damage":25,"enemies":"Maw","floor":44,"turns":3},{"damage":45,"enemies":"Donu and Deca","floor":50,"turns":4}],"seed_played":"-7575743032238949119","potions_obtained":[{"floor":1,"key":"Block Potion"},{"floor":11,"key":"Explosive Potion"},{"floor":12,"key":"FocusPotion"},{"floor":14,"key":"Regen Potion"}],"is_trial":false,"path_per_floor":["M","?","?","$","M","R","$","R","T","R","E","M","$","E","R","B",null,"M","?","M","M","M","R","M","R","T","E","M","R","M","M","R","B",null,"M","M","?","$","M","R","M","?","T","M","?","$","R","$","R","B",null],"character_chosen":"DEFECT","items_purchased":["Conserve Battery","Storm","Storm","Gremlin Horn"],"campfire_rested":0,"item_purchase_floors":[7,13,38,38],"current_hp_per_floor":[75,57,57,57,57,57,57,57,57,57,67,67,67,59,59,52,85,75,75,65,65,53,53,53,53,53,53,53,53,53,53,53,41,85,84,84,84,84,82,82,82,82,82,57,46,46,46,46,46,13],"gold":78,"neow_bonus":"THREE_ENEMY_KILL","is_prod":false,"is_daily":false,"chose_seed":false,"campfire_upgraded":11,"win_rate":0,"timestamp":1560186238,"path_taken":["M","?","?","$","?","R","$","R","T","R","E","M","?","E","R","BOSS","M","?","M","M","M","R","M","R","T","E","M","R","M","M","R","BOSS","M","M","?","$","M","R","M","?","T","M","?","$","R","$","R","BOSS"],"build_version":"2019-01-23","purchased_purges":3,"victory":true,"max_hp_per_floor":[75,75,75,75,75,75,75,75,75,75,85,85,85,85,85,85,85,85,85,85,85,85,85,85,85,85,85,85,85,85,85,85,85,85,85,85,85,85,85,85,85,85,85,85,85,85,85,85,85,85],"card_choices":[{"not_picked":["Recycle","Leap","Fusion"],"picked":"SKIP","floor":1},{"not_picked":["Conserve Battery","Reprogram"],"picked":"Defragment","floor":5},{"not_picked":["Sweeping Beam","Barrage","Turbo"],"picked":"SKIP","floor":11},{"not_picked":["Compile Driver","Gash"],"picked":"Storm","floor":12},{"not_picked":["Seek","Consume"],"picked":"Electrodynamics","floor":14},{"not_picked":["Biased Cognition","Buffer"],"picked":"Echo Form","floor":16},{"not_picked":["Steam","Darkness","Turbo"],"picked":"SKIP","floor":18},{"not_picked":["Hologram","Turbo+1","Recycle"],"picked":"SKIP","floor":20},{"not_picked":["Force Field","Rebound","Redo"],"picked":"SKIP","floor":21},{"not_picked":["Redo","Turbo+1","Fusion"],"picked":"SKIP","floor":22},{"not_picked":["Leap+1","Compile Driver"],"picked":"Conserve Battery","floor":24},{"not_picked":["Steam","Redo"],"picked":"Storm","floor":27},{"not_picked":["Steam","Leap"],"picked":"Capacitor","floor":28},{"not_picked":["Redo","Skim"],"picked":"Machine Learning","floor":30},{"not_picked":["Recycle+1","Steam"],"picked":"Streamline+1","floor":31},{"not_picked":["Echo Form","Meteor Strike"],"picked":"Thunder Strike","floor":33},{"not_picked":["Conserve Battery+1","Recycle+1"],"picked":"FTL+1","floor":35},{"not_picked":["Beam Cell","Turbo","Compile Driver"],"picked":"SKIP","floor":36},{"not_picked":["Turbo","Compile Driver"],"picked":"Beam Cell","floor":36},{"not_picked":["Gash+1","Coolheaded"],"picked":"Core Surge","floor":39},{"not_picked":["Leap+1","Sweeping Beam","Barrage"],"picked":"SKIP","floor":41},{"not_picked":["Magnetism","Panache"],"picked":"Mayhem","floor":42},{"not_picked":["Lockon","Leap+1"],"picked":"Coolheaded+1","floor":44}],"player_experience":1016298,"relics_obtained":[{"floor":9,"key":"Gambling Chip"},{"floor":11,"key":"Pear"},{"floor":14,"key":"Mercury Hourglass"},{"floor":26,"key":"Anchor"},{"floor":27,"key":"Happy Flower"},{"floor":43,"key":"Dream Catcher"}],"event_choices":[{"damage_healed":0,"gold_gain":0,"player_choice":"Take Damage","damage_taken":18,"relics_obtained":["Golden Idol"],"max_hp_gain":0,"max_hp_loss":0,"event_name":"Golden Idol","floor":2,"gold_loss":0},{"damage_healed":0,"gold_gain":0,"player_choice":"Upgraded","damage_taken":0,"max_hp_gain":0,"max_hp_loss":0,"event_name":"Upgrade Shrine","floor":3,"gold_loss":0,"cards_upgraded":["Zap"]},{"damage_healed":0,"gold_gain":0,"player_choice":"Ignored","damage_taken":0,"max_hp_gain":0,"max_hp_loss":0,"event_name":"Ghosts","floor":19,"gold_loss":0},{"cards_removed":["Conserve Battery"],"damage_healed":0,"gold_gain":0,"player_choice":"Removed Skill","damage_taken":0,"max_hp_gain":0,"max_hp_loss":0,"event_name":"Falling","floor":37,"gold_loss":0},{"damage_healed":0,"gold_gain":0,"player_choice":"Memory 1","damage_taken":0,"max_hp_gain":0,"max_hp_loss":0,"event_name":"SensoryStone","floor":42,"gold_loss":0},{"damage_healed":0,"gold_gain":0,"player_choice":"Embrace Madness","damage_taken":11,"max_hp_gain":0,"max_hp_loss":0,"event_name":"Winding Halls","floor":45,"gold_loss":0,"cards_obtained":["Madness","Madness"]}],"is_beta":false,"boss_relics":[{"not_picked":["Empty Cage","Ectoplasm"],"picked":"Sozu"},{"not_picked":["Orrery","Coffee Dripper"],"picked":"Astrolabe"}],"items_purged_floors":[4,38,46],"is_endless":false,"potions_floor_spawned":[1,11,12,14,21,24,27,28,30,33,35,39],"ascension_level":0}