{"gold_per_floor":[119,136,211,66,76,76,93,93,93,93,103,113,113,127,127,222,222,236,236,247,52,70,70,84,84,107,57,57,57,74,173,173,274,274,293,393,46,64,84,84,99,99,126,126,126,138,138,138,138,138],"floor_reached":51,"playtime":1486,"items_purged":["Strike_B","Strike_B","Strike_B"],"score":639,"play_id":"0e976569-f023-49b0-8f72-15c41a70bd71","local_time":"20190620062529","is_ascension_mode":false,"campfire_choices":[{"data":"Defragment","floor":6,"key":"SMITH"},{"data":"Zap","floor":8,"key":"SMITH"},{"data":"Dualcast","floor":10,"key":"SMITH"},{"data":"Hologram","floor":15,"key":"SMITH"},{"data":"Redo","floor":23,"key":"SMITH"},{"data":"Loop","floor":25,"key":"SMITH"},{"data":"Go for the Eyes","floor":29,"key":"SMITH"},{"data":"Fission","floor":32,"key":"SMITH"},{"floor":40,"key":"DIG"},{"data":"Redo","floor":42,"key":"SMITH"},{"floor":45,"key":"DIG"},{"floor":47,"key":"DIG"},{"floor":49,"key":"DIG"}],"neow_cost":"NONE","seed_source_timestamp":57513386885259,"circlet_count":0,"master_deck":["Defend_B+1","Defend_B","Defend_B+1","Defend_B","Zap+1","Dualcast+1","Gash","Electrodynamics","Defragment+1","Go for the Eyes+1","Hologram+1","Hologram","Conserve Battery","FTL","Echo Form","Redo+1","Loop+1","Beam Cell","Cold Snap","Fission+1","All For One","Cold Snap+1","Go for the Eyes+1","Redo+1","Steam","Redo+1","Capacitor+1","Deep Breath","BootSequence"],"relics":["Cracked Core","War Paint","Letter Opener","Sozu","Omamori","Philosopher\u0027s Stone","Shovel","Lee\u0027s Waffle","Bottled Flame","Vajra","Lantern","Bronze Scales","Pen Nib"],"potions_floor_usage":[36],"damage_taken":[{"damage":0,"enemies":"2 Louse","floor":1,"turns":2},{"damage":0,"enemies":"Small Slimes","floor":2,"turns":3},{"damage":0,"enemies":"Jaw Worm","floor":5,"turns":3},{"damage":0,"enemies":"Exordium Thugs","floor":7,"turns":3},{"damage":0,"enemies":"Large Slime","floor":11,"turns":4},{"damage":2,"enemies":"Looter","floor":12,"turns":2},{"damage":0,"enemies":"Red Slaver","floor":14,"turns":2},{"damage":4,"enemies":"Hexaghost","floor":16,"turns":8},{"damage":0,"enemies":"Spheric Guardian","floor":18,"turns":4},{"damage":0,"enemies":"Chosen","floor":20,"turns":4},{"damage":11,"enemies":"Snake Plant","floor":22,"turns":4},{"damage":12,"enemies":"Centurion and Healer","floor":24,"turns":3},{"damage":0,"enemies":"Sentry and Sphere","floor":30,"turns":3},{"damage":22,"enemies":"Collector","floor":33,"turns":7},{"damage":11,"enemies":"Orb Walker","floor":35,"turns":4},{"damage":25,"enemies":"Mind Bloom Boss Battle","floor":36,"turns":4},{"damage":0,"enemies":"3 Shapes","floor":38,"turns":3},{"damage":7,"enemies":"Sphere and 2 Shapes","floor":39,"turns":3},{"damage":12,"enemies":"4 Shapes","floor":41,"turns":3},{"damage":11,"enemies":"Jaw Worm Horde","floor":46,"turns":5},{"damage":31,"enemies":"Awakened One","floor":50,"turns":13}],"seed_played":"5600490282281215725","potions_obtained":[{"floor":5,"key":"Energy Potion"},{"floor":7,"key":"SpeedPotion"},{"floor":11,"key":"Weak Potion"}],"is_trial":false,"path_per_floor":["M","M","?","$","M","R","M","R","T","R","M","M","?","M","R","B",null,"M","?","M","$","M","R","M","R","T","?","$","R","M","?","R","B",null,"M","?","$","M","M","R","M","R","T","?","R","M","R","?","R","B",null],"character_chosen":"DEFECT","items_purchased":["Defragment","Loop","Beam Cell","Lee\u0027s Waffle","Redo"],"campfire_rested":0,"item_purchase_floors":[4,21,21,37,37],"current_hp_per_floor":[75,75,64,64,64,64,64,64,64,64,64,62,62,62,62,58,75,75,75,75,75,64,64,52,52,52,52,52,52,52,52,52,30,75,64,39,82,82,75,75,63,63,63,63,63,52,52,52,52,21],"gold":138,"neow_bonus":"RANDOM_COMMON_RELIC","is_prod":false,"is_daily":false,"chose_seed":false,"campfire_upgraded":9,"win_rate":0,"timestamp":1560979529,"path_taken":["M","M","?","$","M","R","M","R","T","R","M","M","?","M","R","BOSS","M","?","M","$","M","R","M","R","T","?","$","R","?","?","R","BOSS","M","?","$","M","M","R","M","R","T","?","R","M","R","?","R","BOSS"],"build_version":"2019-01-23","purchased_purges":3,"victory":true,"max_hp_per_floor":[75,75,75,75,75,75,75,75,75,75,75,75,75,75,75,75,75,75,75,75,75,75,75,75,75,75,75,75,75,75,75,75,75,75,75,75,82,82,82,82,82,82,82,82,82,82,82,82,82,82],"card_choices":[{"not_picked":["Barrage","Leap"],"picked":"Gash","floor":1},{"not_picked":["Loop","Conserve Battery"],"picked":"Electrodynamics","floor":2},{"not_picked":["Barrage","Reprogram","Rebound"],"picked":"SKIP","floor":5},{"not_picked":["Rebound","Blizzard"],"picked":"Go for the Eyes","floor":7},{"not_picked":["Chaos","Rebound"],"picked":"Hologram","floor":11},{"not_picked":["Streamline","Steam"],"picked":"Hologram","floor":12},{"not_picked":["Hologram","Darkness"],"picked":"FTL","floor":14},{"not_picked":["Meteor Strike","Buffer"],"picked":"Echo Form","floor":16},{"not_picked":["Coolheaded","Steam"],"picked":"Redo","floor":18},{"not_picked":["Compile Driver+1","Rebound","Leap"],"picked":"SKIP","floor":20},{"not_picked":["Double Energy","Turbo"],"picked":"Cold Snap","floor":22},{"not_picked":["Fusion","Sweeping Beam","Streamline"],"picked":"SKIP","floor":24},{"not_picked":["Beam Cell","Coolheaded"],"picked":"Fission","floor":30},{"not_picked":["Rainbow","Amplify"],"picked":"All For One","floor":33},{"not_picked":["Scrape","Go for the Eyes"],"picked":"Cold Snap+1","floor":35},{"not_picked":["Steam+1","Stack+1"],"picked":"Go for the Eyes+1","floor":36},{"not_picked":["Stack+1","Compile Driver"],"picked":"Steam","floor":38},{"not_picked":["Sweeping Beam","Coolheaded+1"],"picked":"Redo+1","floor":39},{"not_picked":["Amplify","Static Discharge+1"],"picked":"Capacitor+1","floor":41},{"not_picked":["Violence","Forethought"],"picked":"Deep Breath","floor":44},{"not_picked":["Turbo","Genetic Algorithm"],"picked":"BootSequence","floor":46}],"player_experience":1056484,"relics_obtained":[{"floor":9,"key":"Letter Opener"},{"floor":26,"key":"Omamori"},{"floor":36,"key":"Shovel"},{"floor":40,"key":"Bottled Flame"},{"floor":43,"key":"Vajra"},{"floor":45,"key":"Lantern"},{"floor":47,"key":"Bronze Scales"},{"floor":49,"key":"Pen Nib"}],"event_choices":[{"damage_healed":0,"gold_gain":75,"player_choice":"Gather Gold","damage_taken":11,"max_hp_gain":0,"max_hp_loss":0,"event_name":"World of Goop","floor":3,"gold_loss":0},{"damage_healed":0,"gold_gain":0,"cards_transformed":["Strike_B"],"player_choice":"Change","damage_taken":0,"max_hp_gain":0,"max_hp_loss":0,"event_name":"Living Wall","floor":13,"gold_loss":0,"cards_obtained":["Conserve Battery"]},{"damage_healed":0,"gold_gain":0,"player_choice":"Ignored","damage_taken":0,"max_hp_gain":0,"max_hp_loss":0,"event_name":"Vampires","floor":19,"gold_loss":0},{"damage_healed":0,"gold_gain":0,"player_choice":"Bet on Owner","damage_taken":0,"max_hp_gain":0,"max_hp_loss":0,"event_name":"The Joust","floor":27,"gold_loss":50},{"damage_healed":0,"gold_gain":99,"player_choice":"Stole From Cult","damage_taken":0,"max_hp_gain":0,"max_hp_loss":0,"event_name":"Nest","floor":31,"gold_loss":0},{"damage_healed":0,"gold_gain":0,"player_choice":"Fight","damage_taken":0,"max_hp_gain":0,"max_hp_loss":0,"event_name":"MindBloom","floor":36,"gold_loss":0},{"damage_healed":0,"gold_gain":0,"player_choice":"Memory 1","damage_taken":0,"max_hp_gain":0,"max_hp_loss":0,"event_name":"SensoryStone","floor":44,"gold_loss":0},{"damage_healed":0,"gold_gain":0,"player_choice":"Ignored","damage_taken":0,"max_hp_gain":0,"max_hp_loss":0,"event_name":"SecretPortal","floor":48,"gold_loss":0}],"is_beta":false,"boss_relics":[{"not_picked":["Nuclear Battery","Runic Dome"],"picked":"Sozu"},{"not_picked":["Snecko Eye","Tiny House"],"picked":"Philosopher\u0027s Stone"}],"items_purged_floors":[4,21,37],"is_endless":false,"potions_floor_spawned":[5,7,11,16,22,33,35,36],"ascension_level":0}