{"gold_per_floor":[110,13,30,42,42,42,59,59,59,94,94,94,114,124,124,222,222,232,332,365,213,226,226,141,141,141,175,193,193,193],"floor_reached":30,"playtime":2169,"items_purged":["Regret"],"score":298,"play_id":"a0451675-93eb-45ee-879a-0e539daa1df5","local_time":"20190613022435","is_ascension_mode":false,"campfire_choices":[{"data":"Defragment","floor":6,"key":"SMITH"},{"data":"Zap","floor":8,"key":"SMITH"},{"data":"Dualcast","floor":11,"key":"SMITH"},{"data":"Reinforced Body","floor":15,"key":"SMITH"},{"floor":23,"key":"REST"},{"data":"Seek","floor":25,"key":"SMITH"}],"neow_cost":"CURSE","seed_source_timestamp":1105754162575565,"circlet_count":0,"master_deck":["Strike_B","Strike_B","Strike_B","Defend_B","Defend_B","Defend_B","Defend_B","Zap+1","Dualcast+1","Cold Snap","Defragment+1","Coolheaded","FTL","Machine Learning","Melter","Heatsinks","Reinforced Body+1","Conserve Battery","Conserve Battery","Seek+1","Doom and Gloom+1","Defragment+1","Recycle+1","Capacitor","Go for the Eyes+1","Hologram+1"],"relics":["Cracked Core","FossilizedHelix","Ornamental Fan","Bottled Lightning","Black Star","Incense Burner","Cables","Red Mask","Strawberry","Mercury Hourglass","Blood Vial","Happy Flower"],"potions_floor_usage":[19,19,22,22,27],"damage_taken":[{"damage":1,"enemies":"Cultist","floor":1,"turns":3},{"damage":0,"enemies":"Small Slimes","floor":3,"turns":3},{"damage":0,"enemies":"2 Louse","floor":4,"turns":2},{"damage":10,"enemies":"Exordium Wildlife","floor":7,"turns":4},{"damage":14,"enemies":"Gremlin Nob","floor":10,"turns":4},{"damage":0,"enemies":"Looter","floor":13,"turns":2},{"damage":1,"enemies":"Exordium Thugs","floor":14,"turns":4},{"damage":12,"enemies":"Slime Boss","floor":16,"turns":13},{"damage":12,"enemies":"Shell Parasite","floor":18,"turns":6},{"damage":9,"enemies":"Colosseum Slavers","floor":19,"turns":4},{"damage":9,"enemies":"Colosseum Nobs","floor":19,"turns":5},{"damage":46,"enemies":"Masked Bandits","floor":20,"turns":6},{"damage":0,"enemies":"3 Byrds","floor":22,"turns":3},{"damage":0,"enemies":"Book of Stabbing","floor":27,"turns":6},{"damage":0,"enemies":"3 Cultists","floor":28,"turns":4},{"damage":23,"enemies":"Slavers","floor":30,"turns":3}],"seed_played":"-3296274957404823777","potions_obtained":[{"floor":3,"key":"SkillPotion"},{"floor":10,"key":"SteroidPotion"},{"floor":16,"key":"AttackPotion"},{"floor":20,"key":"Strength Potion"},{"floor":22,"key":"Weak Potion"}],"is_trial":false,"path_per_floor":["M","$","M","M","?","R","M","R","T","E","R","?","M","M","R","B",null,"M","?","?","$","M","R","?","R","T","E","M","?","E"],"character_chosen":"DEFECT","items_purchased":["Defragment","Coolheaded","Capacitor"],"campfire_rested":1,"item_purchase_floors":[2,2,21],"current_hp_per_floor":[74,74,74,74,74,74,64,64,64,50,50,55,55,54,54,42,80,68,50,4,4,4,28,35,35,35,35,37,20,0],"gold":193,"neow_bonus":"ONE_RARE_RELIC","is_prod":false,"is_daily":false,"chose_seed":false,"campfire_upgraded":5,"win_rate":0,"timestamp":1560360275,"path_taken":["M","$","?","M","?","R","?","R","T","E","R","?","M","M","R","BOSS","M","?","?","$","?","R","?","R","T","E","M","?","E"],"build_version":"2019-01-23","purchased_purges":1,"victory":false,"max_hp_per_floor":[75,75,75,75,75,75,75,75,75,75,75,80,80,80,80,80,80,80,80,80,80,80,80,87,87,87,87,87,92,92],"card_choices":[{"not_picked":["Sweeping Beam","Stack"],"picked":"Cold Snap","floor":1},{"not_picked":["Chaos","Redo"],"picked":"FTL","floor":3},{"not_picked":["Coolheaded","Storm"],"picked":"Machine Learning","floor":4},{"not_picked":["Go for the Eyes","Gash"],"picked":"Heatsinks","floor":7},{"not_picked":["Sweeping Beam","Turbo"],"picked":"Reinforced Body","floor":10},{"not_picked":["Sweeping Beam","Beam Cell"],"picked":"Conserve Battery","floor":13},{"not_picked":["Hyperbeam","Leap"],"picked":"Conserve Battery","floor":14},{"not_picked":["Multi-Cast","Meteor Strike"],"picked":"Seek","floor":16},{"not_picked":["Skim","Hello World+1"],"picked":"Doom and Gloom+1","floor":18},{"not_picked":["Rebound","Redo+1"],"picked":"Defragment+1","floor":19},{"not_picked":["Chaos","Beam Cell"],"picked":"Recycle+1","floor":20},{"not_picked":["Turbo","White Noise"],"picked":"Go for the Eyes+1","floor":22},{"not_picked":["Genetic Algorithm+1","Redo"],"picked":"Hologram+1","floor":27},{"not_picked":["Compile Driver","Streamline+1","Aggregate"],"picked":"SKIP","floor":28}],"player_experience":1045730,"relics_obtained":[{"floor":9,"key":"Ornamental Fan"},{"floor":10,"key":"Bottled Lightning"},{"floor":19,"key":"Incense Burner"},{"floor":19,"key":"Cables"},{"floor":20,"key":"Red Mask"},{"floor":26,"key":"Mercury Hourglass"},{"floor":27,"key":"Blood Vial"},{"floor":27,"key":"Happy Flower"}],"event_choices":[{"damage_healed":0,"gold_gain":0,"cards_transformed":["Strike_B"],"player_choice":"Transformed","damage_taken":0,"max_hp_gain":0,"max_hp_loss":0,"event_name":"Transmorgrifier","floor":5,"gold_loss":0,"cards_obtained":["Melter"]},{"damage_healed":0,"gold_gain":0,"player_choice":"Donut","damage_taken":0,"max_hp_gain":5,"max_hp_loss":0,"event_name":"Big Fish","floor":12,"gold_loss":0},{"damage_healed":0,"gold_gain":0,"player_choice":"Fight","damage_taken":0,"max_hp_gain":0,"max_hp_loss":0,"event_name":"Colosseum","floor":19,"gold_loss":0},{"damage_healed":0,"gold_gain":0,"player_choice":"Fought Nobs","damage_taken":0,"max_hp_gain":0,"max_hp_loss":0,"event_name":"Colosseum","floor":19,"gold_loss":0},{"damage_healed":0,"gold_gain":0,"player_choice":"Fought Bandits","damage_taken":0,"max_hp_gain":0,"max_hp_loss":0,"event_name":"Masked Bandits","floor":20,"gold_loss":0},{"damage_healed":0,"gold_gain":0,"player_choice":"Obtained Relic","damage_taken":0,"relics_obtained":["Strawberry"],"max_hp_gain":0,"max_hp_loss":0,"event_name":"Addict","floor":24,"gold_loss":85},{"damage_healed":0,"gold_gain":0,"player_choice":"Shed Blood","damage_taken":22,"max_hp_gain":5,"max_hp_loss":0,"event_name":"Forgotten Altar","floor":29,"gold_loss":0}],"is_beta":false,"boss_relics":[{"not_picked":["FrozenCore","Runic Dome"],"picked":"Black Star"}],"items_purged_floors":[21],"is_endless":false,"potions_floor_spawned":[3,10,16,19,20,22],"killed_by":"Slavers","ascension_level":0}