{"gold_per_floor":[109,128,35,52,52,52,67,85,139,153,168,243,243,253,253,253],"floor_reached":16,"playtime":1093,"items_purged":[],"score":154,"play_id":"b0a6ac08-0ec0-43bf-995d-cc69e76b3be5","local_time":"20190216130818","is_ascension_mode":true,"campfire_choices":[{"data":"Neutralize","floor":6,"key":"SMITH"},{"floor":15,"key":"REST"}],"neow_cost":"NONE","seed_source_timestamp":53537062483530,"circlet_count":0,"master_deck":["AscendersBane","Defend_G","Defend_G","Defend_G","Defend_G","Strike_G","Strike_G","Strike_G","Survivor","Neutralize+1","Expertise+1","Flechettes+1","Prepared+1","Blade Dance","Cloak And Dagger","Backflip","Caltrops","Backflip","Dodge and Roll","PiercingWail","Caltrops","Noxious Fumes"],"relics":["Astrolabe","Strawberry"],"potions_floor_usage":[16],"damage_taken":[{"damage":1,"enemies":"Cultist","floor":1,"turns":4},{"damage":4,"enemies":"Jaw Worm","floor":2,"turns":4},{"damage":0,"enemies":"2 Louse","floor":4,"turns":2},{"damage":11,"enemies":"Looter","floor":7,"turns":4},{"damage":16,"enemies":"Lots of Slimes","floor":8,"turns":4},{"damage":3,"enemies":"Blue Slaver","floor":10,"turns":5},{"damage":21,"enemies":"Exordium Thugs","floor":11,"turns":7},{"damage":2,"enemies":"2 Fungi Beasts","floor":14,"turns":6},{"damage":26,"enemies":"The Guardian","floor":16,"turns":5}],"seed_played":"-1837757317167864335","potions_obtained":[{"floor":2,"key":"PowerPotion"},{"floor":8,"key":"EssenceOfSteel"},{"floor":14,"key":"Ancient Potion"}],"is_trial":false,"path_per_floor":["M","M","$","M","$","R","M","M","T","M","M","?","?","M","R","B"],"character_chosen":"THE_SILENT","items_purchased":["Backflip","Caltrops"],"campfire_rested":1,"item_purchase_floors":[3,3],"current_hp_per_floor":[62,58,58,58,58,58,47,31,38,35,14,3,3,1,24,0],"gold":253,"neow_bonus":"BOSS_RELIC","is_prod":false,"is_daily":false,"chose_seed":false,"campfire_upgraded":1,"win_rate":0,"timestamp":1550290098,"path_taken":["M","M","$","M","?","R","M","M","T","M","M","?","?","M","R","BOSS"],"build_version":"2019-01-23","purchased_purges":0,"victory":false,"max_hp_per_floor":[70,70,70,70,70,70,70,70,77,77,77,77,77,77,77,77],"card_choices":[{"not_picked":["Flying Knee","Masterful Stab"],"picked":"Blade Dance","floor":1},{"not_picked":["Dagger Spray","Riddle With Holes"],"picked":"Cloak And Dagger","floor":2},{"not_picked":["PiercingWail","Deadly Poison"],"picked":"Backflip","floor":4},{"not_picked":["Cloak And Dagger","Finisher"],"picked":"Dodge and Roll","floor":7},{"not_picked":["PiercingWail","Poisoned Stab","Underhanded Strike"],"picked":"SKIP","floor":8},{"not_picked":["All Out Attack","Dodge and Roll"],"picked":"PiercingWail","floor":10},{"not_picked":["Wraith Form v2","Slice"],"picked":"Caltrops","floor":11},{"not_picked":["Eviscerate","Backflip"],"picked":"Noxious Fumes","floor":14}],"player_experience":918495,"relics_obtained":[{"floor":9,"key":"Strawberry"}],"event_choices":[{"damage_healed":0,"gold_gain":75,"player_choice":"Gather Gold","damage_taken":11,"max_hp_gain":0,"max_hp_loss":0,"event_name":"World of Goop","floor":12,"gold_loss":0},{"damage_healed":0,"gold_gain":0,"player_choice":"Ignored","damage_taken":0,"max_hp_gain":0,"max_hp_loss":0,"event_name":"Golden Wing","floor":13,"gold_loss":0}],"is_beta":false,"boss_relics":[],"items_purged_floors":[],"is_endless":false,"potions_floor_spawned":[2,8,10,14],"killed_by":"The Guardian","ascension_level":12}