{"gold_per_floor":[119,119,129,12,87,87,46,46,46,46,74,74,84,94,94,94],"floor_reached":16,"playtime":535,"items_purged":["Strike_B"],"score":196,"play_id":"ef0ad8c6-55d5-4234-875f-0ad1308f24e1","local_time":"20190627101907","is_ascension_mode":true,"campfire_choices":[{"data":"Hologram","floor":6,"key":"SMITH"},{"data":"Zap","floor":8,"key":"SMITH"},{"data":"Scrape","floor":10,"key":"SMITH"},{"data":"FTL","floor":15,"key":"SMITH"}],"neow_cost":"NONE","seed_source_timestamp":1213738157084100,"circlet_count":0,"master_deck":["AscendersBane","Strike_B","Strike_B","Strike_B","Defend_B","Defend_B","Defend_B","Defend_B","Zap+1","Dualcast","Gash","Hologram+1","Scrape+1","Lockon","FTL+1","Gash"],"relics":["Cracked Core","Potion Belt","Kunai"],"potions_floor_usage":[16],"damage_taken":[{"damage":8,"enemies":"2 Louse","floor":1,"turns":3},{"damage":7,"enemies":"Jaw Worm","floor":3,"turns":3},{"damage":20,"enemies":"Lagavulin","floor":11,"turns":7},{"damage":0,"enemies":"Cultist","floor":13,"turns":3},{"damage":11,"enemies":"3 Louse","floor":14,"turns":2},{"damage":14,"enemies":"Hexaghost","floor":16,"turns":8}],"seed_played":"-3758161603183164184","potions_obtained":[{"floor":3,"key":"Dexterity Potion"},{"floor":11,"key":"SpeedPotion"},{"floor":13,"key":"Poison Potion"}],"is_trial":false,"path_per_floor":["M","?","M","$","?","R","$","R","T","R","E","$","M","M","R","B"],"character_chosen":"DEFECT","items_purchased":["Scrape","Lockon"],"campfire_rested":0,"item_purchase_floors":[4,7],"current_hp_per_floor":[63,63,56,56,45,45,45,45,45,45,25,25,25,14,14,0],"gold":94,"neow_bonus":"TEN_PERCENT_HP_BONUS","is_prod":false,"is_daily":false,"chose_seed":false,"campfire_upgraded":4,"win_rate":0,"timestamp":1561619947,"path_taken":["M","?","M","$","?","R","$","R","T","R","E","?","M","M","R","BOSS"],"build_version":"2019-01-23","purchased_purges":1,"victory":false,"max_hp_per_floor":[78,78,78,78,78,78,78,78,78,78,78,78,78,78,78,78],"card_choices":[{"not_picked":["Darkness","Barrage"],"picked":"Gash","floor":1},{"not_picked":["Genetic Algorithm","Beam Cell"],"picked":"Hologram","floor":3},{"not_picked":["Turbo","Loop","Stack"],"picked":"SKIP","floor":11},{"not_picked":["Tempest","Leap"],"picked":"FTL","floor":13},{"not_picked":["Turbo","Steam"],"picked":"Gash","floor":14}],"player_experience":1182741,"relics_obtained":[{"floor":9,"key":"Potion Belt"},{"floor":11,"key":"Kunai"}],"event_choices":[{"damage_healed":0,"gold_gain":0,"player_choice":"Leave","damage_taken":0,"max_hp_gain":0,"max_hp_loss":0,"event_name":"The Cleric","floor":2,"gold_loss":0},{"damage_healed":0,"gold_gain":75,"player_choice":"Gather Gold","damage_taken":11,"max_hp_gain":0,"max_hp_loss":0,"event_name":"World of Goop","floor":5,"gold_loss":0}],"is_beta":false,"boss_relics":[],"items_purged_floors":[4],"is_endless":false,"potions_floor_spawned":[3,11,13],"killed_by":"Hexaghost","ascension_level":20}