{"gold_per_floor":[110,110,110,129,54,54,69,69,69,69,69,69,81,91,91,165,165,175,135],"floor_reached":19,"playtime":793,"items_purged":["Strike_B"],"score":290,"play_id":"a1cc6970-6699-4913-9753-1adcb75e441e","local_time":"20190102211508","is_ascension_mode":true,"campfire_choices":[{"data":"Zap","floor":6,"key":"SMITH"},{"data":"Dualcast","floor":8,"key":"SMITH"},{"data":"Creative AI","floor":15,"key":"SMITH"}],"neow_cost":"PERCENT_DAMAGE","seed_source_timestamp":1397214307162298,"circlet_count":0,"master_deck":["AscendersBane","Strike_B+1","Strike_B+1","Strike_B","Defend_B","Defend_B","Defend_B","Defend_B","Zap+1","Dualcast+1","Electrodynamics","Cold Snap","Regret","Auto Shields","Creative AI+1","Cold Snap","Echo Form","Conserve Battery"],"relics":["Cracked Core","Dodecahedron","Inserter"],"potions_floor_usage":[],"damage_taken":[{"damage":0,"enemies":"2 Louse","floor":1,"turns":2},{"damage":2,"enemies":"Jaw Worm","floor":4,"turns":3},{"damage":0,"enemies":"Small Slimes","floor":7,"turns":2},{"damage":3,"enemies":"2 Fungi Beasts","floor":13,"turns":2},{"damage":9,"enemies":"Gremlin Gang","floor":14,"turns":2},{"damage":29,"enemies":"Slime Boss","floor":16,"turns":14},{"damage":39,"enemies":"Shell Parasite","floor":18,"turns":7},{"damage":19,"enemies":"2 Thieves","floor":19,"turns":1}],"seed_played":"-2650562203016878407","potions_obtained":[{"floor":1,"key":"EssenceOfSteel"},{"floor":13,"key":"Explosive Potion"}],"is_trial":false,"path_per_floor":["M","?","?","M","$","R","M","R","T","$","?","?","M","M","R","B",null,"M","M"],"character_chosen":"DEFECT","items_purchased":[],"campfire_rested":0,"item_purchase_floors":[],"current_hp_per_floor":[46,69,69,67,67,67,67,67,67,67,46,46,43,34,34,5,55,16,0],"gold":135,"neow_bonus":"THREE_RARE_CARDS","is_prod":false,"is_daily":false,"chose_seed":false,"campfire_upgraded":3,"win_rate":0,"timestamp":1546431308,"path_taken":["M","?","?","M","?","R","M","R","T","$","?","?","M","M","R","BOSS","M","?"],"build_version":"2018-12-20","purchased_purges":1,"victory":false,"max_hp_per_floor":[71,71,71,71,71,71,71,71,71,71,71,71,71,71,71,71,71,71,71],"card_choices":[{"not_picked":["All For One","Amplify"],"picked":"Electrodynamics","floor":0},{"not_picked":["Turbo","Steam"],"picked":"Cold Snap","floor":1},{"not_picked":["Redo","Steam","Barrage"],"picked":"SKIP","floor":4},{"not_picked":["Beam Cell","Amplify","Turbo"],"picked":"SKIP","floor":7},{"not_picked":["Steam","Fusion","Leap"],"picked":"SKIP","floor":13},{"not_picked":["Hello World","Stack"],"picked":"Cold Snap","floor":14},{"not_picked":["Core Surge","All For One"],"picked":"Echo Form","floor":16},{"not_picked":["Rip and Tear+1","Hello World"],"picked":"Conserve Battery","floor":18}],"player_experience":716184,"relics_obtained":[{"floor":9,"key":"Dodecahedron"}],"event_choices":[{"damage_healed":23,"gold_gain":0,"player_choice":"Banana","damage_taken":0,"max_hp_gain":0,"max_hp_loss":0,"event_name":"Big Fish","floor":2,"gold_loss":0},{"damage_healed":0,"gold_gain":0,"player_choice":"Fled","damage_taken":0,"max_hp_gain":0,"max_hp_loss":0,"event_name":"Scrap Ooze","floor":3,"gold_loss":0},{"damage_healed":0,"gold_gain":0,"player_choice":"Entered Light","damage_taken":21,"max_hp_gain":0,"max_hp_loss":0,"event_name":"Shining Light","floor":11,"gold_loss":0,"cards_upgraded":["Strike_B","Strike_B"]},{"damage_healed":0,"gold_gain":0,"player_choice":"3 cards matched","damage_taken":0,"max_hp_gain":0,"max_hp_loss":0,"event_name":"Match and Keep!","floor":12,"gold_loss":0,"cards_obtained":["Regret","Auto Shields","Creative AI"]},{"damage_healed":0,"gold_gain":0,"player_choice":"3 cards matched","damage_taken":0,"max_hp_gain":0,"max_hp_loss":0,"event_name":"Match and Keep!","floor":12,"gold_loss":0,"cards_obtained":["Regret","Auto Shields","Creative AI"]}],"is_beta":false,"boss_relics":[{"not_picked":["Fusion Hammer","Busted Crown"],"picked":"Inserter"}],"items_purged_floors":[5],"is_endless":false,"potions_floor_spawned":[1,13,16],"killed_by":"2 Thieves","ascension_level":17}