{"gold_per_floor":[113,113,127,52,52,52,79,98,98,111,124,158,178,198,198,272,272,289,289,302,302,319,319,349,349,400,416,416,4,4],"floor_reached":30,"playtime":1515,"items_purged":["Strike_R"],"score":524,"play_id":"c3922e05-49bc-4a48-b709-582558a5526b","local_time":"20190517202335","is_ascension_mode":true,"campfire_choices":[{"data":"Uppercut","floor":6,"key":"SMITH"},{"data":"Sword Boomerang","floor":15,"key":"SMITH"},{"floor":23,"key":"REST"},{"floor":25,"key":"REST"},{"floor":28,"key":"REST"}],"neow_cost":"NONE","seed_source_timestamp":3680449398500,"circlet_count":0,"master_deck":["AscendersBane","Strike_R","Strike_R","Strike_R","Strike_R","Defend_R","Defend_R","Defend_R","Defend_R","Bash","Sword Boomerang+1","Uppercut+1","Thunderclap","Spot Weakness","Exhume","Havoc","Warcry","Fiend Fire","Anger","True Grit+1","Decay","Disarm","Reaper","Metallicize"],"special_seed":0,"relics":["Burning Blood","Oddly Smooth Stone","FossilizedHelix","Shuriken","Champion Belt","Lantern","Velvet Choker","Bottled Lightning","Potion Belt","Pen Nib"],"potions_floor_usage":[7],"damage_taken":[{"damage":5,"enemies":"Jaw Worm","floor":1,"turns":5},{"damage":0,"enemies":"Cultist","floor":3,"turns":4},{"damage":18,"enemies":"Gremlin Nob","floor":7,"turns":4},{"damage":0,"enemies":"Small Slimes","floor":8,"turns":3},{"damage":4,"enemies":"2 Fungi Beasts","floor":10,"turns":4},{"damage":2,"enemies":"Looter","floor":11,"turns":3},{"damage":26,"enemies":"3 Sentries","floor":12,"turns":7},{"damage":0,"enemies":"Exordium Thugs","floor":13,"turns":4},{"damage":0,"enemies":"Blue Slaver","floor":14,"turns":3},{"damage":38,"enemies":"The Guardian","floor":16,"turns":12},{"damage":11,"enemies":"Chosen","floor":18,"turns":7},{"damage":8,"enemies":"2 Thieves","floor":20,"turns":4},{"damage":20,"enemies":"Snecko","floor":22,"turns":4},{"damage":53,"enemies":"Book of Stabbing","floor":24,"turns":5},{"damage":9,"enemies":"Centurion and Healer","floor":27,"turns":3},{"damage":91,"enemies":"Slavers","floor":30,"turns":6}],"seed_played":"-2111954560212709060","potions_obtained":[{"floor":1,"key":"Explosive Potion"},{"floor":3,"key":"GamblersBrew"},{"floor":10,"key":"Block Potion"},{"floor":12,"key":"Strength Potion"},{"floor":13,"key":"Fire Potion"},{"floor":27,"key":"Swift Potion"}],"is_trial":false,"path_per_floor":["M","?","M","$","?","R","E","M","T","M","M","E","M","M","R","B",null,"M","?","M","?","M","R","E","R","T","M","R","$","E"],"character_chosen":"IRONCLAD","items_purchased":["Reaper","Pen Nib","Metallicize"],"campfire_rested":3,"item_purchase_floors":[29,29,29],"current_hp_per_floor":[69,69,75,75,80,80,68,74,74,76,80,60,66,72,72,40,70,65,65,63,63,49,73,26,50,50,47,71,71,0],"gold":4,"neow_bonus":"RANDOM_COMMON_RELIC","is_prod":false,"is_daily":false,"chose_seed":false,"campfire_upgraded":2,"win_rate":0,"timestamp":1558113815,"path_taken":["M","?","?","$","?","R","E","M","T","M","M","E","M","M","R","BOSS","M","?","M","?","M","R","E","R","T","?","R","$","E"],"build_version":"2019-01-23","purchased_purges":1,"victory":false,"max_hp_per_floor":[75,75,75,75,80,80,80,80,80,80,80,80,80,80,80,80,80,80,80,80,80,80,80,80,80,80,80,80,80,80],"card_choices":[{"not_picked":["Searing Blow","Warcry"],"picked":"Sword Boomerang","floor":1},{"not_picked":["Combust","Sentinel"],"picked":"Uppercut","floor":3},{"not_picked":["Power Through","Twin Strike"],"picked":"Thunderclap","floor":7},{"not_picked":["Flex","Perfected Strike"],"picked":"Spot Weakness","floor":8},{"not_picked":["Flex","Wild Strike","Heavy Blade"],"picked":"SKIP","floor":10},{"not_picked":["Sever Soul","Cleave"],"picked":"Exhume","floor":11},{"not_picked":["Pommel Strike","Sever Soul","Spot Weakness"],"picked":"SKIP","floor":12},{"not_picked":["Pommel Strike","Sever Soul","Spot Weakness"],"picked":"SKIP","floor":12},{"not_picked":["Twin Strike","Entrench"],"picked":"Havoc","floor":13},{"not_picked":["Body Slam","Seeing Red"],"picked":"Warcry","floor":14},{"not_picked":["Juggernaut","Barricade"],"picked":"Fiend Fire","floor":16},{"not_picked":["Rupture","Shrug It Off"],"picked":"Anger","floor":18},{"not_picked":["Clothesline","Sword Boomerang"],"picked":"True Grit+1","floor":20},{"not_picked":["Rampage","Body Slam","Flex"],"picked":"SKIP","floor":22},{"not_picked":["Perfected Strike","Heavy Blade","Twin Strike+1"],"picked":"SKIP","floor":24},{"not_picked":["Anger","Flex"],"picked":"Disarm","floor":27}],"player_experience":1014728,"relics_obtained":[{"floor":7,"key":"Shuriken"},{"floor":9,"key":"Champion Belt"},{"floor":12,"key":"Lantern"},{"floor":24,"key":"Bottled Lightning"},{"floor":26,"key":"Potion Belt"}],"event_choices":[{"damage_healed":0,"gold_gain":0,"player_choice":"Gave Potion","damage_taken":0,"relics_obtained":["FossilizedHelix"],"max_hp_gain":0,"max_hp_loss":0,"event_name":"WeMeetAgain","floor":2,"gold_loss":0},{"damage_healed":0,"gold_gain":0,"player_choice":"Donut","damage_taken":0,"max_hp_gain":5,"max_hp_loss":0,"event_name":"Big Fish","floor":5,"gold_loss":0},{"damage_healed":0,"gold_gain":0,"player_choice":"Ignored","damage_taken":0,"max_hp_gain":0,"max_hp_loss":0,"event_name":"The Mausoleum","floor":19,"gold_loss":0},{"damage_healed":0,"gold_gain":0,"player_choice":"Cursed","damage_taken":0,"max_hp_gain":0,"max_hp_loss":0,"event_name":"Wheel of Change","floor":21,"gold_loss":0,"cards_obtained":["Decay"]}],"is_beta":false,"boss_relics":[{"not_picked":["White Beast Statue","Runic Cube"],"picked":"Velvet Choker"}],"items_purged_floors":[4],"is_endless":false,"potions_floor_spawned":[1,3,10,12,13,16,24,27],"killed_by":"Slavers","ascension_level":20}