{"path_per_floor":["M","M","?","?","M","$","M","E","T","M","M","R","M","M","R","B",null,"M","M","?","?","M","E","M","R","T"],"character_chosen":"THE_SILENT","items_purchased":["Noxious Fumes"],"gold_per_floor":[113,123,123,123,143,105,125,161,233,258,283,283,298,314,314,443,443,434,453,453,453,478,509,522,522,522,522],"floor_reached":27,"campfire_rested":2,"playtime":2146,"current_hp_per_floor":[67,67,60,43,43,43,43,30,30,30,30,30,23,7,28,12,70,58,58,58,58,44,9,10,31,31,0],"items_purged":[],"gold":522,"score":239,"play_id":"d5c5a309-4d19-420c-af24-66ba5a1bc2ec","local_time":"20180412221022","is_prod":false,"is_daily":false,"is_ascension_mode":false,"campfire_upgraded":1,"timestamp":1523538622,"path_taken":["M","M","?","?","?","$","M","E","T","M","M","R","M","M","R","BOSS","M","M","?","?","M","E","M","R","T","M"],"build_version":"2018-04-05v2","purchased_purges":0,"victory":false,"master_deck":["Defend_G","Defend_G","Defend_G","Defend_G","Defend_G","Strike_G","Strike_G","Strike_G","Strike_G","Survivor","Neutralize","Deadly Poison","Dodge and Roll","Dash","Noxious Fumes+1","Deadly Poison","Bouncing Flask","Deflect","Bane","Prepared","Acrobatics","Envenom","Outmaneuver+1","Bane","Flying Knee","Expertise+1","Dodge and Roll+1"],"max_hp_per_floor":[70,70,70,70,70,70,70,70,70,70,70,70,70,70,70,70,70,70,70,70,70,70,70,70,70,70,70],"relics":["Ring of the Snake","Golden Idol","Girya","Bottled Tornado","Cursed Key","Omamori","Du-Vu Doll"],"card_choices":[{"not_picked":["PiercingWail","Backflip"],"picked":"Deadly Poison","floor":1},{"not_picked":["Slice","Night Terror"],"picked":"Dodge and Roll","floor":2},{"not_picked":["Flying Knee","Predator"],"picked":"Dash","floor":5},{"not_picked":["Dagger Throw","Deflect"],"picked":"Deadly Poison","floor":7},{"not_picked":["Unload","Dodge and Roll"],"picked":"Bouncing Flask","floor":8},{"not_picked":["Dagger Throw","Dash"],"picked":"Deflect","floor":10},{"not_picked":["PiercingWail","Slice"],"picked":"Bane","floor":11},{"not_picked":["Skewer","Malaise"],"picked":"Prepared","floor":13},{"not_picked":["Predator","Skewer"],"picked":"Acrobatics","floor":14},{"not_picked":["Adrenaline","Burst"],"picked":"Envenom","floor":16},{"not_picked":["Quick Slash","Bouncing Flask"],"picked":"Outmaneuver","floor":18},{"not_picked":["Sucker Punch","Deflect"],"picked":"Bane","floor":19},{"not_picked":["Acrobatics","Calculated Gamble"],"picked":"Flying Knee","floor":22},{"not_picked":["Quick Slash","Leg Sweep"],"picked":"Expertise","floor":23},{"not_picked":["Infinite Blades","Caltrops"],"picked":"Dodge and Roll","floor":24}],"player_experience":24949,"potions_floor_usage":[22,23,24,24],"damage_taken":[{"damage":3,"enemies":"Jaw Worm","floor":1,"turns":6},{"damage":0,"enemies":"Small Slimes","floor":2,"turns":3},{"damage":0,"enemies":"Cultist","floor":5,"turns":4},{"damage":0,"enemies":"Exordium Wildlife","floor":7,"turns":5},{"damage":13,"enemies":"3 Sentries","floor":8,"turns":9},{"damage":0,"enemies":"Looter","floor":10,"turns":4},{"damage":0,"enemies":"Blue Slaver","floor":11,"turns":4},{"damage":7,"enemies":"Gremlin Gang","floor":13,"turns":4},{"damage":16,"enemies":"Lots of Slimes","floor":14,"turns":4},{"damage":16,"enemies":"The Guardian","floor":16,"turns":8},{"damage":12,"enemies":"2 Thieves","floor":18,"turns":4},{"damage":0,"enemies":"Spheric Guardian","floor":19,"turns":3},{"damage":23,"enemies":"Snecko","floor":22,"turns":6},{"damage":35,"enemies":"Slavers","floor":23,"turns":5},{"damage":11,"enemies":"Snake Plant","floor":24,"turns":5},{"damage":33,"enemies":"Slaver and Parasite","floor":27,"turns":5}],"event_choices":[{"event_name":"Golden Wing","player_choice":"Card Removal","floor":3,"damage_taken":0},{"event_name":"Golden Idol","player_choice":"Take Damage","floor":4,"damage_taken":0},{"event_name":"Match and Keep!","player_choice":"0 cards matched","floor":20,"damage_taken":0},{"event_name":"The Woman in Blue","player_choice":"Bought 0 Potions","floor":21,"damage_taken":0}],"boss_relics":[{"not_picked":["White Beast Statue","Ectoplasm"],"picked":"Cursed Key"}],"potions_floor_spawned":[2,7,11,14,16,19,22,24],"seed_played":"990108888644815322","killed_by":"Slaver and Parasite","ascension_level":0,"is_trial":false}