{"gold_per_floor":[119,130,130,56,56,56,68,15,39,56,69,69,83,113,113,113],"floor_reached":16,"playtime":500,"items_purged":[],"score":102,"play_id":"8ff45827-dc67-4529-8750-2d8b9d2eee29","local_time":"20181212140019","is_ascension_mode":false,"campfire_choices":[{"floor":6,"key":"RECALL"},{"data":"Corruption","floor":12,"key":"SMITH"},{"data":"Intimidate","floor":15,"key":"SMITH"}],"neow_cost":"TEN_PERCENT_HP_LOSS","seed_source_timestamp":1118971494679992,"circlet_count":0,"master_deck":["Strike_R","Strike_R","Strike_R","Strike_R","Defend_R","Defend_R","Defend_R","Defend_R","Bash","Whirlwind+1","Feel No Pain","Metallicize","Corruption+1","Shrug It Off","Intimidate+1","Flame Barrier"],"relics":["Burning Blood","WingedGreaves","PreservedInsect","Singing Bowl"],"potions_floor_usage":[14,16],"damage_taken":[{"damage":5,"enemies":"Small Slimes","floor":1,"turns":4},{"damage":1,"enemies":"Cultist","floor":2,"turns":3},{"damage":0,"enemies":"Jaw Worm","floor":7,"turns":3},{"damage":20,"enemies":"Exordium Thugs","floor":10,"turns":6},{"damage":0,"enemies":"3 Louse","floor":11,"turns":3},{"damage":0,"enemies":"Gremlin Gang","floor":13,"turns":2},{"damage":24,"enemies":"Gremlin Nob","floor":14,"turns":4},{"damage":55,"enemies":"Hexaghost","floor":16,"turns":11}],"seed_played":"-8695877996797469203","potions_obtained":[{"floor":1,"key":"Energy Potion"},{"floor":7,"key":"FearPotion"},{"floor":13,"key":"Swift Potion"}],"is_trial":false,"path_per_floor":["M","M","?","$","?","R","M","$","T","M","M","R","M","E","R","B"],"character_chosen":"IRONCLAD","items_purchased":["Metallicize","Shrug It Off"],"campfire_rested":0,"item_purchase_floors":[4,8],"current_hp_per_floor":[72,72,65,65,65,65,71,71,71,57,63,63,69,53,53,0],"gold":113,"neow_bonus":"ONE_RARE_RELIC","is_prod":false,"is_daily":false,"chose_seed":false,"campfire_upgraded":2,"win_rate":0,"timestamp":1544590819,"path_taken":["M","M","?","$","?","R","M","$","T","M","M","R","M","E","R","BOSS"],"build_version":"2018-12-06","purchased_purges":0,"victory":false,"max_hp_per_floor":[72,72,72,72,72,72,72,72,72,72,72,72,72,74,74,74],"card_choices":[{"not_picked":["Inflame","Battle Trance"],"picked":"Whirlwind","floor":1},{"not_picked":["Infernal Blade","Headbutt"],"picked":"Feel No Pain","floor":2},{"not_picked":["True Grit","Dropkick"],"picked":"Corruption","floor":7},{"not_picked":["Spot Weakness","Flex"],"picked":"Intimidate","floor":10},{"not_picked":["Flex","Perfected Strike","Anger"],"picked":"SKIP","floor":11},{"not_picked":["Body Slam","Heavy Blade"],"picked":"Flame Barrier","floor":13},{"not_picked":["Clothesline","Heavy Blade","Headbutt"],"picked":"Singing Bowl","floor":14}],"player_experience":615090,"relics_obtained":[{"floor":9,"key":"PreservedInsect"},{"floor":14,"key":"Singing Bowl"}],"event_choices":[{"cards_removed":["Strike_R"],"damage_healed":0,"gold_gain":0,"player_choice":"Card Removal","damage_taken":7,"max_hp_gain":0,"max_hp_loss":0,"event_name":"Golden Wing","floor":3,"gold_loss":0},{"damage_healed":0,"gold_gain":0,"player_choice":"Upgraded","damage_taken":0,"max_hp_gain":0,"max_hp_loss":0,"event_name":"Upgrade Shrine","floor":5,"gold_loss":0,"cards_upgraded":["Whirlwind"]}],"is_beta":false,"boss_relics":[],"items_purged_floors":[],"is_endless":false,"potions_floor_spawned":[1,7,13],"killed_by":"Hexaghost","ascension_level":0}