{"path_per_floor":["M","M","?","?","M","E","R","$","T","E","M","M","E","M","R","B",null,"M","?","$","?","M","R","E","R","T","R","M","T","E","M","R","B",null,"M","M","?","$","M","E","R","E","T","?","R","M","?","M","R","B"],"character_chosen":"THE_SILENT","items_purchased":["Cloak And Dagger","Infinite Blades","Apotheosis","War Paint","Centennial Puzzle","Backflip"],"gold_per_floor":[141,160,160,335,355,390,390,214,214,240,251,268,293,313,313,415,415,429,429,93,93,113,113,143,143,143,143,156,156,190,207,207,302,302,313,324,378,32,43,69,69,94,94,94,94,105,105,119,119,119],"floor_reached":51,"campfire_rested":0,"playtime":4894,"current_hp_per_floor":[75,75,68,68,65,43,43,43,43,39,49,43,46,42,42,19,75,62,52,52,52,51,51,40,40,40,40,48,48,34,47,47,24,52,52,51,51,51,61,43,43,56,62,62,62,64,64,67,67,70],"items_purged":["Strike_G","Setup"],"gold":119,"score":827,"play_id":"3fd6393b-d662-4df3-976b-4eb8ec17956e","local_time":"20180501110158","is_prod":false,"is_daily":false,"chose_seed":false,"is_ascension_mode":true,"campfire_upgraded":9,"timestamp":1525140118,"path_taken":["M","M","?","?","M","E","R","$","T","E","M","M","E","M","R","BOSS","M","?","$","?","?","R","E","R","T","R","?","?","E","?","R","BOSS","M","M","?","$","?","E","R","E","T","?","R","M","?","M","R","BOSS"],"build_version":"2018-04-28v2","seed_source_timestamp":133604730412264,"purchased_purges":3,"victory":true,"master_deck":["Defend_G","Defend_G","Defend_G+1","Defend_G+1","Survivor","Neutralize+1","Prepared","Blade Dance","Outmaneuver","Doubt","Flying Knee","Unload","Cloak And Dagger+1","Infinite Blades+1","Footwork+1","Acrobatics","Acrobatics","Tactician","Cloak And Dagger","Bite","Bite","Bite","Bite","Bite","Apotheosis+1","Flying Knee","Dodge and Roll","Infinite Blades+1","Well Laid Plans+1","After Image+1","Prepared","Backflip","Distraction+1","Backflip+1","Cloak And Dagger+1","Calculated Gamble+1","Bullet Time+1","Clumsy","Footwork+1","Calculated Gamble+1"],"max_hp_per_floor":[75,75,75,75,75,75,75,75,75,75,75,75,75,75,75,75,75,75,52,52,52,52,52,52,52,52,52,52,52,52,52,52,52,52,52,52,66,66,66,66,66,66,72,72,72,72,72,72,72,72],"relics":["Tiny House","Ginger","Ice Cream","Meat on the Bone","Tingsha","Darkstone Periapt","Runic Dome","War Paint","Vajra","Smiling Mask","Molten Egg 2","Blood Vial","Cursed Key","Mango","Centennial Puzzle","The Courier","Lantern","Shuriken"],"card_choices":[{"not_picked":["PiercingWail","Skewer"],"picked":"Prepared","floor":0},{"not_picked":["Bane","Dagger Throw"],"picked":"Blade Dance","floor":1},{"not_picked":["Slice","Quick Slash"],"picked":"Outmaneuver","floor":2},{"not_picked":["Quick Slash","Slice"],"picked":"Flying Knee","floor":5},{"not_picked":["Underhanded Strike","Deflect"],"picked":"Unload","floor":6},{"not_picked":["Quick Slash","Flying Knee"],"picked":"Footwork","floor":12},{"not_picked":["Malaise","Dodge and Roll"],"picked":"Acrobatics","floor":13},{"not_picked":["Malaise","Leg Sweep"],"picked":"Acrobatics","floor":14},{"not_picked":["Grand Finale","Glass Knife"],"picked":"Tactician","floor":16},{"not_picked":["Prepared","Sucker Punch"],"picked":"Cloak And Dagger","floor":18},{"not_picked":["Dagger Throw","Eviscerate"],"picked":"Flying Knee","floor":22},{"not_picked":["Crippling Poison","Bouncing Flask"],"picked":"Dodge and Roll","floor":24},{"not_picked":["Terror","Poisoned Stab"],"picked":"Infinite Blades","floor":28},{"not_picked":["Unload","Quick Slash"],"picked":"Well Laid Plans","floor":30},{"not_picked":["Riddle With Holes","Quick Slash"],"picked":"Setup","floor":31},{"not_picked":["Tactician","Tools of the Trade"],"picked":"After Image","floor":33},{"not_picked":["Sucker Punch","Bane"],"picked":"Prepared","floor":35},{"not_picked":["PiercingWail","Backstab"],"picked":"Backflip","floor":36},{"not_picked":["Sucker Punch","Quick Slash"],"picked":"Distraction","floor":37},{"not_picked":["Deflect","Slice"],"picked":"Cloak And Dagger","floor":39},{"not_picked":["Predator","Outmaneuver"],"picked":"Calculated Gamble","floor":40},{"not_picked":["Riddle With Holes","Slice"],"picked":"Bullet Time","floor":42},{"not_picked":["Reflex","Outmaneuver"],"picked":"Footwork","floor":46},{"not_picked":["Dodge and Roll","Dagger Spray"],"picked":"Calculated Gamble","floor":48}],"player_experience":127097,"potions_floor_usage":[14,16,33,33,40,40,50,50],"damage_taken":[{"damage":0,"enemies":"2 Louse","floor":1,"turns":3},{"damage":0,"enemies":"Jaw Worm","floor":2,"turns":6},{"damage":3,"enemies":"Small Slimes","floor":5,"turns":4},{"damage":22,"enemies":"3 Sentries","floor":6,"turns":11},{"damage":16,"enemies":"Lagavulin","floor":10,"turns":8},{"damage":2,"enemies":"3 Louse","floor":11,"turns":4},{"damage":6,"enemies":"Blue Slaver","floor":12,"turns":3},{"damage":9,"enemies":"3 Sentries","floor":13,"turns":6},{"damage":4,"enemies":"Gremlin Gang","floor":14,"turns":4},{"damage":35,"enemies":"The Guardian","floor":16,"turns":11},{"damage":13,"enemies":"2 Thieves","floor":18,"turns":4},{"damage":6,"enemies":"Chosen","floor":22,"turns":4},{"damage":19,"enemies":"Book of Stabbing","floor":24,"turns":5},{"damage":3,"enemies":"Snecko","floor":28,"turns":4},{"damage":37,"enemies":"Slavers","floor":30,"turns":6},{"damage":1,"enemies":"3 Cultists","floor":31,"turns":5},{"damage":62,"enemies":"Collector","floor":33,"turns":8},{"damage":4,"enemies":"3 Shapes","floor":35,"turns":5},{"damage":7,"enemies":"Orb Walker","floor":36,"turns":4},{"damage":35,"enemies":"ê_îÈÇÃãÖëÃ","floor":37,"turns":7},{"damage":10,"enemies":"4 Shapes","floor":39,"turns":5},{"damage":28,"enemies":"2 Orb Walkers","floor":40,"turns":6},{"damage":19,"enemies":"Nemesis","floor":42,"turns":7},{"damage":9,"enemies":"3 Darklings","floor":46,"turns":5},{"damage":11,"enemies":"Sphere and 2 Shapes","floor":48,"turns":5},{"damage":20,"enemies":"Donu and Deca","floor":50,"turns":9}],"event_choices":[{"event_name":"Scrap Ooze","player_choice":"success","floor":3,"damage_taken":7},{"event_name":"Liars Game","player_choice":"agreed","floor":4,"damage_taken":0},{"event_name":"Vampires","player_choice":"Became a vampire","floor":19,"damage_taken":0},{"event_name":"Purifier","player_choice":"One Purge","floor":21,"damage_taken":0},{"event_name":"Mysterious Sphere","player_choice":"Fight","floor":37,"damage_taken":0},{"event_name":"Match and Keep!","player_choice":"0 cards matched","floor":44,"damage_taken":0},{"event_name":"Upgrade Shrine","player_choice":"Upgraded","floor":47,"damage_taken":0}],"boss_relics":[{"not_picked":["Ectoplasm","Lizard Tail"],"picked":"Runic Dome"},{"not_picked":["Orrery","Philosopher\u0027s Stone"],"picked":"Cursed Key"}],"potions_floor_spawned":[2,6,11,12,16,24,28,31,37,40,48],"seed_played":"-8383676446246279544","ascension_level":1,"is_trial":false}