{"gold_per_floor":[109,109,128,141,66,76,76,110,136,136,136,152,152,167,167,271,271,285,285,185,202,215,215,230,230,253,56,74,84,84,100,100,201,201,212,20,20,0,0,0,19,19,19,19,119,40,40,60,60,60],"floor_reached":50,"playtime":2414,"items_purged":["Decay","Turbo"],"score":442,"play_id":"c2a0881c-9ea6-46ba-8f32-32fef1811c4e","local_time":"20190609033644","is_ascension_mode":false,"campfire_choices":[{"data":"Strike_B","floor":7,"key":"PURGE"},{"data":"Strike_B","floor":11,"key":"PURGE"},{"floor":13,"key":"REST"},{"data":"Strike_B","floor":15,"key":"PURGE"},{"data":"Fission","floor":23,"key":"SMITH"},{"data":"Zap","floor":25,"key":"SMITH"},{"data":"Loop","floor":30,"key":"SMITH"},{"data":"Static Discharge","floor":32,"key":"SMITH"},{"data":"Hologram","floor":40,"key":"SMITH"},{"data":"Coolheaded","floor":42,"key":"SMITH"},{"data":"Go for the Eyes","floor":44,"key":"SMITH"},{"data":"Fission","floor":47,"key":"SMITH"},{"data":"PanicButton","floor":49,"key":"SMITH"}],"neow_cost":"TEN_PERCENT_HP_LOSS","seed_source_timestamp":764254315299466,"circlet_count":0,"master_deck":["Zap+1","Dualcast","Gash","Go for the Eyes+1","Gash","Chill","Core Surge","Static Discharge+1","Fission+1","Self Repair","Loop+1","Reinforced Body+1","Self Repair","Hologram+1","Self Repair","Glacier","Coolheaded+1","White Noise","Conserve Battery","Seek+1","Go for the Eyes+1","Fission+1","Jack Of All Trades","PanicButton+1","Good Instincts","Conserve Battery","Fission+1","Redo+1"],"relics":["Cracked Core","Peace Pipe","War Paint","PreservedInsect","Incense Burner","Pandora\u0027s Box","Boot","Sozu","DollysMirror","Red Mask","Symbiotic Virus","Thread and Needle"],"potions_floor_usage":[50,50],"damage_taken":[{"damage":3,"enemies":"2 Louse","floor":1,"turns":3},{"damage":1,"enemies":"Cultist","floor":3,"turns":3},{"damage":7,"enemies":"Small Slimes","floor":4,"turns":3},{"damage":16,"enemies":"3 Louse","floor":6,"turns":3},{"damage":36,"enemies":"Gremlin Nob","floor":8,"turns":6},{"damage":0,"enemies":"2 Fungi Beasts","floor":12,"turns":3},{"damage":3,"enemies":"Large Slime","floor":14,"turns":5},{"damage":15,"enemies":"The Guardian","floor":16,"turns":12},{"damage":8,"enemies":"Spheric Guardian","floor":18,"turns":3},{"damage":20,"enemies":"2 Thieves","floor":21,"turns":4},{"damage":15,"enemies":"3 Cultists","floor":22,"turns":4},{"damage":12,"enemies":"Cultist and Chosen","floor":24,"turns":6},{"damage":10,"enemies":"Centurion and Healer","floor":28,"turns":8},{"damage":0,"enemies":"Snake Plant","floor":29,"turns":6},{"damage":1,"enemies":"Shelled Parasite and Fungi","floor":31,"turns":8},{"damage":38,"enemies":"Automaton","floor":33,"turns":11},{"damage":11,"enemies":"Orb Walker","floor":35,"turns":7},{"damage":0,"enemies":"3 Shapes","floor":41,"turns":5},{"damage":0,"enemies":"Mind Bloom Boss Battle","floor":45,"turns":16},{"damage":0,"enemies":"Transient","floor":48,"turns":5},{"damage":80,"enemies":"Donu and Deca","floor":50,"turns":10}],"seed_played":"5608214587729076078","potions_obtained":[{"floor":4,"key":"LiquidBronze"},{"floor":6,"key":"Energy Potion"},{"floor":16,"key":"LiquidBronze"},{"floor":28,"key":"Regen Potion"}],"is_trial":false,"path_per_floor":["M","?","M","M","$","M","R","E","T","T","R","M","R","M","R","B",null,"M","?","$","M","M","R","M","R","T","$","M","M","R","M","R","B",null,"M","$","?","?","?","R","M","R","T","R","?","$","R","M","R","B"],"character_chosen":"DEFECT","items_purchased":["Hologram","Self Repair","Glacier","DollysMirror","Fission"],"campfire_rested":1,"item_purchase_floors":[27,27,27,36,46],"current_hp_per_floor":[65,65,64,57,57,41,41,5,5,5,5,5,25,22,22,7,68,67,68,68,55,47,47,42,42,42,42,53,68,68,68,68,51,68,68,68,58,58,58,58,68,68,68,68,68,68,68,68,68,0],"gold":60,"neow_bonus":"ONE_RARE_RELIC","is_prod":false,"is_daily":false,"chose_seed":false,"campfire_upgraded":9,"win_rate":0,"timestamp":1560019004,"path_taken":["M","?","?","M","$","M","R","E","T","?","R","M","R","M","R","BOSS","M","?","$","M","M","R","M","R","T","$","M","M","R","M","R","BOSS","M","?","?","?","?","R","?","R","T","R","?","$","R","M","R","BOSS"],"build_version":"2019-01-23","purchased_purges":2,"victory":false,"max_hp_per_floor":[68,68,68,68,68,68,68,68,68,68,68,68,68,68,68,68,68,68,68,68,68,68,68,68,68,68,68,68,68,68,68,68,68,68,68,68,68,68,68,68,68,68,68,68,68,68,68,68,68,68],"card_choices":[{"not_picked":["Hologram","Reinforced Body"],"picked":"Gash","floor":1},{"not_picked":["Leap","Stack","Sweeping Beam"],"picked":"SKIP","floor":3},{"not_picked":["Compile Driver","Stack"],"picked":"Go for the Eyes","floor":4},{"not_picked":["Ball Lightning","Sweeping Beam"],"picked":"Gash","floor":6},{"not_picked":["Melter","Auto Shields","Reprogram"],"picked":"SKIP","floor":8},{"not_picked":["Sweeping Beam","Turbo"],"picked":"Chill","floor":12},{"not_picked":["Stack","Genetic Algorithm","Auto Shields"],"picked":"SKIP","floor":14},{"not_picked":["Thunder Strike","Rainbow"],"picked":"Core Surge","floor":16},{"not_picked":["Steam","Darkness","Reprogram+1"],"picked":"SKIP","floor":18},{"not_picked":["Stack","Beam Cell"],"picked":"Loop","floor":21},{"not_picked":["Stack","BootSequence"],"picked":"Reinforced Body+1","floor":22},{"not_picked":["Steam","Consume+1"],"picked":"Self Repair","floor":24},{"not_picked":["Turbo","Stack"],"picked":"Coolheaded","floor":28},{"not_picked":["Leap","Force Field"],"picked":"White Noise","floor":29},{"not_picked":["Streamline","Buffer"],"picked":"Conserve Battery","floor":31},{"not_picked":["Meteor Strike","Thunder Strike"],"picked":"Seek","floor":33},{"not_picked":["Sweeping Beam+1","Cold Snap"],"picked":"Go for the Eyes+1","floor":35},{"not_picked":["Forethought","Trip"],"picked":"Jack Of All Trades","floor":37},{"not_picked":["Enlightenment","Blind"],"picked":"PanicButton","floor":37},{"not_picked":["Mind Blast","Purity"],"picked":"Good Instincts","floor":37},{"not_picked":["Doom and Gloom","Ball Lightning+1"],"picked":"Conserve Battery","floor":41},{"not_picked":["Beam Cell","Compile Driver+1"],"picked":"Redo+1","floor":48}],"player_experience":995515,"relics_obtained":[{"floor":8,"key":"War Paint"},{"floor":9,"key":"PreservedInsect"},{"floor":10,"key":"Incense Burner"},{"floor":26,"key":"Boot"},{"floor":43,"key":"Symbiotic Virus"},{"floor":45,"key":"Thread and Needle"}],"event_choices":[{"damage_healed":0,"gold_gain":0,"player_choice":"Cursed","damage_taken":0,"max_hp_gain":0,"max_hp_loss":0,"event_name":"Wheel of Change","floor":2,"gold_loss":0,"cards_obtained":["Decay"]},{"cards_removed":["Chaos"],"damage_healed":1,"gold_gain":0,"player_choice":"Offered Uncommon","damage_taken":0,"max_hp_gain":0,"max_hp_loss":0,"event_name":"Bonfire Elementals","floor":19,"gold_loss":0},{"damage_healed":0,"gold_gain":0,"player_choice":"Memory 3","damage_taken":10,"max_hp_gain":0,"max_hp_loss":0,"event_name":"SensoryStone","floor":37,"gold_loss":0},{"damage_healed":0,"gold_gain":0,"player_choice":"Paid","damage_taken":0,"relics_obtained":["Red Mask"],"max_hp_gain":0,"max_hp_loss":0,"event_name":"Tomb of Lord Red Mask","floor":38,"gold_loss":20},{"damage_healed":0,"gold_gain":0,"player_choice":"Upgraded","damage_taken":0,"max_hp_gain":0,"max_hp_loss":0,"event_name":"Upgrade Shrine","floor":39,"gold_loss":0,"cards_upgraded":["Seek"]},{"damage_healed":0,"gold_gain":0,"player_choice":"Fight","damage_taken":0,"max_hp_gain":0,"max_hp_loss":0,"event_name":"MindBloom","floor":45,"gold_loss":0}],"is_beta":false,"boss_relics":[{"not_picked":["White Beast Statue","Velvet Choker"],"picked":"Pandora\u0027s Box"},{"not_picked":["Astrolabe","Snecko Eye"],"picked":"Sozu"}],"items_purged_floors":[5,20],"is_endless":false,"potions_floor_spawned":[4,6,16,28,31,33,41,48],"killed_by":"Donu and Deca","ascension_level":0}