{"gold_per_floor":[118,129,179,192,205,262,289,289,289,300,300,300,332,20,20,96,96,113,113,127,127,153,187,187,212,261,261,289,304,320,320,320,397,397,413,38,57,57,57,57,57,76,76,87,87,10,10],"floor_reached":47,"playtime":2540,"items_purged":["Tactician+1"],"score":1065,"play_id":"2ff1af50-a38c-4bd2-b084-40efeac56efc","local_time":"20190205001242","is_ascension_mode":true,"campfire_choices":[{"data":"Poisoned Stab","floor":8.0,"key":"SMITH"},{"floor":11.0,"key":"REST"},{"data":"Apotheosis","floor":15.0,"key":"SMITH"},{"data":"After Image","floor":24.0,"key":"SMITH"},{"floor":27.0,"key":"REST"},{"data":"A Thousand Cuts","floor":32,"key":"SMITH"},{"data":"Well Laid Plans","floor":40,"key":"SMITH"}],"neow_cost":"NONE","seed_source_timestamp":1264228933297900,"circlet_count":0,"master_deck":["AscendersBane","Defend_G","Defend_G","Defend_G","Defend_G","Defend_G","Survivor","Neutralize","Backstab","Poisoned Stab+1","Blur","Dagger Throw","A Thousand Cuts+1","Well Laid Plans+1","Apotheosis+1","Cloak And Dagger","Bullet Time","Slice+1","Storm of Steel+1","Flying Knee","PiercingWail","Bite","Bite","Bite","Bite","Bite","After Image+1","Blade Dance","Deadly Poison","Backflip","Phantasmal Killer","Leg Sweep+1","Panache","Accuracy","Footwork+1","Bouncing Flask","Grand Finale","Dash"],"special_seed":0,"relics":["Ring of the Snake","NeowsBlessing","Tiny Chest","Bronze Scales","Ninja Scroll","Oddly Smooth Stone","Astrolabe","MutagenicStrength","Bag of Marbles","Paper Crane","Red Mask","Omamori","Letter Opener","Coffee Dripper","Anchor","Toxic Egg 2"],"potions_floor_usage":[44],"damage_taken":[{"damage":0.0,"enemies":"2 Louse","floor":1.0,"turns":1.0},{"damage":0.0,"enemies":"Cultist","floor":2.0,"turns":1.0},{"damage":0.0,"enemies":"Jaw Worm","floor":4.0,"turns":1.0},{"damage":9.0,"enemies":"Red Slaver","floor":5.0,"turns":4.0},{"damage":22.0,"enemies":"3 Sentries","floor":6.0,"turns":12.0},{"damage":3.0,"enemies":"Large Slime","floor":10.0,"turns":5.0},{"damage":28.0,"enemies":"Gremlin Nob","floor":13.0,"turns":4.0},{"damage":0.0,"enemies":"Hexaghost","floor":16.0,"turns":10.0},{"damage":10.0,"enemies":"Spheric Guardian","floor":18.0,"turns":5.0},{"damage":22.0,"enemies":"Shell Parasite","floor":20.0,"turns":3.0},{"damage":16.0,"enemies":"Gremlin Leader","floor":23.0,"turns":4.0},{"damage":0.0,"enemies":"Masked Bandits","floor":25.0,"turns":2.0},{"damage":1,"enemies":"Book of Stabbing","floor":28,"turns":3},{"damage":0,"enemies":"Cultist and Chosen","floor":29,"turns":6},{"damage":0,"enemies":"Snake Plant","floor":30,"turns":2},{"damage":30,"enemies":"Champ","floor":33,"turns":11},{"damage":1,"enemies":"3 Shapes","floor":35,"turns":3},{"damage":6,"enemies":"Orb Walker","floor":37,"turns":2},{"damage":24,"enemies":"3 Darklings","floor":42,"turns":5},{"damage":2,"enemies":"Maw","floor":44,"turns":9},{"damage":50,"enemies":"Transient","floor":47,"turns":5}],"seed_played":"-7306052162300032960","potions_obtained":[{"floor":1.0,"key":"Ancient Potion"},{"floor":2.0,"key":"LiquidBronze"},{"floor":4.0,"key":"FearPotion"},{"floor":6.0,"key":"Ancient Potion"},{"floor":25.0,"key":"Swift Potion"},{"floor":28,"key":"Weak Potion"}],"is_trial":false,"path_per_floor":["M","M","?","M","M","E","T","R","T","M","R","?","E","$","R","B",null,"M","?","M","?","T","E","R","?","T","R","E","M","M","T","R","B",null,"M","$","M","?","?","R","?","M","T","M","?","?","M"],"character_chosen":"THE_SILENT","items_purchased":["Apotheosis","Cloak And Dagger","SpeedPotion","Panache","Accuracy"],"campfire_rested":2,"item_purchase_floors":[14,14,14,36,36],"current_hp_per_floor":[59,59,53,53,44,22,22,22,22,19,38,43,15,15,15,15,57,47,47,25,25,25,15,15,18,18,32,37,43,46,46,46,31,45,49,49,43,43,43,43,43,23,23,39,39,39,0],"gold":10,"neow_bonus":"THREE_ENEMY_KILL","is_prod":false,"is_daily":false,"chose_seed":false,"campfire_upgraded":5,"win_rate":0,"timestamp":1549318362,"path_taken":["M","M","?","?","M","E","?","R","T","?","R","?","E","?","R","BOSS","M","?","M","?","?","E","R","?","T","R","E","?","M","?","R","BOSS","M","$","M","?","?","R","?","M","T","?","?","?","M"],"build_version":"2019-01-23","purchased_purges":1,"victory":false,"max_hp_per_floor":[66,66,66,66,66,66,66,66,66,66,66,71,71,71,71,71,71,71,71,71,49,49,49,49,49,49,49,49,49,49,49,49,49,49,49,49,49,49,47,47,47,47,47,47,47,47,47],"card_choices":[{"not_picked":["Finisher","Dagger Throw"],"picked":"Backstab","floor":1.0},{"not_picked":["Backflip","Outmaneuver"],"picked":"Dagger Spray","floor":2.0},{"not_picked":["Outmaneuver","Heel Hook"],"picked":"Poisoned Stab","floor":4.0},{"not_picked":["Dagger Spray","Deflect"],"picked":"Blur","floor":5.0},{"not_picked":["Tactician","Blade Dance"],"picked":"Dagger Throw","floor":6.0},{"not_picked":["Blade Dance","Prepared"],"picked":"A Thousand Cuts","floor":10.0},{"not_picked":["Acrobatics","Dagger Spray"],"picked":"Well Laid Plans","floor":13.0},{"not_picked":["Tools of the Trade","Storm of Steel"],"picked":"Bullet Time","floor":16.0},{"not_picked":["Endless Agony","Dagger Spray+1"],"picked":"Flying Knee","floor":18.0},{"not_picked":["Blade Dance","Bane"],"picked":"PiercingWail","floor":20.0},{"not_picked":["PiercingWail+1","Flechettes"],"picked":"After Image","floor":23.0},{"not_picked":["Slice+1","Catalyst"],"picked":"Blade Dance","floor":25.0},{"not_picked":["Heel Hook","All Out Attack"],"picked":"Deadly Poison","floor":28},{"not_picked":["Acrobatics","Prepared"],"picked":"Backflip","floor":29},{"not_picked":["Expertise","Concentrate","Dagger Throw"],"picked":"SKIP","floor":30},{"not_picked":["Unload","Storm of Steel"],"picked":"Phantasmal Killer","floor":33},{"not_picked":["Dodge and Roll+1","Dash"],"picked":"Leg Sweep+1","floor":35},{"not_picked":["Underhanded Strike","Bane+1"],"picked":"Footwork+1","floor":37},{"not_picked":["Flechettes+1","Poisoned Stab","Dagger Throw"],"picked":"SKIP","floor":42},{"not_picked":["Expertise","Predator"],"picked":"Dash","floor":44}],"player_experience":870284,"relics_obtained":[{"floor":6.0,"key":"Tiny Chest"},{"floor":7.0,"key":"Bronze Scales"},{"floor":9.0,"key":"Ninja Scroll"},{"floor":13.0,"key":"Oddly Smooth Stone"},{"floor":22.0,"key":"Bag of Marbles"},{"floor":23.0,"key":"Paper Crane"},{"floor":25.0,"key":"Red Mask"},{"floor":28,"key":"Omamori"},{"floor":31,"key":"Letter Opener"},{"floor":43,"key":"Anchor"}],"event_choices":[{"damage_healed":0.0,"max_hp_gain":0.0,"max_hp_loss":0.0,"gold_gain":50.0,"event_name":"FaceTrader","player_choice":"Touch","floor":3.0,"gold_loss":0.0,"damage_taken":6.0},{"damage_healed":0.0,"max_hp_gain":5.0,"max_hp_loss":0.0,"gold_gain":0.0,"event_name":"Big Fish","player_choice":"Donut","floor":12.0,"gold_loss":0.0,"damage_taken":0.0},{"damage_healed":0.0,"max_hp_gain":0.0,"max_hp_loss":0.0,"gold_gain":0.0,"event_name":"Drug Dealer","player_choice":"Inject Mutagens","floor":19.0,"gold_loss":0.0,"damage_taken":0.0,"relics_obtained":["MutagenicStrength"]},{"damage_healed":0.0,"max_hp_gain":0.0,"max_hp_loss":22.0,"gold_gain":0.0,"event_name":"Vampires","player_choice":"Became a vampire","floor":21.0,"gold_loss":0.0,"damage_taken":0.0,"cards_obtained":["Bite","Bite","Bite","Bite","Bite"]},{"damage_healed":0.0,"max_hp_gain":0.0,"max_hp_loss":0.0,"gold_gain":0.0,"event_name":"Masked Bandits","player_choice":"Fought Bandits","floor":25.0,"gold_loss":0.0,"damage_taken":0.0},{"cards_removed":["Dagger Spray"],"damage_healed":0,"gold_gain":0,"player_choice":"Removed Attack","damage_taken":0,"max_hp_gain":0,"max_hp_loss":0,"event_name":"Falling","floor":38,"gold_loss":0},{"damage_healed":0,"gold_gain":0,"player_choice":"Max HP","damage_taken":0,"max_hp_gain":0,"max_hp_loss":2,"event_name":"Winding Halls","floor":39,"gold_loss":0},{"damage_healed":0,"gold_gain":0,"player_choice":"2 cards matched","damage_taken":0,"max_hp_gain":0,"max_hp_loss":0,"event_name":"Match and Keep!","floor":41,"gold_loss":0,"cards_obtained":["Bouncing Flask","Grand Finale"]},{"damage_healed":0,"gold_gain":0,"player_choice":"Ignored","damage_taken":0,"max_hp_gain":0,"max_hp_loss":0,"event_name":"Tomb of Lord Red Mask","floor":45,"gold_loss":0},{"damage_healed":0,"gold_gain":0,"player_choice":"Paid Gold","damage_taken":0,"relics_obtained":["Toxic Egg 2"],"max_hp_gain":0,"max_hp_loss":0,"event_name":"WeMeetAgain","floor":46,"gold_loss":77}],"is_beta":false,"boss_relics":[{"not_picked":["Lizard Tail","Ring of the Serpent"],"picked":"Astrolabe"},{"not_picked":["Pandora\u0027s Box","Runic Dome"],"picked":"Coffee Dripper"}],"items_purged_floors":[36],"is_endless":false,"potions_floor_spawned":[1,2,4,6,25,28,33,42],"killed_by":"Transient","ascension_level":18}