{"gold_per_floor":[113,113,123,18,35,35,35,35,62,62,74,102,121,121],"floor_reached":14,"playtime":686,"items_purged":[],"score":153,"play_id":"86f44a4c-7fb2-4bff-98d6-2ad9c58c6fbd","local_time":"20190612043749","is_ascension_mode":true,"campfire_choices":[{"data":"Footwork","floor":6,"key":"SMITH"},{"data":"Neutralize","floor":8,"key":"SMITH"}],"neow_cost":"PERCENT_DAMAGE","seed_source_timestamp":1028846516855472,"circlet_count":0,"master_deck":["AscendersBane","Defend_G","Defend_G","Defend_G","Defend_G","Defend_G","Strike_G","Strike_G","Strike_G","Strike_G","Survivor","Neutralize+1","Blur","Dagger Spray","Footwork+1","Dash","Bouncing Flask","Backflip","Deflect","Setup"],"relics":["Ring of the Snake","Dead Branch","Ancient Tea Set","NlothsMask","The Courier"],"potions_floor_usage":[12],"damage_taken":[{"damage":5,"enemies":"Cultist","floor":1,"turns":4},{"damage":0,"enemies":"2 Louse","floor":3,"turns":3},{"damage":0,"enemies":"Small Slimes","floor":5,"turns":3},{"damage":3,"enemies":"Looter","floor":11,"turns":3},{"damage":34,"enemies":"Gremlin Nob","floor":12,"turns":5},{"damage":0,"enemies":"Exordium Wildlife","floor":13,"turns":6},{"damage":2,"enemies":"3 Louse","floor":14,"turns":1}],"seed_played":"-6244170835597900795","potions_obtained":[{"floor":3,"key":"Energy Potion"}],"is_trial":false,"path_per_floor":["M","?","M","$","M","R","$","R","T","?","M","E","M","M"],"character_chosen":"THE_SILENT","items_purchased":["Footwork","Dash"],"campfire_rested":0,"item_purchase_floors":[4,4],"current_hp_per_floor":[39,39,39,39,39,39,39,39,39,39,36,2,2,0],"gold":121,"neow_bonus":"ONE_RARE_RELIC","is_prod":false,"is_daily":false,"chose_seed":false,"campfire_upgraded":2,"win_rate":0,"timestamp":1560281869,"path_taken":["M","?","?","$","M","R","?","R","T","?","M","E","?","M"],"build_version":"2019-01-23","purchased_purges":0,"victory":false,"max_hp_per_floor":[66,66,66,66,66,66,66,66,66,66,66,66,66,66],"card_choices":[{"not_picked":["Backflip","Accuracy"],"picked":"Blur","floor":1},{"not_picked":["Blade Dance","Expertise"],"picked":"Dagger Spray","floor":3},{"not_picked":["Blade Dance","Catalyst"],"picked":"Bouncing Flask","floor":5},{"not_picked":["Bane","Deflect"],"picked":"Backflip","floor":11},{"not_picked":["Prepared","Masterful Stab"],"picked":"Deflect","floor":12},{"not_picked":["Reflex","Dagger Throw"],"picked":"Setup","floor":13}],"player_experience":1032829,"relics_obtained":[{"floor":9,"key":"Ancient Tea Set"},{"floor":12,"key":"The Courier"}],"event_choices":[{"cards_removed":["Strike_G"],"damage_healed":0,"gold_gain":0,"player_choice":"Purged","damage_taken":0,"max_hp_gain":0,"max_hp_loss":0,"event_name":"Purifier","floor":2,"gold_loss":0},{"damage_healed":0,"gold_gain":0,"player_choice":"Trade","damage_taken":0,"relics_obtained":["NlothsMask"],"max_hp_gain":0,"max_hp_loss":0,"event_name":"FaceTrader","floor":10,"gold_loss":0}],"is_beta":false,"boss_relics":[],"items_purged_floors":[],"is_endless":false,"potions_floor_spawned":[3],"killed_by":"3 Louse","ascension_level":14}