{"gold_per_floor":[112,20,36,47,67,67,92,92,141,157,174,194,115,133,133,211,211,229,229,229,229,242,242,257,257,312,312,324,122,133,143,143,218,218,233,233,0,0,17,17,17,17,41,69,69,83,109,121,121,121],"floor_reached":51,"playtime":3768,"items_purged":[],"score":1239,"play_id":"763e5408-6f1d-4c21-a521-a57fa8b54dbc","local_time":"20190109222553","is_ascension_mode":true,"campfire_choices":[{"data":"Defragment","floor":6,"key":"SMITH"},{"data":"Consume","floor":8,"key":"SMITH"},{"data":"Zap","floor":15,"key":"SMITH"},{"data":"Defragment","floor":23,"key":"SMITH"},{"data":"Seek","floor":25,"key":"SMITH"},{"data":"Go for the Eyes","floor":27,"key":"SMITH"},{"data":"Apotheosis","floor":32,"key":"SMITH"},{"data":"Creative AI","floor":40,"key":"SMITH"},{"data":"Madness","floor":42,"key":"SMITH"},{"data":"Madness","floor":49,"key":"SMITH"}],"neow_cost":"NONE","seed_source_timestamp":2003348994211046,"circlet_count":0,"master_deck":["AscendersBane","Strike_B+1","Strike_B+1","Strike_B+1","Strike_B+1","Defend_B+1","Defend_B+1","Defend_B+1","Defend_B+1","Zap+1","Dualcast","Biased Cognition","Hologram","Defragment+1","Coolheaded","Coolheaded","Consume+1","White Noise","Conserve Battery+1","Cold Snap","Go for the Eyes","Self Repair","Seek+1","Defragment+1","Cold Snap","Apotheosis+1","Conserve Battery+1","Creative AI+1","Madness+1","Madness+1","Cold Snap","Ball Lightning+1","Cold Snap"],"relics":["Cracked Core","Bottled Lightning","DataDisk","Inserter","Smiling Mask","Eternal Feather","Red Mask","War Paint","Pen Nib","Bag of Preparation"],"potions_floor_usage":[24,48,50,50],"damage_taken":[{"damage":1,"enemies":"Cultist","floor":1,"turns":3},{"damage":0,"enemies":"Jaw Worm","floor":3,"turns":3},{"damage":4,"enemies":"Small Slimes","floor":4,"turns":3},{"damage":7,"enemies":"Exordium Wildlife","floor":5,"turns":5},{"damage":0,"enemies":"Lagavulin","floor":7,"turns":10},{"damage":5,"enemies":"Large Slime","floor":10,"turns":5},{"damage":0,"enemies":"Blue Slaver","floor":11,"turns":4},{"damage":5,"enemies":"Looter","floor":12,"turns":4},{"damage":1,"enemies":"2 Fungi Beasts","floor":14,"turns":3},{"damage":10,"enemies":"The Guardian","floor":16,"turns":12},{"damage":0,"enemies":"Chosen","floor":18,"turns":8},{"damage":21,"enemies":"Shell Parasite","floor":22,"turns":5},{"damage":16,"enemies":"3 Cultists","floor":24,"turns":9},{"damage":0,"enemies":"Sentry and Sphere","floor":28,"turns":8},{"damage":0,"enemies":"Snecko","floor":30,"turns":7},{"damage":21,"enemies":"Centurion and Healer","floor":31,"turns":8},{"damage":28,"enemies":"Champ","floor":33,"turns":16},{"damage":19,"enemies":"Orb Walker","floor":35,"turns":5},{"damage":0,"enemies":"3 Shapes","floor":39,"turns":8},{"damage":13,"enemies":"Nemesis","floor":44,"turns":12},{"damage":9,"enemies":"Maw","floor":46,"turns":11},{"damage":31,"enemies":"Sphere and 2 Shapes","floor":48,"turns":6},{"damage":15,"enemies":"Awakened One","floor":50,"turns":38}],"seed_played":"4779404248514182597","potions_obtained":[{"floor":1,"key":"Swift Potion"},{"floor":11,"key":"FearPotion"},{"floor":22,"key":"Regen Potion"},{"floor":24,"key":"AttackPotion"},{"floor":48,"key":"Dexterity Potion"}],"is_trial":false,"path_per_floor":["M","$","M","M","M","R","E","R","T","M","M","M","$","M","R","B",null,"M","?","?","$","M","R","M","R","T","R","M","$","M","M","R","B",null,"M","?","?","?","M","R","$","R","T","E","?","M","T","M","R","B",null],"character_chosen":"DEFECT","items_purchased":["Defragment","Coolheaded","Self Repair","Apotheosis"],"campfire_rested":0,"item_purchase_floors":[2,2,13,29],"current_hp_per_floor":[63,63,63,59,52,52,52,52,52,47,47,42,42,41,41,38,63,70,70,70,70,56,56,69,69,69,69,71,71,71,60,60,42,64,45,45,45,32,42,60,60,71,71,68,68,66,66,42,60,45],"gold":121,"neow_bonus":"ONE_RANDOM_RARE_CARD","is_prod":false,"is_daily":false,"chose_seed":false,"campfire_upgraded":10,"win_rate":0,"timestamp":1547040353,"path_taken":["M","$","M","M","?","R","E","R","T","M","M","M","$","?","R","BOSS","M","?","?","?","M","R","?","R","T","R","M","$","M","M","R","BOSS","M","?","?","?","M","R","?","R","T","E","?","?","?","M","R","BOSS"],"build_version":"2019-01-03v4","purchased_purges":0,"victory":true,"max_hp_per_floor":[71,71,71,71,71,71,71,71,71,71,71,71,71,71,71,71,71,71,71,71,71,71,71,71,71,71,71,71,71,71,71,71,71,71,71,71,71,71,71,71,71,71,71,71,71,71,71,71,71,71],"card_choices":[{"not_picked":["Darkness","Hello World"],"picked":"Hologram","floor":1},{"not_picked":["Undo","Sweeping Beam"],"picked":"Go for the Eyes","floor":3},{"not_picked":["Genetic Algorithm","Skim"],"picked":"Coolheaded","floor":4},{"not_picked":["Cold Snap","White Noise"],"picked":"Consume","floor":5},{"not_picked":["Doom and Gloom","Consume"],"picked":"White Noise","floor":7},{"not_picked":["Redo","Turbo"],"picked":"Conserve Battery","floor":10},{"not_picked":["Barrage","Leap"],"picked":"Cold Snap","floor":11},{"not_picked":["Reprogram","All For One"],"picked":"Go for the Eyes","floor":12},{"not_picked":["Double Energy","Streamline","Melter"],"picked":"SKIP","floor":14},{"not_picked":["Fission","Hyperbeam"],"picked":"Seek","floor":16},{"not_picked":["Turbo","Go for the Eyes"],"picked":"Defragment","floor":18},{"not_picked":["Turbo+1","Barrage+1"],"picked":"Cold Snap","floor":22},{"not_picked":["Lockon","Double Energy","Storm"],"picked":"SKIP","floor":24},{"not_picked":["Leap","Barrage","Static Discharge"],"picked":"SKIP","floor":28},{"not_picked":["Streamline","Sweeping Beam","Hello World"],"picked":"SKIP","floor":30},{"not_picked":["Steam","Rebound"],"picked":"Conserve Battery","floor":31},{"not_picked":["Meteor Strike","Reboot"],"picked":"Creative AI","floor":33},{"not_picked":["Beam Cell","Gash","Leap"],"picked":"SKIP","floor":35},{"not_picked":["Turbo","Gash","Steam+1"],"picked":"SKIP","floor":39},{"not_picked":["Darkness","Machine Learning"],"picked":"Cold Snap","floor":44},{"not_picked":["Static Discharge","Leap+1"],"picked":"Ball Lightning+1","floor":46},{"not_picked":["Stack","Ball Lightning"],"picked":"Cold Snap","floor":48}],"player_experience":802730,"relics_obtained":[{"floor":7,"key":"Bottled Lightning"},{"floor":9,"key":"DataDisk"},{"floor":26,"key":"Smiling Mask"},{"floor":43,"key":"War Paint"},{"floor":44,"key":"Pen Nib"},{"floor":47,"key":"Bag of Preparation"}],"event_choices":[{"damage_healed":0,"gold_gain":0,"player_choice":"Simplicity","damage_taken":0,"max_hp_gain":0,"max_hp_loss":0,"event_name":"Back to Basics","floor":19,"gold_loss":0,"cards_upgraded":["Strike_B","Strike_B","Strike_B","Strike_B","Defend_B","Defend_B","Defend_B","Defend_B"]},{"damage_healed":0,"gold_gain":0,"player_choice":"Ignored","damage_taken":0,"max_hp_gain":0,"max_hp_loss":0,"event_name":"Cursed Tome","floor":20,"gold_loss":0},{"cards_removed":["Go for the Eyes"],"damage_healed":0,"gold_gain":0,"player_choice":"Removed Attack","damage_taken":0,"max_hp_gain":0,"max_hp_loss":0,"event_name":"Falling","floor":36,"gold_loss":0},{"damage_healed":0,"gold_gain":0,"player_choice":"Paid","damage_taken":0,"relics_obtained":["Red Mask"],"max_hp_gain":0,"max_hp_loss":0,"event_name":"Tomb of Lord Red Mask","floor":37,"gold_loss":233},{"damage_healed":0,"gold_gain":0,"player_choice":"Embrace Madness","damage_taken":13,"max_hp_gain":0,"max_hp_loss":0,"event_name":"Winding Halls","floor":38,"gold_loss":0,"cards_obtained":["Madness","Madness"]},{"damage_healed":0,"gold_gain":0,"player_choice":"Ignored","damage_taken":0,"max_hp_gain":0,"max_hp_loss":0,"event_name":"Mysterious Sphere","floor":45,"gold_loss":0}],"is_beta":false,"boss_relics":[{"not_picked":["Velvet Choker","Busted Crown"],"picked":"Inserter"},{"not_picked":["Black Star","Tiny House"],"picked":"Eternal Feather"}],"items_purged_floors":[],"is_endless":false,"potions_floor_spawned":[1,11,12,14,22,24,28,30,39,48],"ascension_level":17}