{"gold_per_floor":[118,118,133,147,422,422,11,11,66,66,88,88,121,136,136,235,235,252,152,67,67,33,33,58,58,58,92,367,367,384,399,399,503,503,519,519,530,530,530,530,225,225,295,295,43,0,13,36,36,36],"floor_reached":50,"playtime":1455,"items_purged":["Regret","Defend_B"],"score":520,"play_id":"11320046-54f2-4407-ae19-92a708cbc752","local_time":"20190609024437","is_ascension_mode":false,"campfire_choices":[{"data":"Zap","floor":6,"key":"SMITH"},{"data":"Dualcast","floor":8,"key":"SMITH"},{"data":"Biased Cognition","floor":10,"key":"SMITH"},{"data":"Loop","floor":15,"key":"SMITH"},{"data":"Loop","floor":23,"key":"SMITH"},{"data":"Tempest","floor":25,"key":"SMITH"},{"data":"Capacitor","floor":29,"key":"SMITH"},{"data":"Defragment","floor":32,"key":"SMITH"},{"data":"Secret Technique","floor":40,"key":"SMITH"},{"data":"Multi-Cast","floor":42,"key":"SMITH"},{"data":"Storm","floor":44,"key":"SMITH"},{"data":"Electrodynamics","floor":49,"key":"SMITH"}],"neow_cost":"NONE","seed_source_timestamp":762087333940264,"circlet_count":0,"master_deck":["Defend_B","Zap+1","Dualcast+1","Biased Cognition+1","Conserve Battery","Loop+1","Ball Lightning","Storm+1","Storm","Electrodynamics","Sunder+1","Reinforced Body+1","Coolheaded+1","Cold Snap+1","Rainbow","Turbo","Loop+1","Tempest+1","Capacitor+1","Conserve Battery","Defragment+1","Electrodynamics+1","Cold Snap+1","FTL+1","Multi-Cast+1","Self Repair+1","Self Repair+1","Secret Technique+1","Storm+1"],"relics":["Cracked Core","Turnip","PreservedInsect","Odd Mushroom","Bag of Marbles","Astrolabe","Happy Flower","Omamori","Ornamental Fan","Bottled Flame","Orrery","Ginger","Molten Egg 2","Bottled Tornado","Red Mask","Whetstone"],"potions_floor_usage":[50,50,50,50,50,50],"damage_taken":[{"damage":13,"enemies":"Jaw Worm","floor":1,"turns":3},{"damage":1,"enemies":"Cultist","floor":3,"turns":3},{"damage":5,"enemies":"Small Slimes","floor":4,"turns":4},{"damage":11,"enemies":"The Mushroom Lair","floor":11,"turns":4},{"damage":1,"enemies":"Gremlin Nob","floor":13,"turns":3},{"damage":1,"enemies":"2 Fungi Beasts","floor":14,"turns":3},{"damage":26,"enemies":"Hexaghost","floor":16,"turns":6},{"damage":1,"enemies":"3 Byrds","floor":18,"turns":2},{"damage":1,"enemies":"Gremlin Leader","floor":24,"turns":2},{"damage":7,"enemies":"Slavers","floor":27,"turns":2},{"damage":5,"enemies":"Spheric Guardian","floor":30,"turns":3},{"damage":14,"enemies":"Snake Plant","floor":31,"turns":2},{"damage":19,"enemies":"Champ","floor":33,"turns":5},{"damage":0,"enemies":"3 Shapes","floor":35,"turns":4},{"damage":15,"enemies":"Orb Walker","floor":37,"turns":3},{"damage":32,"enemies":"Spire Growth","floor":47,"turns":3},{"damage":61,"enemies":"Awakened One","floor":50,"turns":6}],"seed_played":"6364740650966138548","potions_obtained":[{"floor":11,"key":"EssenceOfSteel"},{"floor":14,"key":"Dexterity Potion"},{"floor":30,"key":"Dexterity Potion"},{"floor":35,"key":"EntropicBrew"}],"is_trial":false,"path_per_floor":["M","?","M","M","?","R","$","R","T","R","?","?","E","M","R","B",null,"M","$","?","?","$","R","E","R","T","E","?","R","M","M","R","B",null,"M","?","M","?","?","R","$","R","T","R","$","?","M","T","R","B"],"character_chosen":"DEFECT","items_purchased":["Loop","Turnip","Loop","Ginger","Bottled Tornado"],"campfire_rested":0,"item_purchase_floors":[7,7,22,41,45],"current_hp_per_floor":[62,62,61,56,56,56,56,56,56,56,45,38,37,36,36,10,75,74,74,74,74,74,74,73,73,73,66,66,66,61,47,47,28,75,75,75,70,70,70,70,70,70,70,70,70,70,58,58,58,0],"gold":36,"neow_bonus":"ONE_RANDOM_RARE_CARD","is_prod":false,"is_daily":false,"chose_seed":false,"campfire_upgraded":12,"win_rate":0,"timestamp":1560015877,"path_taken":["M","?","M","?","?","R","?","R","T","R","?","?","E","M","R","BOSS","M","$","?","?","$","R","E","R","T","E","?","R","M","?","R","BOSS","M","?","?","?","?","R","?","R","T","R","$","?","M","?","R","BOSS"],"build_version":"2019-01-23","purchased_purges":2,"victory":false,"max_hp_per_floor":[75,75,75,75,75,75,75,75,75,75,75,75,75,75,75,75,75,75,75,75,75,75,75,75,75,75,75,75,75,75,75,75,75,75,75,75,75,75,75,75,75,75,75,75,75,75,75,75,75,75],"card_choices":[{"not_picked":["Sweeping Beam","Stack","Steam Power"],"picked":"SKIP","floor":1},{"not_picked":["Compile Driver","Streamline"],"picked":"Conserve Battery","floor":3},{"not_picked":["Hello World","Double Energy"],"picked":"Melter","floor":4},{"not_picked":["Conserve Battery","Reinforced Body"],"picked":"Ball Lightning","floor":11},{"not_picked":["Beam Cell","Force Field"],"picked":"Storm","floor":13},{"not_picked":["Sunder","Leap"],"picked":"Storm","floor":14},{"not_picked":["Seek","Core Surge"],"picked":"Electrodynamics","floor":16},{"not_picked":["Hologram","Gash"],"picked":"Cold Snap","floor":18},{"not_picked":["Steam+1","Biased Cognition"],"picked":"Tempest","floor":24},{"not_picked":["Ball Lightning+1","Compile Driver+1"],"picked":"Capacitor","floor":27},{"not_picked":["Steam","Undo"],"picked":"Conserve Battery","floor":30},{"not_picked":["Barrage+1","Go for the Eyes"],"picked":"Defragment","floor":31},{"not_picked":["Meteor Strike","Hyperbeam"],"picked":"Electrodynamics","floor":33},{"not_picked":["Doom and Gloom","Barrage+1"],"picked":"Cold Snap","floor":34},{"not_picked":["Go for the Eyes+1","Hello World"],"picked":"Ball Lightning","floor":34},{"not_picked":["Self Repair","Hologram"],"picked":"FTL+1","floor":34},{"not_picked":["Streamline+1","Stack+1"],"picked":"Multi-Cast","floor":34},{"not_picked":["Gash+1","Coolheaded+1"],"picked":"Self Repair+1","floor":35},{"not_picked":["Chaos+1","Blizzard"],"picked":"Self Repair+1","floor":37},{"not_picked":["Transmutation","Good Instincts"],"picked":"Secret Technique","floor":39},{"not_picked":["Genetic Algorithm+1","Redo+1"],"picked":"Storm+1","floor":47}],"player_experience":993460,"relics_obtained":[{"floor":9,"key":"PreservedInsect"},{"floor":11,"key":"Odd Mushroom"},{"floor":13,"key":"Bag of Marbles"},{"floor":24,"key":"Omamori"},{"floor":26,"key":"Ornamental Fan"},{"floor":27,"key":"Bottled Flame"},{"floor":43,"key":"Molten Egg 2"},{"floor":48,"key":"Whetstone"}],"event_choices":[{"cards_removed":["Strike_B"],"damage_healed":0,"gold_gain":0,"player_choice":"Offered Basic","damage_taken":0,"max_hp_gain":0,"max_hp_loss":0,"event_name":"Bonfire Elementals","floor":2,"gold_loss":0},{"damage_healed":0,"gold_gain":275,"player_choice":"Desecrate","damage_taken":0,"max_hp_gain":0,"max_hp_loss":0,"event_name":"Golden Shrine","floor":5,"gold_loss":0,"cards_obtained":["Regret"]},{"damage_healed":0,"gold_gain":0,"player_choice":"Fought Mushrooms","damage_taken":0,"max_hp_gain":0,"max_hp_loss":0,"event_name":"Mushrooms","floor":11,"gold_loss":0},{"cards_removed":["Strike_B"],"damage_healed":0,"gold_gain":0,"player_choice":"Card Removal","damage_taken":7,"max_hp_gain":0,"max_hp_loss":0,"event_name":"Golden Wing","floor":12,"gold_loss":0},{"damage_healed":0,"gold_gain":0,"player_choice":"Obtained Relic","damage_taken":0,"relics_obtained":["Happy Flower"],"max_hp_gain":0,"max_hp_loss":0,"event_name":"Addict","floor":20,"gold_loss":85},{"damage_healed":0,"gold_gain":0,"cards_transformed":["Defend_B","Melter"],"player_choice":"Became Test Subject","damage_taken":0,"max_hp_gain":0,"max_hp_loss":0,"event_name":"Drug Dealer","floor":21,"gold_loss":0,"cards_obtained":["Rainbow","Turbo"]},{"damage_healed":0,"gold_gain":275,"player_choice":"Desecrate","damage_taken":0,"max_hp_gain":0,"max_hp_loss":0,"event_name":"Golden Shrine","floor":28,"gold_loss":0,"cards_obtained":["Regret"]},{"damage_healed":0,"gold_gain":0,"player_choice":"Ignored","damage_taken":0,"max_hp_gain":0,"max_hp_loss":0,"event_name":"NoteForYourself","floor":36,"gold_loss":0},{"cards_removed":["Ball Lightning"],"damage_healed":0,"gold_gain":0,"player_choice":"Removed Attack","damage_taken":0,"max_hp_gain":0,"max_hp_loss":0,"event_name":"Falling","floor":38,"gold_loss":0},{"damage_healed":0,"gold_gain":0,"player_choice":"Memory 1","damage_taken":0,"max_hp_gain":0,"max_hp_loss":0,"event_name":"SensoryStone","floor":39,"gold_loss":0},{"damage_healed":0,"gold_gain":0,"player_choice":"Paid","damage_taken":0,"relics_obtained":["Red Mask"],"max_hp_gain":0,"max_hp_loss":0,"event_name":"Tomb of Lord Red Mask","floor":46,"gold_loss":43}],"is_beta":false,"boss_relics":[{"not_picked":["Empty Cage","Velvet Choker"],"picked":"Astrolabe"},{"not_picked":["Runic Dome","Tiny House"],"picked":"Orrery"}],"items_purged_floors":[7,19],"is_endless":false,"potions_floor_spawned":[11,14,30,31,35,47],"killed_by":"Awakened One","ascension_level":0}