{"gold_per_floor":[117,133,45,63,18,18,38,38,38,38,3,16,16,33,33,107,107,127,127,46,63,74,74],"floor_reached":23,"playtime":914,"items_purged":[],"score":311,"play_id":"73b78644-985f-439e-818c-06aab72e6e1a","local_time":"20190612042606","is_ascension_mode":true,"campfire_choices":[{"data":"Footwork","floor":6,"key":"SMITH"},{"data":"Neutralize","floor":8,"key":"SMITH"},{"data":"Setup","floor":10,"key":"SMITH"},{"data":"Blur","floor":15,"key":"SMITH"}],"neow_cost":"NONE","seed_source_timestamp":1027889269658580,"circlet_count":0,"master_deck":["AscendersBane","Survivor","Neutralize+1","Prepared","Cloak And Dagger","Setup+1","Footwork+1","Calculated Gamble","Dagger Spray+1","Blur+1","Adrenaline","Doppelganger","Flechettes","Malaise","Dash","Predator","Distraction","Flechettes","Concentrate","Flying Knee","Flechettes","Noxious Fumes","Footwork","Well Laid Plans"],"special_seed":0,"relics":["Ring of the Snake","NeowsBlessing","Sundial","Mercury Hourglass","Nloth\u0027s Gift"],"potions_floor_usage":[23,23],"damage_taken":[{"damage":0.0,"enemies":"Small Slimes","floor":1.0,"turns":1.0},{"damage":0.0,"enemies":"Cultist","floor":2.0,"turns":1.0},{"damage":0.0,"enemies":"2 Louse","floor":4.0,"turns":1.0},{"damage":1.0,"enemies":"Looter","floor":5.0,"turns":5.0},{"damage":0,"enemies":"Exordium Wildlife","floor":7,"turns":5},{"damage":0,"enemies":"Blue Slaver","floor":12,"turns":5},{"damage":0,"enemies":"Lots of Slimes","floor":14,"turns":1},{"damage":52,"enemies":"Hexaghost","floor":16,"turns":19},{"damage":12,"enemies":"2 Thieves","floor":18,"turns":4},{"damage":2,"enemies":"Chosen","floor":21,"turns":3},{"damage":27,"enemies":"Snake Plant","floor":22,"turns":7},{"damage":10,"enemies":"Book of Stabbing","floor":23,"turns":1}],"seed_played":"8691247530763512148","potions_obtained":[{"floor":4.0,"key":"Ancient Potion"},{"floor":7,"key":"Dexterity Potion"},{"floor":14,"key":"Weak Potion"}],"is_trial":false,"path_per_floor":["M","M","?","M","M","R","M","R","T","R","?","M","?","M","R","B",null,"M","?","$","M","M","E"],"character_chosen":"THE_SILENT","items_purchased":["Footwork"],"campfire_rested":0,"item_purchase_floors":[20],"current_hp_per_floor":[59,59,59,59,58,58,58,58,58,58,66,66,53,53,53,1,50,38,38,38,36,9,0],"gold":74,"neow_bonus":"THREE_ENEMY_KILL","is_prod":false,"is_daily":false,"chose_seed":false,"campfire_upgraded":4,"win_rate":0,"timestamp":1560281166,"path_taken":["M","M","?","?","M","R","M","R","T","R","?","M","?","M","R","BOSS","M","?","$","?","M","E"],"build_version":"2019-01-23","purchased_purges":0,"victory":false,"max_hp_per_floor":[66,66,66,66,66,66,66,66,66,66,66,66,66,66,66,66,66,66,66,66,66,66,66],"card_choices":[{"not_picked":["Underhanded Strike","Quick Slash"],"picked":"Prepared","floor":1.0},{"not_picked":["Slice","Reflex"],"picked":"Cloak And Dagger","floor":2.0},{"not_picked":["Sucker Punch","Concentrate"],"picked":"Setup","floor":4.0},{"not_picked":["Accuracy","Bane"],"picked":"Footwork","floor":5},{"not_picked":["Skewer","Bane"],"picked":"Calculated Gamble","floor":7},{"not_picked":["Blade Dance","Acrobatics"],"picked":"Dagger Spray","floor":12},{"not_picked":["Storm of Steel","Dagger Spray"],"picked":"Blur","floor":14},{"not_picked":["Grand Finale","Unload"],"picked":"Adrenaline","floor":16},{"not_picked":["Sucker Punch","Acrobatics"],"picked":"Noxious Fumes","floor":18},{"not_picked":["Eviscerate","Prepared"],"picked":"Well Laid Plans","floor":21},{"not_picked":["Deadly Poison","Flying Knee","Endless Agony"],"picked":"SKIP","floor":22}],"player_experience":1031915,"relics_obtained":[{"floor":9,"key":"Mercury Hourglass"}],"event_choices":[{"damage_healed":0.0,"max_hp_gain":0.0,"max_hp_loss":0.0,"gold_gain":0.0,"event_name":"WeMeetAgain","player_choice":"Paid Gold","floor":3.0,"gold_loss":88.0,"damage_taken":0.0,"relics_obtained":["Sundial"]},{"damage_healed":16,"gold_gain":0,"player_choice":"Healed","damage_taken":0,"max_hp_gain":0,"max_hp_loss":0,"event_name":"The Cleric","floor":11,"gold_loss":35},{"damage_healed":0,"gold_gain":0,"player_choice":"Entered Light","damage_taken":13,"max_hp_gain":0,"max_hp_loss":0,"event_name":"Shining Light","floor":13,"gold_loss":0,"cards_upgraded":["Strike_G","Dagger Spray"]},{"damage_healed":0,"gold_gain":0,"player_choice":"Traded Relic","damage_taken":0,"relics_obtained":["Nloth\u0027s Gift"],"max_hp_gain":0,"max_hp_loss":0,"event_name":"N\u0027loth","floor":19,"relics_lost":["Pandora\u0027s Box"],"gold_loss":0}],"is_beta":false,"boss_relics":[{"not_picked":["Snecko Eye","Runic Dome"],"picked":"Pandora\u0027s Box"}],"items_purged_floors":[],"is_endless":false,"potions_floor_spawned":[4,7,14,16,18,22],"killed_by":"Book of Stabbing","ascension_level":14}