{"gold_per_floor":[218,232,232,16,28,28,56,56,130,130],"floor_reached":10,"playtime":432,"items_purged":["Strike_G"],"score":132,"play_id":"69e3abab-face-4c60-b043-20477414ce9f","local_time":"20190611101602","is_ascension_mode":true,"campfire_choices":[{"floor":6,"key":"REST"}],"neow_cost":"NONE","seed_source_timestamp":332764566164600,"circlet_count":0,"master_deck":["AscendersBane","Defend_G","Defend_G","Defend_G","Defend_G","Defend_G","Strike_G","Strike_G","Strike_G+1","Strike_G","Survivor","Neutralize","Dagger Spray+1","Dagger Throw","Well Laid Plans","Dodge and Roll","Poisoned Stab"],"relics":["Ring of the Snake","Bronze Scales","Question Card"],"potions_floor_usage":[10],"damage_taken":[{"damage":9,"enemies":"2 Louse","floor":1,"turns":5},{"damage":3,"enemies":"Small Slimes","floor":2,"turns":4},{"damage":1,"enemies":"Jaw Worm","floor":5,"turns":4},{"damage":38,"enemies":"Lagavulin","floor":7,"turns":9},{"damage":26,"enemies":"Gremlin Nob","floor":10,"turns":4}],"seed_played":"1739806421080492892","potions_obtained":[],"is_trial":false,"path_per_floor":["M","M","?","$","M","R","E","?","T","E"],"character_chosen":"THE_SILENT","items_purchased":["Well Laid Plans","Block Potion"],"campfire_rested":1,"item_purchase_floors":[4,4],"current_hp_per_floor":[50,47,27,27,26,45,7,7,7,0],"gold":130,"neow_bonus":"HUNDRED_GOLD","is_prod":false,"is_daily":false,"chose_seed":false,"campfire_upgraded":0,"win_rate":0,"timestamp":1560237362,"path_taken":["M","M","?","$","M","R","E","?","T","E"],"build_version":"2019-01-23","purchased_purges":1,"victory":false,"max_hp_per_floor":[66,66,66,66,66,66,66,66,66,66],"card_choices":[{"not_picked":["Acrobatics","PiercingWail"],"picked":"Dagger Spray","floor":1},{"not_picked":["Underhanded Strike","PiercingWail"],"picked":"Dagger Throw","floor":2},{"not_picked":["Tactician","Deflect"],"picked":"Dodge and Roll","floor":5},{"not_picked":["Choke","Night Terror"],"picked":"Poisoned Stab","floor":7}],"player_experience":1081062,"relics_obtained":[{"floor":7,"key":"Bronze Scales"},{"floor":9,"key":"Question Card"}],"event_choices":[{"damage_healed":0,"gold_gain":0,"player_choice":"Entered Light","damage_taken":20,"max_hp_gain":0,"max_hp_loss":0,"event_name":"Shining Light","floor":3,"gold_loss":0,"cards_upgraded":["Dagger Spray","Strike_G"]},{"damage_healed":0,"gold_gain":0,"player_choice":"Searched \u00270\u0027 times","damage_taken":0,"max_hp_gain":0,"max_hp_loss":0,"event_name":"Dead Adventurer","floor":8,"gold_loss":0}],"is_beta":false,"boss_relics":[],"items_purged_floors":[4],"is_endless":false,"potions_floor_spawned":[],"killed_by":"Gremlin Nob","ascension_level":20}