{"gold_per_floor":[113,113,27,43,118,118,150,150,203,218,236,269,269,269,269,346,346,363,363,45,64,64,99,99,99,122,157,207,207,207,219,219,296,296,313,313,328,62,162,162,162,193,228,240,0,12,43,55,67,99,111],"floor_reached":51,"playtime":2542,"items_purged":["Strike_R"],"score":1405,"play_id":"21f479d8-eb57-402a-adca-31f8a85f1171","local_time":"20190324010529","is_ascension_mode":true,"campfire_choices":[{"data":"Uppercut","floor":6,"key":"SMITH"},{"floor":8,"key":"REST"},{"data":"Heavy Blade","floor":13,"key":"SMITH"},{"data":"Shrug It Off","floor":15,"key":"SMITH"},{"floor":24,"key":"REST"},{"floor":30,"key":"REST"},{"floor":32,"key":"REST"},{"data":"Demon Form","floor":40,"key":"SMITH"},{"floor":44,"key":"REST"},{"floor":46,"key":"REST"},{"floor":49,"key":"REST"}],"neow_cost":"NONE","seed_source_timestamp":749859307603000,"circlet_count":0,"master_deck":["AscendersBane","Strike_R","Strike_R","Strike_R","Strike_R","Defend_R","Defend_R","Defend_R","Defend_R","Bash+1","Shrug It Off+1","Uppercut+1","Spot Weakness","Heavy Blade+1","True Grit+1","Limit Break+1","Flame Barrier+1","Metallicize","Metallicize","Battle Trance+1","Anger","Demon Form+1","Headbutt","Headbutt","Inflame","Shrug It Off+1","Cleave+1","Offering+1","Feel No Pain","Limit Break+1","Flame Barrier+1","Flame Barrier+1","Magnetism"],"relics":["Burning Blood","Toxic Egg 2","Juzu Bracelet","Happy Flower","Orichalcum","Velvet Choker","Ice Cream","Boot","Centennial Puzzle","Shuriken","Orrery","Mango","MawBank","Dream Catcher","Red Mask"],"potions_floor_usage":[12,21,21,27],"damage_taken":[{"damage":10,"enemies":"2 Louse","floor":1,"turns":4},{"damage":6,"enemies":"Jaw Worm","floor":4,"turns":4},{"damage":30,"enemies":"Lagavulin","floor":7,"turns":6},{"damage":0,"enemies":"Small Slimes","floor":10,"turns":3},{"damage":12,"enemies":"3 Louse","floor":11,"turns":4},{"damage":32,"enemies":"3 Sentries","floor":12,"turns":10},{"damage":26,"enemies":"The Guardian","floor":16,"turns":11},{"damage":10,"enemies":"Shell Parasite","floor":18,"turns":4},{"damage":5,"enemies":"Spheric Guardian","floor":21,"turns":4},{"damage":28,"enemies":"Book of Stabbing","floor":23,"turns":5},{"damage":52,"enemies":"Gremlin Leader","floor":27,"turns":5},{"damage":19,"enemies":"Cultist and Chosen","floor":31,"turns":5},{"damage":27,"enemies":"Champ","floor":33,"turns":11},{"damage":2,"enemies":"3 Shapes","floor":35,"turns":6},{"damage":24,"enemies":"3 Darklings","floor":37,"turns":6},{"damage":6,"enemies":"Mind Bloom Boss Battle","floor":39,"turns":5},{"damage":46,"enemies":"Reptomancer","floor":42,"turns":3},{"damage":23,"enemies":"4 Shapes","floor":47,"turns":4},{"damage":47,"enemies":"Time Eater","floor":50,"turns":7},{"damage":63,"enemies":"Donu and Deca","floor":51,"turns":5}],"seed_played":"-1627818619214848669","potions_obtained":[{"floor":7,"key":"Energy Potion"},{"floor":10,"key":"Block Potion"},{"floor":16,"key":"SpeedPotion"},{"floor":21,"key":"SteroidPotion"},{"floor":47,"key":"SpeedPotion"}],"is_trial":false,"path_per_floor":["M","?","$","M","?","R","E","R","T","M","M","E","R","T","R","B",null,"M","?","$","M","?","E","R","?","T","E","?","?","R","M","R","B",null,"M","?","M","$","?","R","?","E","T","R","?","R","M","?","R","B","B"],"character_chosen":"IRONCLAD","items_purchased":["Uppercut","Ice Cream","Offering+1","Feel No Pain"],"campfire_rested":7,"item_purchase_floors":[3,20,38,38],"current_hp_per_floor":[71,71,71,71,60,60,36,60,60,66,60,34,34,34,34,14,65,61,37,37,38,38,16,42,59,59,13,13,13,39,26,52,31,73,77,77,59,59,73,73,73,33,33,62,62,91,74,74,97,56,0],"gold":111,"neow_bonus":"TEN_PERCENT_HP_BONUS","is_prod":false,"is_daily":false,"chose_seed":false,"campfire_upgraded":4,"win_rate":0,"timestamp":1553382329,"path_taken":["M","?","$","M","?","R","E","R","T","M","M","E","R","?","R","BOSS","M","?","$","M","?","E","R","?","T","E","?","?","R","M","R","BOSS","M","?","M","$","?","R","?","E","T","R","?","R","M","?","R","BOSS","BOSS"],"build_version":"2019-01-23","purchased_purges":1,"victory":false,"max_hp_per_floor":[82,82,82,82,82,82,82,82,82,82,82,82,82,82,82,82,82,82,87,87,87,87,87,87,87,87,87,87,87,87,87,87,87,87,87,83,83,83,97,97,97,97,97,97,97,97,97,97,97,97,97],"card_choices":[{"not_picked":["Clash","Sever Soul"],"picked":"Shrug It Off","floor":1},{"not_picked":["Armaments","Warcry"],"picked":"Spot Weakness","floor":4},{"not_picked":["Pommel Strike","Dark Embrace","Rupture"],"picked":"SKIP","floor":7},{"not_picked":["Sword Boomerang","Clash"],"picked":"Heavy Blade","floor":10},{"not_picked":["Perfected Strike","Wild Strike","Hemokinesis"],"picked":"SKIP","floor":11},{"not_picked":["Combust","Carnage"],"picked":"True Grit+1","floor":12},{"not_picked":["Offering+1","Impervious+1"],"picked":"Limit Break+1","floor":16},{"not_picked":["Body Slam","Armaments+1"],"picked":"Flame Barrier+1","floor":18},{"not_picked":["Flex+1","Iron Wave"],"picked":"Seeing Red+1","floor":21},{"not_picked":["Rupture","Combust"],"picked":"Metallicize","floor":23},{"not_picked":["Intimidate+1","Heavy Blade"],"picked":"Metallicize","floor":27},{"not_picked":["Pommel Strike","Perfected Strike"],"picked":"Anger","floor":31},{"not_picked":["Fiend Fire","Dark Embrace"],"picked":"Demon Form","floor":33},{"not_picked":["Wild Strike","Pommel Strike"],"picked":"Headbutt","floor":34},{"not_picked":["Armaments+1","Combust"],"picked":"Headbutt","floor":34},{"not_picked":["Anger","Headbutt"],"picked":"Inflame","floor":34},{"not_picked":["Combust","Wild Strike"],"picked":"Shrug It Off+1","floor":34},{"not_picked":["Rampage","Reckless Charge+1","Clothesline"],"picked":"SKIP","floor":35},{"not_picked":["Headbutt","Flex+1"],"picked":"Cleave+1","floor":37},{"not_picked":["Iron Wave","Anger"],"picked":"Limit Break+1","floor":39},{"not_picked":["Sentinel+1","Flex+1","Thunderclap"],"picked":"SKIP","floor":42},{"not_picked":["Ghostly Armor+1","Armaments+1"],"picked":"Flame Barrier+1","floor":44},{"not_picked":["Body Slam","Evolve"],"picked":"Flame Barrier+1","floor":47},{"not_picked":["Good Instincts+1","Finesse+1"],"picked":"Magnetism","floor":48}],"player_experience":939864,"relics_obtained":[{"floor":7,"key":"Toxic Egg 2"},{"floor":9,"key":"Juzu Bracelet"},{"floor":12,"key":"Happy Flower"},{"floor":14,"key":"Orichalcum"},{"floor":23,"key":"Boot"},{"floor":26,"key":"Centennial Puzzle"},{"floor":27,"key":"Shuriken"},{"floor":39,"key":"Mango"},{"floor":42,"key":"MawBank"},{"floor":43,"key":"Dream Catcher"}],"event_choices":[{"damage_healed":0,"gold_gain":0,"player_choice":"Grow","damage_taken":0,"max_hp_gain":0,"max_hp_loss":0,"event_name":"Living Wall","floor":2,"gold_loss":0,"cards_upgraded":["Bash"]},{"damage_healed":0,"gold_gain":75,"player_choice":"Gather Gold","damage_taken":11,"max_hp_gain":0,"max_hp_loss":0,"event_name":"World of Goop","floor":5,"gold_loss":0},{"damage_healed":0,"gold_gain":0,"player_choice":"Shed Blood","damage_taken":29,"max_hp_gain":5,"max_hp_loss":0,"event_name":"Forgotten Altar","floor":19,"gold_loss":0},{"damage_healed":0,"gold_gain":0,"player_choice":"Ignored","damage_taken":0,"max_hp_gain":0,"max_hp_loss":0,"event_name":"Cursed Tome","floor":22,"gold_loss":0},{"damage_healed":17,"gold_gain":0,"player_choice":"Heal","damage_taken":0,"max_hp_gain":0,"max_hp_loss":0,"event_name":"The Library","floor":25,"gold_loss":0},{"damage_healed":0,"gold_gain":50,"player_choice":"Stole From Cult","damage_taken":0,"max_hp_gain":0,"max_hp_loss":0,"event_name":"Nest","floor":28,"gold_loss":0},{"damage_healed":0,"gold_gain":0,"player_choice":"1 cards matched","damage_taken":0,"max_hp_gain":0,"max_hp_loss":0,"event_name":"Match and Keep!","floor":29,"gold_loss":0,"cards_obtained":["Battle Trance"]},{"damage_healed":0,"gold_gain":0,"player_choice":"Max HP","damage_taken":0,"max_hp_gain":0,"max_hp_loss":4,"event_name":"Winding Halls","floor":36,"gold_loss":0},{"damage_healed":0,"gold_gain":0,"player_choice":"Fight","damage_taken":0,"max_hp_gain":0,"max_hp_loss":0,"event_name":"MindBloom","floor":39,"gold_loss":0},{"cards_removed":["Seeing Red"],"damage_healed":0,"gold_gain":0,"player_choice":"Removed Skill","damage_taken":0,"max_hp_gain":0,"max_hp_loss":0,"event_name":"Falling","floor":41,"gold_loss":0},{"damage_healed":0,"gold_gain":0,"player_choice":"Paid","damage_taken":0,"relics_obtained":["Red Mask"],"max_hp_gain":0,"max_hp_loss":0,"event_name":"Tomb of Lord Red Mask","floor":45,"gold_loss":252},{"damage_healed":0,"gold_gain":0,"player_choice":"Memory 1","damage_taken":0,"max_hp_gain":0,"max_hp_loss":0,"event_name":"SensoryStone","floor":48,"gold_loss":0}],"is_beta":false,"boss_relics":[{"not_picked":["Fusion Hammer","Busted Crown"],"picked":"Velvet Choker"},{"not_picked":["Cursed Key","Lizard Tail"],"picked":"Orrery"}],"items_purged_floors":[38],"is_endless":false,"potions_floor_spawned":[7,10,16,18,21,47],"killed_by":"Donu and Deca","ascension_level":20}