{"gold_per_floor":[115,115,115,134,59,59,77,96,96,96,112,129,129,129,129,203,203,177,92,92,142,142,142],"floor_reached":23,"playtime":1386,"items_purged":["Defend_B"],"score":358,"play_id":"75c12e6c-e35f-4d35-a1c8-b085cc36296c","local_time":"20190125191102","is_ascension_mode":true,"campfire_choices":[{"data":"Zap","floor":6,"key":"SMITH"},{"data":"Static Discharge","floor":13,"key":"SMITH"},{"data":"Dualcast","floor":15,"key":"SMITH"}],"neow_cost":"NONE","seed_source_timestamp":31151683022812,"circlet_count":0,"master_deck":["AscendersBane","Strike_B","Strike_B","Defend_B","Defend_B","Zap+1","Dualcast+1","Reboot","BootSequence","Reboot","Storm","Static Discharge+1","Go for the Eyes+1","Auto Shields","Conserve Battery","Core Surge","Coolheaded","Glacier","Writhe"],"relics":["Cracked Core","Cables","Sozu","Kunai","Dream Catcher"],"potions_floor_usage":[],"damage_taken":[{"damage":5,"enemies":"Small Slimes","floor":1,"turns":3},{"damage":0,"enemies":"Jaw Worm","floor":4,"turns":3},{"damage":1,"enemies":"Cultist","floor":7,"turns":3},{"damage":2,"enemies":"Looter","floor":8,"turns":3},{"damage":13,"enemies":"Exordium Thugs","floor":11,"turns":4},{"damage":2,"enemies":"Large Slime","floor":12,"turns":5},{"damage":12,"enemies":"The Guardian","floor":16,"turns":11},{"damage":12,"enemies":"2 Thieves","floor":18,"turns":4},{"damage":54,"enemies":"Slavers","floor":23,"turns":3}],"seed_played":"6111091143706396798","potions_obtained":[{"floor":11,"key":"EssenceOfSteel"}],"is_trial":false,"path_per_floor":["M","?","?","M","$","R","M","M","T","?","M","M","R","?","R","B",null,"M","?","?","?","?","E"],"character_chosen":"DEFECT","items_purchased":[],"campfire_rested":0,"item_purchase_floors":[],"current_hp_per_floor":[59,59,52,52,52,52,51,49,49,49,36,34,34,34,34,22,59,47,47,47,47,47,0],"gold":142,"neow_bonus":"ONE_RANDOM_RARE_CARD","is_prod":false,"is_daily":false,"chose_seed":false,"campfire_upgraded":3,"win_rate":0,"timestamp":1548411062,"path_taken":["M","?","?","M","$","R","M","M","T","?","M","?","R","?","R","BOSS","M","?","?","?","?","E"],"build_version":"2019-01-23","purchased_purges":1,"victory":false,"max_hp_per_floor":[71,71,71,71,71,71,71,71,71,71,71,71,71,71,71,71,71,71,71,71,71,71,71],"card_choices":[{"not_picked":["Compile Driver","Gash"],"picked":"BootSequence","floor":1},{"not_picked":["Gash","Leap"],"picked":"Storm","floor":4},{"not_picked":["Leap","Beam Cell"],"picked":"Static Discharge","floor":7},{"not_picked":["Aggregate","Turbo"],"picked":"Go for the Eyes","floor":8},{"not_picked":["Sunder","Beam Cell"],"picked":"Auto Shields","floor":11},{"not_picked":["Ball Lightning","Blizzard"],"picked":"Conserve Battery","floor":12},{"not_picked":["Thunder Strike","Seek"],"picked":"Core Surge","floor":16},{"not_picked":["Blizzard","Barrage"],"picked":"Coolheaded","floor":18}],"player_experience":841219,"relics_obtained":[{"floor":9,"key":"Cables"}],"event_choices":[{"damage_healed":0,"gold_gain":0,"cards_transformed":["Strike_B"],"player_choice":"Change","damage_taken":0,"max_hp_gain":0,"max_hp_loss":0,"event_name":"Living Wall","floor":2,"gold_loss":0,"cards_obtained":["Reboot"]},{"cards_removed":["Strike_B"],"damage_healed":0,"gold_gain":0,"player_choice":"Card Removal","damage_taken":7,"max_hp_gain":0,"max_hp_loss":0,"event_name":"Golden Wing","floor":3,"gold_loss":0},{"cards_removed":["Defend_B"],"damage_healed":0,"gold_gain":0,"player_choice":"Offered Basic","damage_taken":0,"max_hp_gain":0,"max_hp_loss":0,"event_name":"Bonfire Elementals","floor":10,"gold_loss":0},{"damage_healed":0,"gold_gain":0,"player_choice":"Forge","damage_taken":0,"max_hp_gain":0,"max_hp_loss":0,"event_name":"Accursed Blacksmith","floor":14,"gold_loss":0,"cards_upgraded":["Go for the Eyes"]},{"damage_healed":0,"gold_gain":0,"player_choice":"Obtained Relic","damage_taken":0,"relics_obtained":["Kunai"],"max_hp_gain":0,"max_hp_loss":0,"event_name":"Addict","floor":19,"gold_loss":85},{"damage_healed":0,"gold_gain":0,"player_choice":"Read","damage_taken":0,"max_hp_gain":0,"max_hp_loss":0,"event_name":"The Library","floor":20,"gold_loss":0,"cards_obtained":["Glacier"]},{"damage_healed":0,"gold_gain":50,"player_choice":"Stole From Cult","damage_taken":0,"max_hp_gain":0,"max_hp_loss":0,"event_name":"Nest","floor":21,"gold_loss":0},{"damage_healed":0,"gold_gain":0,"player_choice":"Opened","damage_taken":0,"relics_obtained":["Dream Catcher"],"max_hp_gain":0,"max_hp_loss":0,"event_name":"The Mausoleum","floor":22,"gold_loss":0,"cards_obtained":["Writhe"]}],"is_beta":false,"boss_relics":[{"not_picked":["Runic Dome","Snecko Eye"],"picked":"Sozu"}],"items_purged_floors":[5],"is_endless":false,"potions_floor_spawned":[11],"killed_by":"Slavers","ascension_level":20}