{"gold_per_floor":[119,194,209,134,148,148,162,162,162,174,244,272,284,313,325,438,450,473,410,422,444,555,567,597,609,621,633,645],"floor_reached":28,"playtime":724,"items_purged":["Strike_B"],"score":233,"play_id":"685a3c53-74fc-4c76-aa07-f6739c08c317","local_time":"20190610051527","is_ascension_mode":false,"campfire_choices":[{"data":"Zap","floor":6,"key":"SMITH"},{"data":"Static Discharge","floor":8,"key":"SMITH"},{"data":"Dualcast","floor":10,"key":"SMITH"},{"data":"Consume","floor":15,"key":"SMITH"},{"data":"Self Repair","floor":23,"key":"SMITH"},{"data":"Storm","floor":25,"key":"SMITH"}],"neow_cost":"NONE","seed_source_timestamp":858259197861593,"circlet_count":0,"master_deck":["Defend_B","Defend_B","Zap+1","Dualcast+1","Self Repair+1","Cold Snap","Static Discharge+1","Conserve Battery","FTL","Storm+1","Consume+1","Core Surge","Stack+1","Loop+1","FTL+1","Auto Shields","Cold Snap"],"relics":["Cracked Core","NeowsBlessing","MawBank","Pear","Astrolabe","Nilry\u0027s Codex","Ice Cream"],"potions_floor_usage":[11,18,28,28],"damage_taken":[{"damage":0,"enemies":"Small Slimes","floor":1,"turns":1},{"damage":0,"enemies":"Jaw Worm","floor":3,"turns":1},{"damage":0,"enemies":"2 Louse","floor":5,"turns":1},{"damage":5,"enemies":"Large Slime","floor":7,"turns":8},{"damage":12,"enemies":"Gremlin Nob","floor":11,"turns":4},{"damage":0,"enemies":"3 Louse","floor":12,"turns":3},{"damage":5,"enemies":"Blue Slaver","floor":14,"turns":2},{"damage":38,"enemies":"Slime Boss","floor":16,"turns":10},{"damage":28,"enemies":"2 Thieves","floor":18,"turns":3},{"damage":7,"enemies":"Shell Parasite","floor":21,"turns":6},{"damage":31,"enemies":"Snake Plant","floor":24,"turns":2},{"damage":13,"enemies":"Shelled Parasite and Fungi","floor":28,"turns":2}],"seed_played":"3356243516762471415","potions_obtained":[{"floor":1,"key":"FearPotion"},{"floor":7,"key":"GamblersBrew"},{"floor":11,"key":"Explosive Potion"},{"floor":16,"key":"Fire Potion"},{"floor":18,"key":"PowerPotion"}],"is_trial":false,"path_per_floor":["M","?","M","$","M","R","M","R","T","R","?","M","?","M","R","B",null,"M","?","?","M","?","R","M","R","T","?","M"],"character_chosen":"DEFECT","items_purchased":[],"campfire_rested":0,"item_purchase_floors":[],"current_hp_per_floor":[75,64,71,71,75,75,75,75,75,75,80,85,78,80,80,49,85,64,64,48,48,48,48,27,27,27,11,0],"gold":645,"neow_bonus":"THREE_ENEMY_KILL","is_prod":false,"is_daily":false,"chose_seed":false,"campfire_upgraded":6,"win_rate":0,"timestamp":1560111327,"path_taken":["M","?","M","$","M","R","M","R","T","R","?","M","?","M","R","BOSS","M","?","?","M","?","R","M","R","T","?","M"],"build_version":"2019-01-23","purchased_purges":1,"victory":false,"max_hp_per_floor":[75,75,75,75,75,75,75,75,75,75,85,85,85,85,85,85,85,85,85,85,85,85,85,85,85,85,90,90],"card_choices":[{"not_picked":["Chaos","Force Field"],"picked":"Self Repair","floor":1},{"not_picked":["Barrage","Gash"],"picked":"Cold Snap","floor":3},{"not_picked":["Reprogram","Melter"],"picked":"Static Discharge","floor":5},{"not_picked":["Hologram","Compile Driver"],"picked":"Conserve Battery","floor":7},{"not_picked":["Conserve Battery","Reinforced Body"],"picked":"FTL","floor":11},{"not_picked":["Steam","Leap"],"picked":"Storm","floor":12},{"not_picked":["Hello World","Barrage"],"picked":"Consume","floor":14},{"not_picked":["Buffer","Rainbow"],"picked":"Core Surge","floor":16},{"not_picked":["Consume+1","Barrage+1"],"picked":"Auto Shields","floor":18},{"not_picked":["Scrape","Steam","Turbo"],"picked":"SKIP","floor":21},{"not_picked":["Steam","Double Energy"],"picked":"Cold Snap","floor":24}],"player_experience":1005359,"relics_obtained":[{"floor":9,"key":"MawBank"},{"floor":11,"key":"Pear"},{"floor":20,"key":"Nilry\u0027s Codex"},{"floor":26,"key":"Ice Cream"}],"event_choices":[{"damage_healed":0,"gold_gain":75,"player_choice":"Gather Gold","damage_taken":11,"max_hp_gain":0,"max_hp_loss":0,"event_name":"World of Goop","floor":2,"gold_loss":0},{"damage_healed":0,"gold_gain":0,"player_choice":"Searched \u00271\u0027 times","damage_taken":0,"max_hp_gain":0,"max_hp_loss":0,"event_name":"Dead Adventurer","floor":11,"gold_loss":0},{"cards_removed":["Strike_B"],"damage_healed":0,"gold_gain":0,"player_choice":"Card Removal","damage_taken":7,"max_hp_gain":0,"max_hp_loss":0,"event_name":"Golden Wing","floor":13,"gold_loss":0},{"cards_removed":["Defend_B"],"damage_healed":0,"gold_gain":0,"player_choice":"Gave Gold","damage_taken":0,"max_hp_gain":0,"max_hp_loss":0,"event_name":"Beggar","floor":19,"gold_loss":75},{"damage_healed":0,"gold_gain":0,"player_choice":"Obtained Book","damage_taken":16,"max_hp_gain":0,"max_hp_loss":0,"event_name":"Cursed Tome","floor":20,"gold_loss":0},{"damage_healed":0,"gold_gain":99,"player_choice":"Stole From Cult","damage_taken":0,"max_hp_gain":0,"max_hp_loss":0,"event_name":"Nest","floor":22,"gold_loss":0},{"damage_healed":0,"gold_gain":0,"player_choice":"Shed Blood","damage_taken":21,"max_hp_gain":5,"max_hp_loss":0,"event_name":"Forgotten Altar","floor":27,"gold_loss":0}],"is_beta":false,"boss_relics":[{"not_picked":["Busted Crown","Empty Cage"],"picked":"Astrolabe"}],"items_purged_floors":[4],"is_endless":false,"potions_floor_spawned":[1,7,11,16,18,21,24],"killed_by":"Shelled Parasite and Fungi","ascension_level":0}