{"gold_per_floor":[114,125,139,5,5,5,33,33,101,126,140,140,151,167,167,238,238,248,267,317,190,204,204,231,231,231,231,245,87,114,129,129,129],"floor_reached":33,"playtime":1705,"items_purged":["Doubt","Strike_R"],"score":619,"play_id":"6611f6ea-d29c-4433-a033-16e474becdc7","local_time":"20190428020355","is_ascension_mode":true,"campfire_choices":[{"data":"Havoc","floor":6,"key":"SMITH"},{"data":"Shockwave","floor":8,"key":"SMITH"},{"floor":15,"key":"REST"},{"data":"Inflame","floor":23,"key":"SMITH"},{"data":"True Grit","floor":25,"key":"SMITH"},{"floor":27,"key":"REST"},{"floor":32,"key":"REST"}],"neow_cost":"NONE","seed_source_timestamp":142658260702100,"circlet_count":0,"master_deck":["AscendersBane","Strike_R","Strike_R+1","Strike_R","Strike_R","Defend_R","Defend_R","Defend_R","Defend_R","Bash+1","Havoc+1","Perfected Strike+1","Shockwave+1","Shrug It Off","Headbutt","Corruption","Shrug It Off","Inflame+1","Feel No Pain","Feed","Feel No Pain+1","Heavy Blade+1","Thunderclap","True Grit+1","Anger","Headbutt","Dropkick+1","Headbutt"],"relics":["Burning Blood","Blood Vial","Shuriken","Sundial","Sozu","Strawberry","Champion Belt","Orichalcum"],"potions_floor_usage":[7,11,16,16],"damage_taken":[{"damage":9,"enemies":"Jaw Worm","floor":1,"turns":4},{"damage":8,"enemies":"2 Louse","floor":2,"turns":4},{"damage":0,"enemies":"Cultist","floor":3,"turns":3},{"damage":8,"enemies":"Gremlin Nob","floor":7,"turns":3},{"damage":25,"enemies":"Lagavulin","floor":10,"turns":6},{"damage":15,"enemies":"Exordium Wildlife","floor":11,"turns":4},{"damage":1,"enemies":"Exordium Thugs","floor":13,"turns":4},{"damage":19,"enemies":"Lots of Slimes","floor":14,"turns":8},{"damage":27,"enemies":"The Guardian","floor":16,"turns":12},{"damage":18,"enemies":"Shell Parasite","floor":18,"turns":5},{"damage":16,"enemies":"Spheric Guardian","floor":19,"turns":4},{"damage":10,"enemies":"Centurion and Healer","floor":22,"turns":5},{"damage":32,"enemies":"Book of Stabbing","floor":24,"turns":6},{"damage":12,"enemies":"Cultist and Chosen","floor":28,"turns":11},{"damage":47,"enemies":"Gremlin Leader","floor":30,"turns":8},{"damage":12,"enemies":"Sentry and Sphere","floor":31,"turns":8},{"damage":71,"enemies":"Champ","floor":33,"turns":8}],"seed_played":"7486425063799506516","potions_obtained":[{"floor":1,"key":"EssenceOfSteel"},{"floor":7,"key":"SpeedPotion"},{"floor":14,"key":"SkillPotion"},{"floor":16,"key":"SpeedPotion"}],"is_trial":false,"path_per_floor":["M","M","M","$","?","R","E","R","T","E","M","?","M","M","R","B",null,"M","M","?","$","M","R","E","R","T","R","M","$","E","M","R","B"],"character_chosen":"IRONCLAD","items_purchased":["Shockwave","Energy Potion","Thunderclap","Headbutt"],"campfire_rested":3,"item_purchase_floors":[4,4,21,29],"current_hp_per_floor":[65,63,69,69,46,46,44,44,44,27,20,20,27,16,38,19,61,54,46,46,46,47,47,33,33,33,60,59,59,20,19,48,0],"gold":129,"neow_bonus":"UPGRADE_CARD","is_prod":false,"is_daily":false,"chose_seed":false,"campfire_upgraded":4,"win_rate":0,"timestamp":1556406235,"path_taken":["M","M","M","$","?","R","E","R","T","E","M","?","M","?","R","BOSS","M","M","?","?","M","R","E","R","T","R","M","$","E","M","R","BOSS"],"build_version":"2019-01-23","purchased_purges":2,"victory":false,"max_hp_per_floor":[75,75,75,75,75,75,75,75,75,75,75,75,75,75,75,75,75,78,78,78,78,81,81,91,91,91,91,94,94,94,97,97,97],"card_choices":[{"not_picked":["Searing Blow","Clothesline","Wild Strike"],"picked":"SKIP","floor":1},{"not_picked":["Burning Pact","Flex"],"picked":"Havoc","floor":2},{"not_picked":["Heavy Blade","Thunderclap"],"picked":"Perfected Strike","floor":3},{"not_picked":["Wild Strike","Flex"],"picked":"Shrug It Off","floor":7},{"not_picked":["Shockwave","Second Wind","Perfected Strike"],"picked":"SKIP","floor":10},{"not_picked":["Clash","Fire Breathing"],"picked":"Headbutt","floor":11},{"not_picked":["Heavy Blade","Twin Strike"],"picked":"Inflame","floor":13},{"not_picked":["Dropkick","Searing Blow"],"picked":"Feel No Pain","floor":14},{"not_picked":["Demon Form","Brutality"],"picked":"Feed","floor":16},{"not_picked":["Rupture","Warcry"],"picked":"Feel No Pain+1","floor":18},{"not_picked":["Pummel","Whirlwind"],"picked":"Heavy Blade+1","floor":19},{"not_picked":["Havoc","Clothesline","Searing Blow"],"picked":"SKIP","floor":22},{"not_picked":["Hemokinesis","Rampage"],"picked":"True Grit","floor":24},{"not_picked":["Clash","Bloodletting"],"picked":"Anger","floor":28},{"not_picked":["Impervious","Intimidate"],"picked":"Dropkick+1","floor":30},{"not_picked":["Combust+1","Flex"],"picked":"Headbutt","floor":31}],"player_experience":986388,"relics_obtained":[{"floor":7,"key":"Blood Vial"},{"floor":9,"key":"Shuriken"},{"floor":10,"key":"Sundial"},{"floor":24,"key":"Strawberry"},{"floor":26,"key":"Champion Belt"},{"floor":30,"key":"Orichalcum"}],"event_choices":[{"damage_healed":0,"gold_gain":0,"player_choice":"Entered Light","damage_taken":23,"max_hp_gain":0,"max_hp_loss":0,"event_name":"Shining Light","floor":5,"gold_loss":0,"cards_upgraded":["Perfected Strike","Strike_R"]},{"damage_healed":0,"gold_gain":0,"player_choice":"3 cards matched","damage_taken":0,"max_hp_gain":0,"max_hp_loss":0,"event_name":"Match and Keep!","floor":12,"gold_loss":0,"cards_obtained":["Corruption","Shrug It Off","Doubt"]},{"damage_healed":0,"gold_gain":50,"player_choice":"Stole From Cult","damage_taken":0,"max_hp_gain":0,"max_hp_loss":0,"event_name":"Nest","floor":20,"gold_loss":0}],"is_beta":false,"boss_relics":[{"not_picked":["Runic Dome","Lizard Tail"],"picked":"Sozu"}],"items_purged_floors":[21,29],"is_endless":false,"potions_floor_spawned":[1,7,10,14,16,18,19,24,31],"killed_by":"Champ","ascension_level":20}