{"gold_per_floor":[112,31,31,42,57,57,57,57,57,118,130,155,430,444,444,444],"floor_reached":16,"playtime":619,"items_purged":[],"score":100,"play_id":"e4f0c2c3-3411-4e52-9d26-39d072646a4f","local_time":"20190530213019","is_ascension_mode":false,"campfire_choices":[{"data":"Zap","floor":6,"key":"SMITH"},{"data":"Dualcast","floor":8,"key":"SMITH"},{"data":"Fission","floor":15,"key":"SMITH"}],"neow_cost":"NONE","seed_source_timestamp":84210504590265,"circlet_count":0,"master_deck":["Strike_B","Strike_B","Strike_B","Defend_B","Defend_B","Defend_B","Defend_B","Zap+1","Dualcast+1","Echo Form","Cold Snap","Self Repair","Barrage","Fission+1","Consume","Conserve Battery","Coolheaded","Regret","Cold Snap"],"relics":["Cracked Core","Mercury Hourglass","Vajra","Blue Candle"],"potions_floor_usage":[16],"damage_taken":[{"damage":0,"enemies":"Small Slimes","floor":1,"turns":2},{"damage":1,"enemies":"Cultist","floor":4,"turns":4},{"damage":5,"enemies":"Jaw Worm","floor":5,"turns":4},{"damage":14,"enemies":"3 Sentries","floor":10,"turns":7},{"damage":4,"enemies":"Blue Slaver","floor":11,"turns":5},{"damage":39,"enemies":"Lagavulin","floor":12,"turns":6},{"damage":9,"enemies":"Red Slaver","floor":14,"turns":2},{"damage":58,"enemies":"Slime Boss","floor":16,"turns":9}],"seed_played":"2856925439608227332","potions_obtained":[{"floor":5,"key":"GamblersBrew"},{"floor":12,"key":"Dexterity Potion"},{"floor":14,"key":"Block Potion"}],"is_trial":false,"path_per_floor":["M","$","?","M","M","R","$","R","T","?","M","E","?","M","R","B"],"character_chosen":"DEFECT","items_purchased":["Self Repair"],"campfire_rested":0,"item_purchase_floors":[2],"current_hp_per_floor":[75,75,75,75,75,75,75,75,75,68,75,50,50,48,48,0],"gold":444,"neow_bonus":"ONE_RANDOM_RARE_CARD","is_prod":false,"is_daily":false,"chose_seed":false,"campfire_upgraded":3,"win_rate":0,"timestamp":1559219419,"path_taken":["M","$","?","?","M","R","?","R","T","?","M","E","?","M","R","BOSS"],"build_version":"2019-01-23","purchased_purges":0,"victory":false,"max_hp_per_floor":[75,75,75,75,75,75,75,75,75,75,75,75,75,75,75,75],"card_choices":[{"not_picked":["Hello World","Go for the Eyes"],"picked":"Cold Snap","floor":1},{"not_picked":["Rebound","Compile Driver"],"picked":"Barrage","floor":4},{"not_picked":["Undo","Gash"],"picked":"Fission","floor":5},{"not_picked":["Stack","BootSequence"],"picked":"Consume","floor":10},{"not_picked":["Go for the Eyes","Ball Lightning"],"picked":"Conserve Battery","floor":11},{"not_picked":["Chaos","Multi-Cast"],"picked":"Coolheaded","floor":12},{"not_picked":["Redo","Ball Lightning"],"picked":"Cold Snap","floor":14}],"player_experience":926762,"relics_obtained":[{"floor":9,"key":"Mercury Hourglass"},{"floor":10,"key":"Vajra"},{"floor":12,"key":"Blue Candle"}],"event_choices":[{"cards_removed":["Strike_B"],"damage_healed":0,"gold_gain":0,"player_choice":"Purged","damage_taken":0,"max_hp_gain":0,"max_hp_loss":0,"event_name":"Purifier","floor":3,"gold_loss":0},{"damage_healed":0,"gold_gain":0,"player_choice":"Searched \u00271\u0027 times","damage_taken":0,"max_hp_gain":0,"max_hp_loss":0,"event_name":"Dead Adventurer","floor":10,"gold_loss":0},{"damage_healed":0,"gold_gain":275,"player_choice":"Desecrate","damage_taken":0,"max_hp_gain":0,"max_hp_loss":0,"event_name":"Golden Shrine","floor":13,"gold_loss":0,"cards_obtained":["Regret"]}],"is_beta":false,"boss_relics":[],"items_purged_floors":[],"is_endless":false,"potions_floor_spawned":[5,12,14],"killed_by":"Slime Boss","ascension_level":0}