{"gold_per_floor":[117,117,135,151,22,22,55,55,55,83,83,114,114,189,189,263,263,277,277,177,194,213,274,285,320,343,343,343,30,59,79,79,79],"floor_reached":33,"playtime":1637,"items_purged":["Strike_R","Strike_R"],"score":742,"play_id":"b7df4662-f379-4611-ab74-56378b153081","local_time":"20190503134924","is_ascension_mode":true,"campfire_choices":[{"data":"Armaments","floor":6.0,"key":"SMITH"},{"data":"Panacea","floor":8.0,"key":"SMITH"},{"data":"Flex","floor":11.0,"key":"SMITH"},{"data":"Immolate","floor":15.0,"key":"SMITH"},{"data":"Barricade","floor":27,"key":"SMITH"},{"data":"Feel No Pain","floor":32,"key":"SMITH"}],"neow_cost":"NONE","seed_source_timestamp":616805173044400,"circlet_count":0,"master_deck":["AscendersBane","Strike_R","Defend_R","Defend_R","Defend_R","Defend_R","Bash+1","Panacea+1","Flex+1","Pummel","Armaments+1","Immolate+1","Sword Boomerang","Ghostly Armor","Juggernaut","Burning Pact","Sever Soul","Rampage","Spot Weakness","Body Slam","Barricade+1","Feel No Pain+1"],"special_seed":0,"relics":["Burning Blood","Gremlin Horn","Meat on the Bone","Dead Branch","Bag of Preparation","Coffee Dripper","Tiny Chest","Nunchaku","Orichalcum","Bottled Flame","OrangePellets","Dream Catcher"],"potions_floor_usage":[],"damage_taken":[{"damage":16.0,"enemies":"Small Slimes","floor":1.0,"turns":6.0},{"damage":3.0,"enemies":"2 Louse","floor":3.0,"turns":3.0},{"damage":7.0,"enemies":"Jaw Worm","floor":4.0,"turns":3.0},{"damage":20.0,"enemies":"3 Sentries","floor":7.0,"turns":7.0},{"damage":19.0,"enemies":"Lagavulin","floor":10.0,"turns":8.0},{"damage":11.0,"enemies":"3 Sentries","floor":12.0,"turns":6.0},{"damage":0.0,"enemies":"Slime Boss","floor":16.0,"turns":5.0},{"damage":9.0,"enemies":"2 Thieves","floor":18.0,"turns":2.0},{"damage":12.0,"enemies":"Shell Parasite","floor":21.0,"turns":4.0},{"damage":33.0,"enemies":"Chosen and Byrds","floor":22.0,"turns":4.0},{"damage":27.0,"enemies":"Gremlin Leader","floor":23.0,"turns":5.0},{"damage":12.0,"enemies":"Sentry and Sphere","floor":24.0,"turns":4.0},{"damage":21,"enemies":"Slavers","floor":25,"turns":3},{"damage":16,"enemies":"Book of Stabbing","floor":30,"turns":4},{"damage":24,"enemies":"Snake Plant","floor":31,"turns":4},{"damage":36,"enemies":"Automaton","floor":33,"turns":4}],"seed_played":"5500091009924952652","potions_obtained":[{"floor":4.0,"key":"Dexterity Potion"},{"floor":7.0,"key":"EssenceOfSteel"},{"floor":10.0,"key":"LiquidBronze"},{"floor":18.0,"key":"Energy Potion"},{"floor":22.0,"key":"SpeedPotion"},{"floor":31,"key":"PowerPotion"}],"is_trial":false,"path_per_floor":["M","?","M","M","$","R","E","R","T","E","R","E","?","?","R","B",null,"M","?","$","M","M","E","M","E","T","R","T","$","E","M","R","B"],"character_chosen":"IRONCLAD","items_purchased":["SteroidPotion","Feel No Pain","OrangePellets"],"campfire_rested":0,"item_purchase_floors":[5,29,29],"current_hp_per_floor":[58,58,61,60,60,60,46,46,46,45,45,52,45,34,34,52,69,66,66,66,60,45,36,42,39,39,39,39,39,41,35,35,0],"gold":79,"neow_bonus":"RANDOM_COLORLESS","is_prod":false,"is_daily":false,"chose_seed":false,"campfire_upgraded":6,"win_rate":0,"timestamp":1556880564,"path_taken":["M","?","M","M","$","R","E","R","T","E","R","E","?","?","R","BOSS","M","?","$","?","M","E","M","E","T","R","?","$","E","M","R","BOSS"],"build_version":"2019-01-23","purchased_purges":2,"victory":false,"max_hp_per_floor":[75,75,75,75,75,75,75,75,75,75,75,75,75,75,75,75,75,75,75,75,75,75,75,75,75,75,75,75,75,75,75,75,75],"card_choices":[{"not_picked":["Iron Wave","Twin Strike"],"picked":"Flex","floor":1.0},{"not_picked":["Thunderclap","Pommel Strike"],"picked":"Pummel","floor":3.0},{"not_picked":["Flex","Iron Wave"],"picked":"Armaments","floor":4.0},{"not_picked":["Heavy Blade","Body Slam"],"picked":"Immolate","floor":7.0},{"not_picked":["Sever Soul","Hemokinesis"],"picked":"Sword Boomerang","floor":10.0},{"not_picked":["Armaments","Havoc"],"picked":"Ghostly Armor","floor":12.0},{"not_picked":["Brutality","Bludgeon"],"picked":"Juggernaut","floor":16.0},{"not_picked":["Entrench","Clash"],"picked":"Burning Pact","floor":18.0},{"not_picked":["Wild Strike","Pommel Strike"],"picked":"Rampage","floor":21.0},{"not_picked":["Rampage","Hemokinesis+1"],"picked":"Spot Weakness","floor":22.0},{"not_picked":["Clothesline","Immolate"],"picked":"Body Slam","floor":23.0},{"not_picked":["Pommel Strike","Rupture+1","Ghostly Armor"],"picked":"SKIP","floor":24.0},{"not_picked":["Seeing Red","Thunderclap"],"picked":"Barricade","floor":25},{"not_picked":["Blood for Blood","Clash","Infernal Blade"],"picked":"SKIP","floor":30},{"not_picked":["Rampage","Bloodletting","Pommel Strike"],"picked":"SKIP","floor":31}],"player_experience":997174,"relics_obtained":[{"floor":7.0,"key":"Gremlin Horn"},{"floor":9.0,"key":"Meat on the Bone"},{"floor":10.0,"key":"Dead Branch"},{"floor":12.0,"key":"Bag of Preparation"},{"floor":23.0,"key":"Tiny Chest"},{"floor":25,"key":"Nunchaku"},{"floor":26,"key":"Orichalcum"},{"floor":28,"key":"Bottled Flame"},{"floor":30,"key":"Dream Catcher"}],"event_choices":[{"damage_healed":0.0,"max_hp_gain":0.0,"max_hp_loss":0.0,"gold_gain":0.0,"event_name":"Living Wall","player_choice":"Grow","floor":2.0,"gold_loss":0.0,"damage_taken":0.0,"cards_upgraded":["Bash"]},{"cards_removed":["Strike_R"],"damage_healed":0.0,"max_hp_gain":0.0,"max_hp_loss":0.0,"gold_gain":0.0,"event_name":"Golden Wing","player_choice":"Card Removal","floor":13.0,"gold_loss":0.0,"damage_taken":7.0},{"damage_healed":0.0,"max_hp_gain":0.0,"max_hp_loss":0.0,"gold_gain":75.0,"event_name":"World of Goop","player_choice":"Gather Gold","floor":14.0,"gold_loss":0.0,"damage_taken":11.0},{"damage_healed":0.0,"max_hp_gain":0.0,"max_hp_loss":0.0,"gold_gain":0.0,"cards_transformed":["Strike_R"],"event_name":"Transmorgrifier","player_choice":"Transformed","floor":19.0,"gold_loss":0.0,"damage_taken":0.0,"cards_obtained":["Sever Soul"]}],"is_beta":false,"boss_relics":[{"not_picked":["Black Star","Tiny House"],"picked":"Coffee Dripper"}],"items_purged_floors":[5,20],"is_endless":false,"potions_floor_spawned":[4,7,10,12,18,22,31],"killed_by":"Automaton","ascension_level":20}