{"gold_per_floor":[115,128,78,78,96,96,109,109,109,109,109,109,109,9,9,9],"floor_reached":16,"playtime":405,"items_purged":["Regret"],"score":88,"play_id":"e07b6e95-5166-478b-b0f5-414e7ee0e07d","local_time":"20190613014754","is_ascension_mode":false,"campfire_choices":[{"data":"Zap","floor":6,"key":"SMITH"},{"data":"Dualcast","floor":8,"key":"SMITH"},{"data":"Machine Learning","floor":10,"key":"SMITH"},{"data":"Coolheaded","floor":12,"key":"SMITH"},{"data":"Defend_B","floor":15,"key":"SMITH"}],"neow_cost":"NONE","seed_source_timestamp":1105297547808059,"circlet_count":0,"master_deck":["Strike_B","Strike_B","Strike_B","Defend_B","Defend_B","Defend_B","Defend_B+1","Zap+1","Dualcast+1","Coolheaded+1","Coolheaded+1","Cold Snap","Machine Learning+1","Cold Snap"],"relics":["Cracked Core","NeowsBlessing","Matryoshka","Ginger"],"potions_floor_usage":[2],"damage_taken":[{"damage":0,"enemies":"2 Louse","floor":1,"turns":1},{"damage":0,"enemies":"Cultist","floor":2,"turns":1},{"damage":0,"enemies":"Small Slimes","floor":5,"turns":1},{"damage":8,"enemies":"3 Louse","floor":7,"turns":4},{"damage":72,"enemies":"Hexaghost","floor":16,"turns":15}],"seed_played":"-8399988318663496398","potions_obtained":[{"floor":2,"key":"Fruit Juice"}],"is_trial":false,"path_per_floor":["M","M","?","?","M","R","M","R","T","R","?","R","?","$","R","B"],"character_chosen":"DEFECT","items_purchased":["Cold Snap"],"campfire_rested":0,"item_purchase_floors":[14],"current_hp_per_floor":[75,80,80,80,80,80,72,72,72,72,72,72,72,72,72,0],"gold":9,"neow_bonus":"THREE_ENEMY_KILL","is_prod":false,"is_daily":false,"chose_seed":false,"campfire_upgraded":5,"win_rate":0,"timestamp":1560358074,"path_taken":["M","M","?","?","?","R","M","R","T","R","?","R","?","$","R","BOSS"],"build_version":"2019-01-23","purchased_purges":1,"victory":false,"max_hp_per_floor":[75,80,80,80,80,80,80,80,80,80,80,80,80,80,80,80],"card_choices":[{"not_picked":["Rebound","Auto Shields"],"picked":"Coolheaded","floor":1},{"not_picked":["Redo","Conserve Battery"],"picked":"Coolheaded","floor":2},{"not_picked":["Steam","Hologram"],"picked":"Cold Snap","floor":5},{"not_picked":["Chill","Steam"],"picked":"Machine Learning","floor":7}],"player_experience":1045325,"relics_obtained":[{"floor":9,"key":"Matryoshka"}],"event_choices":[{"cards_removed":["Strike_B"],"damage_healed":0,"gold_gain":0,"player_choice":"Card Removal","damage_taken":0,"max_hp_gain":0,"max_hp_loss":0,"event_name":"The Cleric","floor":3,"gold_loss":50},{"damage_healed":0,"gold_gain":0,"player_choice":"0 cards matched","damage_taken":0,"max_hp_gain":0,"max_hp_loss":0,"event_name":"Match and Keep!","floor":4,"gold_loss":0,"cards_obtained":[]},{"damage_healed":0,"gold_gain":0,"player_choice":"Box","damage_taken":0,"relics_obtained":["Ginger"],"max_hp_gain":0,"max_hp_loss":0,"event_name":"Big Fish","floor":11,"gold_loss":0,"cards_obtained":["Regret"]},{"damage_healed":0,"gold_gain":0,"player_choice":"Upgraded","damage_taken":0,"max_hp_gain":0,"max_hp_loss":0,"event_name":"Upgrade Shrine","floor":13,"gold_loss":0,"cards_upgraded":["Coolheaded"]}],"is_beta":false,"boss_relics":[],"items_purged_floors":[14],"is_endless":false,"potions_floor_spawned":[2],"killed_by":"Hexaghost","ascension_level":0}