{"gold_per_floor":[109,121,14,189,207,207,234,234,234,248,248,248,45,59,59,162,162,174,174,187,187],"floor_reached":21,"playtime":1107,"items_purged":[],"score":260,"play_id":"e87aa6de-bd96-4c9d-842f-dca956f5929a","local_time":"20190211120343","is_ascension_mode":true,"campfire_choices":[{"floor":6,"key":"REST"},{"floor":8,"key":"REST"},{"floor":11,"key":"REST"},{"floor":15,"key":"REST"}],"neow_cost":"NONE","seed_source_timestamp":46351071884583,"circlet_count":0,"master_deck":["Defend_G","Defend_G","Defend_G","Defend_G","Defend_G","Strike_G","Strike_G","Strike_G","Strike_G","Strike_G","Survivor","Neutralize","Catalyst","Backflip","Footwork+1","Leg Sweep","Doubt","Escape Plan","Infinite Blades","Accuracy","Mayhem","Dodge and Roll","Backstab","After Image","Cloak And Dagger","Caltrops","Catalyst","Expertise","Infinite Blades","Choke+1"],"relics":["Fusion Hammer","Du-Vu Doll","Darkstone Periapt","Regal Pillow","Orrery"],"potions_floor_usage":[7,16,20],"damage_taken":[{"damage":0,"enemies":"Cultist","floor":1,"turns":4},{"damage":0,"enemies":"2 Louse","floor":2,"turns":4},{"damage":0,"enemies":"Jaw Worm","floor":5,"turns":9},{"damage":31,"enemies":"Lagavulin","floor":7,"turns":17},{"damage":12,"enemies":"Exordium Wildlife","floor":10,"turns":6},{"damage":12,"enemies":"Exordium Thugs","floor":14,"turns":7},{"damage":43,"enemies":"Hexaghost","floor":16,"turns":14},{"damage":9,"enemies":"Shell Parasite","floor":18,"turns":8},{"damage":14,"enemies":"Spheric Guardian","floor":20,"turns":6},{"damage":51,"enemies":"Chosen and Byrds","floor":21,"turns":6}],"seed_played":"2476302526027192079","potions_obtained":[{"floor":1,"key":"SpeedPotion"},{"floor":2,"key":"Swift Potion"},{"floor":7,"key":"Energy Potion"},{"floor":10,"key":"LiquidBronze"},{"floor":14,"key":"Block Potion"},{"floor":20,"key":"Explosive Potion"}],"is_trial":false,"path_per_floor":["M","M","$","?","M","R","E","R","T","M","R","?","$","M","R","B",null,"M","?","M","M"],"character_chosen":"THE_SILENT","items_purchased":["Footwork","Leg Sweep","Mayhem","Dodge and Roll"],"campfire_rested":4,"item_purchase_floors":[3,3,13,13],"current_hp_per_floor":[63,63,63,63,63,70,39,60,60,48,69,66,66,54,70,27,59,50,50,36,0],"gold":187,"neow_bonus":"BOSS_RELIC","is_prod":false,"is_daily":false,"chose_seed":false,"campfire_upgraded":0,"win_rate":0,"timestamp":1549854223,"path_taken":["M","?","$","?","M","R","E","R","T","M","R","?","?","?","R","BOSS","M","?","M","?"],"build_version":"2019-01-23","purchased_purges":0,"victory":false,"max_hp_per_floor":[70,70,70,70,70,70,70,70,70,70,70,70,70,70,70,70,70,70,70,70,70],"card_choices":[{"not_picked":["Escape Plan","PiercingWail"],"picked":"Catalyst","floor":1},{"not_picked":["Acrobatics","Escape Plan"],"picked":"Backflip","floor":2},{"not_picked":["Prepared","Bane"],"picked":"Escape Plan","floor":5},{"not_picked":["Dagger Throw","Concentrate"],"picked":"Infinite Blades","floor":7},{"not_picked":["Poisoned Stab","Outmaneuver"],"picked":"Accuracy","floor":10},{"not_picked":["Riddle With Holes","Prepared"],"picked":"Backstab","floor":14},{"not_picked":["Envenom","Corpse Explosion"],"picked":"After Image","floor":16},{"not_picked":["Dodge and Roll","Dagger Throw"],"picked":"Cloak And Dagger","floor":17},{"not_picked":["Dodge and Roll","Catalyst"],"picked":"Caltrops","floor":17},{"not_picked":["Sucker Punch","Choke"],"picked":"Catalyst","floor":17},{"not_picked":["Endless Agony","Flying Knee"],"picked":"Expertise","floor":17},{"not_picked":["Caltrops+1","Backflip"],"picked":"Infinite Blades","floor":18},{"not_picked":["Concentrate","Flying Knee+1"],"picked":"Choke+1","floor":20}],"player_experience":900422,"relics_obtained":[{"floor":7,"key":"Du-Vu Doll"},{"floor":9,"key":"Darkstone Periapt"}],"event_choices":[{"damage_healed":0,"gold_gain":175,"player_choice":"AGREE","damage_taken":0,"max_hp_gain":0,"max_hp_loss":0,"event_name":"Liars Game","floor":4,"gold_loss":0,"cards_obtained":["Doubt"]},{"damage_healed":0,"gold_gain":0,"player_choice":"Success","damage_taken":3,"relics_obtained":["Regal Pillow"],"max_hp_gain":0,"max_hp_loss":0,"event_name":"Scrap Ooze","floor":12,"gold_loss":0},{"damage_healed":0,"gold_gain":0,"player_choice":"Upgraded","damage_taken":0,"max_hp_gain":0,"max_hp_loss":0,"event_name":"Upgrade Shrine","floor":19,"gold_loss":0,"cards_upgraded":["Footwork"]}],"is_beta":false,"boss_relics":[{"not_picked":["Empty Cage","Lizard Tail"],"picked":"Orrery"}],"items_purged_floors":[],"is_endless":false,"potions_floor_spawned":[1,2,7,10,14,20],"killed_by":"Chosen and Byrds","ascension_level":9}