{"gold_per_floor":[117,193,37,54,108,137,164,192,192,192,227,241,241,255,255,326,326,337,337,93,93,109,141,141],"floor_reached":24,"playtime":1416,"items_purged":["Strike_G"],"score":514,"play_id":"fd2dfd28-1024-4849-9b7e-9887c5de2e2d","local_time":"20190623171559","is_ascension_mode":true,"campfire_choices":[{"data":"Well Laid Plans","floor":13,"key":"SMITH"},{"data":"Leg Sweep","floor":15,"key":"SMITH"}],"neow_cost":"NONE","seed_source_timestamp":892259950010500,"circlet_count":0,"master_deck":["AscendersBane","Defend_G","Defend_G","Defend_G","Defend_G","Defend_G","Strike_G","Strike_G","Survivor","Neutralize","Well Laid Plans+1","Leg Sweep+1","Noxious Fumes","Predator+1","Dagger Throw","Adrenaline","Bouncing Flask","Burst","Footwork","Setup","Flying Knee"],"relics":["Ring of the Snake","NeowsBlessing","Paper Crane","Bag of Preparation","Strawberry","Shovel","Lantern","Busted Crown","Anchor","Potion Belt"],"potions_floor_usage":[8],"damage_taken":[{"damage":0,"enemies":"Cultist","floor":1,"turns":1},{"damage":0,"enemies":"2 Louse","floor":4,"turns":2},{"damage":0,"enemies":"Gremlin Nob","floor":6,"turns":1},{"damage":2,"enemies":"Lagavulin","floor":8,"turns":9},{"damage":21,"enemies":"3 Sentries","floor":11,"turns":7},{"damage":0,"enemies":"Jaw Worm","floor":12,"turns":2},{"damage":0,"enemies":"Large Slime","floor":14,"turns":4},{"damage":33,"enemies":"Slime Boss","floor":16,"turns":11},{"damage":7,"enemies":"3 Byrds","floor":18,"turns":6},{"damage":11,"enemies":"Chosen","floor":22,"turns":4},{"damage":28,"enemies":"Slavers","floor":23,"turns":8},{"damage":14,"enemies":"Centurion and Healer","floor":24,"turns":2}],"seed_played":"-3808367682235720965","potions_obtained":[{"floor":4,"key":"EssenceOfSteel"},{"floor":8,"key":"SpeedPotion"},{"floor":11,"key":"Strength Potion"},{"floor":23,"key":"LiquidBronze"}],"is_trial":false,"path_per_floor":["M","T","$","M","?","E","T","E","T","?","E","M","R","M","R","B",null,"M","?","$","?","M","E","M"],"character_chosen":"THE_SILENT","items_purchased":["Leg Sweep","Noxious Fumes","Anchor"],"campfire_rested":0,"item_purchase_floors":[3,3,20],"current_hp_per_floor":[59,59,59,59,59,59,59,64,64,64,43,43,43,43,43,10,57,50,50,50,50,39,11,0],"gold":141,"neow_bonus":"THREE_ENEMY_KILL","is_prod":false,"is_daily":false,"chose_seed":false,"campfire_upgraded":2,"win_rate":0,"timestamp":1561299359,"path_taken":["M","?","?","?","?","E","?","E","T","?","E","M","R","M","R","BOSS","M","?","$","?","M","E","M"],"build_version":"2019-01-23","purchased_purges":1,"victory":false,"max_hp_per_floor":[66,66,66,66,66,66,66,73,73,73,73,73,73,73,73,73,73,73,73,73,73,73,73,73],"card_choices":[{"not_picked":["Dodge and Roll","Dagger Throw"],"picked":"Well Laid Plans","floor":1},{"not_picked":["Caltrops","Tactician"],"picked":"Predator","floor":4},{"not_picked":["Setup","Calculated Gamble"],"picked":"Dagger Throw","floor":6},{"not_picked":["Riddle With Holes","Backstab"],"picked":"Adrenaline","floor":8},{"not_picked":["Flying Knee","Acrobatics","Concentrate"],"picked":"SKIP","floor":11},{"not_picked":["Sucker Punch","Distraction"],"picked":"Bouncing Flask","floor":12},{"not_picked":["Quick Slash","Dagger Throw","Sucker Punch"],"picked":"SKIP","floor":14},{"not_picked":["Doppelganger","Envenom"],"picked":"Burst","floor":16},{"not_picked":["Outmaneuver"],"picked":"SKIP","floor":18},{"not_picked":["Bane+1"],"picked":"SKIP","floor":22},{"not_picked":["Infinite Blades"],"picked":"SKIP","floor":23}],"player_experience":1167900,"relics_obtained":[{"floor":2,"key":"Paper Crane"},{"floor":6,"key":"Bag of Preparation"},{"floor":8,"key":"Strawberry"},{"floor":9,"key":"Shovel"},{"floor":11,"key":"Lantern"},{"floor":23,"key":"Potion Belt"}],"event_choices":[{"damage_healed":0,"gold_gain":54,"player_choice":"Gained Gold","damage_taken":0,"max_hp_gain":0,"max_hp_loss":0,"event_name":"Golden Wing","floor":5,"gold_loss":0},{"damage_healed":0,"gold_gain":0,"player_choice":"Grow","damage_taken":0,"max_hp_gain":0,"max_hp_loss":0,"event_name":"Living Wall","floor":10,"gold_loss":0,"cards_upgraded":["Predator"]},{"damage_healed":0,"gold_gain":0,"player_choice":"Read","damage_taken":0,"max_hp_gain":0,"max_hp_loss":0,"event_name":"The Library","floor":19,"gold_loss":0,"cards_obtained":["Footwork"]},{"damage_healed":0,"gold_gain":0,"cards_transformed":["Strike_G","Strike_G"],"player_choice":"Became Test Subject","damage_taken":0,"max_hp_gain":0,"max_hp_loss":0,"event_name":"Drug Dealer","floor":21,"gold_loss":0,"cards_obtained":["Setup","Flying Knee"]}],"is_beta":false,"boss_relics":[{"not_picked":["Runic Dome","Lizard Tail"],"picked":"Busted Crown"}],"items_purged_floors":[20],"is_endless":false,"potions_floor_spawned":[4,8,11,18,23],"killed_by":"Centurion and Healer","ascension_level":20}