{"gold_per_floor":[109,123,136,136,155,155,169,182,207,218,235,235,73,73,73,73],"floor_reached":16,"playtime":825,"items_purged":["Strike_B"],"score":192,"play_id":"7d7b66ef-aaf5-4176-9cbe-026c3e4cf62d","local_time":"20190125205330","is_ascension_mode":true,"campfire_choices":[{"data":"Zap","floor":6,"key":"SMITH"},{"data":"Scrape","floor":15,"key":"SMITH"}],"neow_cost":"NONE","seed_source_timestamp":37858937255306,"circlet_count":0,"master_deck":["AscendersBane","Strike_B","Strike_B","Defend_B","Defend_B","Defend_B","Defend_B","Zap+1","Dualcast","Gash","Cold Snap","Scrape+1","Redo","Cold Snap","Turbo","Ball Lightning","Cold Snap","Loop"],"relics":["Cracked Core","NeowsBlessing","FaceOfCleric","Potion Belt"],"potions_floor_usage":[],"damage_taken":[{"damage":0,"enemies":"Cultist","floor":1,"turns":1},{"damage":0,"enemies":"2 Louse","floor":2,"turns":1},{"damage":0,"enemies":"Jaw Worm","floor":3,"turns":1},{"damage":14,"enemies":"3 Louse","floor":5,"turns":3},{"damage":9,"enemies":"Blue Slaver","floor":7,"turns":3},{"damage":11,"enemies":"Exordium Wildlife","floor":8,"turns":3},{"damage":4,"enemies":"2 Fungi Beasts","floor":10,"turns":3},{"damage":21,"enemies":"Lots of Slimes","floor":11,"turns":4},{"damage":26,"enemies":"Slime Boss","floor":16,"turns":3}],"seed_played":"6449944144382452708","potions_obtained":[{"floor":7,"key":"EssenceOfSteel"},{"floor":10,"key":"Energy Potion"},{"floor":11,"key":"Regen Potion"}],"is_trial":false,"path_per_floor":["M","M","M","?","M","R","M","M","T","M","M","?","$","?","R","B"],"character_chosen":"DEFECT","items_purchased":["Loop"],"campfire_rested":0,"item_purchase_floors":[13],"current_hp_per_floor":[64,64,64,64,51,51,43,33,33,30,10,3,3,3,3,0],"gold":73,"neow_bonus":"THREE_ENEMY_KILL","is_prod":false,"is_daily":false,"chose_seed":false,"campfire_upgraded":2,"win_rate":0,"timestamp":1548417210,"path_taken":["M","M","M","?","M","R","M","M","T","M","?","?","?","?","R","BOSS"],"build_version":"2019-01-23","purchased_purges":1,"victory":false,"max_hp_per_floor":[71,71,71,71,72,72,73,74,74,75,76,76,76,76,76,76],"card_choices":[{"not_picked":["Barrage","Redo"],"picked":"Gash","floor":1},{"not_picked":["Genetic Algorithm","Streamline"],"picked":"Cold Snap","floor":2},{"not_picked":["Reinforced Body","Hologram"],"picked":"Scrape","floor":3},{"not_picked":["Lockon","Tempest"],"picked":"Redo","floor":5},{"not_picked":["White Noise","Leap"],"picked":"Cold Snap","floor":7},{"not_picked":["Rebound","Barrage"],"picked":"Turbo","floor":8},{"not_picked":["Stack","Darkness"],"picked":"Ball Lightning","floor":10},{"not_picked":["Redo","Conserve Battery"],"picked":"Cold Snap","floor":11}],"player_experience":843639,"relics_obtained":[{"floor":9,"key":"Potion Belt"}],"event_choices":[{"damage_healed":0,"gold_gain":0,"player_choice":"Trade","damage_taken":0,"relics_obtained":["FaceOfCleric"],"max_hp_gain":0,"max_hp_loss":0,"event_name":"FaceTrader","floor":4,"gold_loss":0},{"cards_removed":["Strike_B"],"damage_healed":0,"gold_gain":0,"player_choice":"Card Removal","damage_taken":7,"max_hp_gain":0,"max_hp_loss":0,"event_name":"Golden Wing","floor":12,"gold_loss":0},{"damage_healed":0,"gold_gain":0,"player_choice":"Ignored","damage_taken":0,"max_hp_gain":0,"max_hp_loss":0,"event_name":"Golden Idol","floor":14,"gold_loss":0}],"is_beta":false,"boss_relics":[],"items_purged_floors":[13],"is_endless":false,"potions_floor_spawned":[7,10,11],"killed_by":"Slime Boss","ascension_level":20}