{"gold_per_floor":[109,121,138,138,138,138,157,157,157,157,192,206,206,206,206,300,300,323,347,361,380,14,14,14],"floor_reached":24,"playtime":1510,"items_purged":["Strike_G"],"score":337,"play_id":"e591cf05-6984-4a3f-8fbe-f0b29565325e","local_time":"20190612185019","is_ascension_mode":true,"campfire_choices":[{"data":"A Thousand Cuts","floor":6,"key":"SMITH"},{"data":"Leg Sweep","floor":8,"key":"SMITH"},{"data":"Neutralize","floor":10,"key":"SMITH"},{"data":"Setup","floor":13,"key":"SMITH"},{"data":"Dash","floor":15,"key":"SMITH"},{"floor":23,"key":"REST"}],"neow_cost":"NONE","seed_source_timestamp":1079156900064929,"circlet_count":0,"master_deck":["AscendersBane","Defend_G","Defend_G","Defend_G","Defend_G","Defend_G","Strike_G","Strike_G","Strike_G","Survivor","Neutralize+1","A Thousand Cuts+1","Leg Sweep+1","Dagger Spray","Dash+1","Choke","Storm of Steel","Setup+1","Dodge and Roll","Corpse Explosion","Well Laid Plans","Blade Dance","PiercingWail","Dodge and Roll"],"relics":["Ring of the Snake","Golden Idol","Pen Nib","Pear","Oddly Smooth Stone","Philosopher\u0027s Stone","Tough Bandages"],"potions_floor_usage":[11,11,24],"damage_taken":[{"damage":7,"enemies":"Cultist","floor":1,"turns":5},{"damage":0,"enemies":"2 Louse","floor":2,"turns":5},{"damage":3,"enemies":"Small Slimes","floor":3,"turns":5},{"damage":12,"enemies":"Exordium Wildlife","floor":7,"turns":5},{"damage":6,"enemies":"Gremlin Nob","floor":11,"turns":3},{"damage":3,"enemies":"Large Slime","floor":12,"turns":6},{"damage":9,"enemies":"The Guardian","floor":16,"turns":18},{"damage":17,"enemies":"2 Thieves","floor":18,"turns":4},{"damage":9,"enemies":"Shell Parasite","floor":19,"turns":7},{"damage":13,"enemies":"Centurion and Healer","floor":20,"turns":6},{"damage":3,"enemies":"Cultist and Chosen","floor":21,"turns":6},{"damage":44,"enemies":"Gremlin Leader","floor":24,"turns":4}],"seed_played":"-2140605339239134272","potions_obtained":[{"floor":3,"key":"SteroidPotion"},{"floor":7,"key":"Regen Potion"},{"floor":19,"key":"EssenceOfSteel"},{"floor":20,"key":"GamblersBrew"}],"is_trial":false,"path_per_floor":["M","M","M","?","?","R","M","R","T","R","E","M","R","?","R","B",null,"M","M","M","M","$","R","E"],"character_chosen":"THE_SILENT","items_purchased":["Tough Bandages"],"campfire_rested":1,"item_purchase_floors":[22],"current_hp_per_floor":[52,52,49,33,33,33,21,21,21,21,34,31,31,19,19,10,60,43,34,21,18,18,40,0],"gold":14,"neow_bonus":"ONE_RANDOM_RARE_CARD","is_prod":false,"is_daily":false,"chose_seed":false,"campfire_upgraded":5,"win_rate":0,"timestamp":1560333019,"path_taken":["M","M","?","?","?","R","M","R","T","R","E","M","R","?","R","BOSS","M","M","M","M","$","R","E"],"build_version":"2019-01-23","purchased_purges":1,"victory":false,"max_hp_per_floor":[66,66,66,66,66,66,66,66,66,66,76,76,76,76,76,76,76,76,76,76,76,76,76,76],"card_choices":[{"not_picked":["Prepared","Dagger Spray"],"picked":"Leg Sweep","floor":1},{"not_picked":["Deadly Poison","Flechettes"],"picked":"Dagger Spray","floor":2},{"not_picked":["Blade Dance","Prepared"],"picked":"Dash","floor":3},{"not_picked":["Backflip","Catalyst"],"picked":"Storm of Steel","floor":7},{"not_picked":["Sucker Punch","Poisoned Stab"],"picked":"Setup","floor":11},{"not_picked":["Sucker Punch","Slice"],"picked":"Dodge and Roll","floor":12},{"not_picked":["Unload","Adrenaline"],"picked":"Corpse Explosion","floor":16},{"not_picked":["Dagger Spray","Predator"],"picked":"Well Laid Plans","floor":18},{"not_picked":["Prepared+1","Bane"],"picked":"Blade Dance","floor":19},{"not_picked":["Crippling Poison","Blade Dance"],"picked":"PiercingWail","floor":20},{"not_picked":["PiercingWail","Bane"],"picked":"Dodge and Roll","floor":21}],"player_experience":1038100,"relics_obtained":[{"floor":9,"key":"Pen Nib"},{"floor":11,"key":"Pear"}],"event_choices":[{"damage_healed":0,"gold_gain":0,"player_choice":"Take Damage","damage_taken":16,"relics_obtained":["Golden Idol"],"max_hp_gain":0,"max_hp_loss":0,"event_name":"Golden Idol","floor":4,"gold_loss":0},{"damage_healed":0,"gold_gain":0,"cards_transformed":["Strike_G"],"player_choice":"Change","damage_taken":0,"max_hp_gain":0,"max_hp_loss":0,"event_name":"Living Wall","floor":5,"gold_loss":0,"cards_obtained":["Choke"]},{"damage_healed":0,"gold_gain":0,"player_choice":"Success","damage_taken":12,"relics_obtained":["Oddly Smooth Stone"],"max_hp_gain":0,"max_hp_loss":0,"event_name":"Scrap Ooze","floor":14,"gold_loss":0}],"is_beta":false,"boss_relics":[{"not_picked":["WristBlade","Orrery"],"picked":"Philosopher\u0027s Stone"}],"items_purged_floors":[22],"is_endless":false,"potions_floor_spawned":[3,7,19,20],"killed_by":"Gremlin Leader","ascension_level":14}