{"gold_per_floor":[109,121,46,46,58,58,88,106,106,106],"floor_reached":10,"playtime":208,"items_purged":[],"score":58,"play_id":"f37d4376-776d-49ea-acc5-6eae28245d30","local_time":"20190610051907","is_ascension_mode":false,"campfire_choices":[{"data":"Zap","floor":6,"key":"SMITH"}],"neow_cost":"PERCENT_DAMAGE","seed_source_timestamp":859004063517084,"circlet_count":0,"master_deck":["Strike_B","Strike_B","Strike_B","Strike_B","Defend_B","Defend_B","Defend_B","Defend_B","Zap+1","Dualcast","Echo Form","FTL","Core Surge","Double Energy","Cold Snap"],"relics":["Cracked Core","Odd Mushroom","Pear"],"potions_floor_usage":[],"damage_taken":[{"damage":1,"enemies":"Cultist","floor":1,"turns":3},{"damage":1,"enemies":"2 Louse","floor":2,"turns":2},{"damage":15,"enemies":"Small Slimes","floor":5,"turns":3},{"damage":18,"enemies":"The Mushroom Lair","floor":7,"turns":3},{"damage":5,"enemies":"Looter","floor":8,"turns":2},{"damage":24,"enemies":"Lagavulin","floor":10,"turns":3}],"seed_played":"-3172666074152367810","potions_obtained":[{"floor":2,"key":"SkillPotion"}],"is_trial":false,"path_per_floor":["M","M","$","$","M","R","?","M","T","E"],"character_chosen":"DEFECT","items_purchased":["Core Surge"],"campfire_rested":0,"item_purchase_floors":[3],"current_hp_per_floor":[53,52,52,52,37,37,19,14,24,0],"gold":106,"neow_bonus":"THREE_RARE_CARDS","is_prod":false,"is_daily":false,"chose_seed":false,"campfire_upgraded":1,"win_rate":0,"timestamp":1560111547,"path_taken":["M","M","?","$","M","R","?","M","T","E"],"build_version":"2019-01-23","purchased_purges":0,"victory":false,"max_hp_per_floor":[75,75,75,75,75,75,75,75,85,85],"card_choices":[{"not_picked":["Creative AI","Amplify"],"picked":"Echo Form","floor":0},{"not_picked":["Ball Lightning","Compile Driver"],"picked":"FTL","floor":1},{"not_picked":["Compile Driver","Redo","Turbo"],"picked":"SKIP","floor":2},{"not_picked":["Compile Driver","Leap","Darkness"],"picked":"SKIP","floor":5},{"not_picked":["Sweeping Beam","Reprogram"],"picked":"Double Energy","floor":7},{"not_picked":["Meteor Strike","Compile Driver"],"picked":"Cold Snap","floor":8}],"player_experience":1006083,"relics_obtained":[{"floor":7,"key":"Odd Mushroom"},{"floor":9,"key":"Pear"}],"event_choices":[{"damage_healed":0,"gold_gain":0,"player_choice":"Fought Mushrooms","damage_taken":0,"max_hp_gain":0,"max_hp_loss":0,"event_name":"Mushrooms","floor":7,"gold_loss":0}],"is_beta":false,"boss_relics":[],"items_purged_floors":[],"is_endless":false,"potions_floor_spawned":[2],"killed_by":"Lagavulin","ascension_level":0}