{"gold_per_floor":[119,119,43,59,73,73,113,113,113,125,156,181,44,44],"floor_reached":14,"playtime":509,"items_purged":["Strike_G"],"score":180,"play_id":"ce2148c7-8d2f-403e-a1c1-590ac963e0ba","local_time":"20190620194405","is_ascension_mode":true,"campfire_choices":[{"data":"Bouncing Flask","floor":6,"key":"SMITH"}],"neow_cost":"NONE","seed_source_timestamp":642835553638000,"circlet_count":0,"master_deck":["AscendersBane","Defend_G","Defend_G","Defend_G","Defend_G","Defend_G","Strike_G","Strike_G","Strike_G","Strike_G","Survivor","Neutralize","Noxious Fumes","Bouncing Flask+1","PiercingWail","Backflip","Tools of the Trade","Dagger Spray","Slice","Well Laid Plans"],"special_seed":0,"relics":["Ring of the Snake","Golden Idol","Ornamental Fan","MawBank","Dream Catcher"],"potions_floor_usage":[7],"damage_taken":[{"damage":4.0,"enemies":"Small Slimes","floor":1.0,"turns":4.0},{"damage":4,"enemies":"Jaw Worm","floor":4,"turns":4},{"damage":0,"enemies":"Cultist","floor":5,"turns":4},{"damage":35,"enemies":"3 Sentries","floor":7,"turns":8},{"damage":3,"enemies":"Exordium Wildlife","floor":11,"turns":4},{"damage":3,"enemies":"Exordium Thugs","floor":12,"turns":5},{"damage":20,"enemies":"The Mushroom Lair","floor":14,"turns":2}],"seed_played":"1104931967194066304","potions_obtained":[{"floor":1.0,"key":"PowerPotion"},{"floor":5,"key":"PowerPotion"}],"is_trial":false,"path_per_floor":["M","?","$","M","M","R","E","?","T","T","M","M","$","?"],"character_chosen":"THE_SILENT","items_purchased":["Bouncing Flask","Well Laid Plans"],"campfire_rested":0,"item_purchase_floors":[3,13],"current_hp_per_floor":[61,61,61,57,57,57,22,22,22,22,19,16,16,0],"gold":44,"neow_bonus":"TEN_PERCENT_HP_BONUS","is_prod":false,"is_daily":false,"chose_seed":false,"campfire_upgraded":1,"win_rate":0,"timestamp":1561049045,"path_taken":["M","?","$","M","M","R","E","?","T","?","M","?","$","?"],"build_version":"2019-01-23","purchased_purges":1,"victory":false,"max_hp_per_floor":[72,65,65,65,65,65,65,65,65,65,65,65,65,65],"card_choices":[{"not_picked":["Concentrate","Blur"],"picked":"Noxious Fumes","floor":1.0},{"not_picked":["Flechettes","Blade Dance"],"picked":"PiercingWail","floor":4},{"not_picked":["Bouncing Flask","Accuracy"],"picked":"Backflip","floor":5},{"not_picked":["Noxious Fumes","Concentrate"],"picked":"Tools of the Trade","floor":7},{"not_picked":["Noxious Fumes","Concentrate"],"picked":"Dagger Spray","floor":11},{"not_picked":["Deflect","Underhanded Strike"],"picked":"Slice","floor":12}],"player_experience":1149669,"relics_obtained":[{"floor":7,"key":"Ornamental Fan"},{"floor":9,"key":"MawBank"},{"floor":10,"key":"Dream Catcher"}],"event_choices":[{"damage_healed":0.0,"max_hp_gain":0.0,"max_hp_loss":7.0,"gold_gain":0.0,"event_name":"Golden Idol","player_choice":"Lose Max HP","floor":2.0,"gold_loss":0.0,"damage_taken":0.0,"relics_obtained":["Golden Idol"]},{"damage_healed":0,"gold_gain":0,"player_choice":"Ignored","damage_taken":0,"max_hp_gain":0,"max_hp_loss":0,"event_name":"Shining Light","floor":8,"gold_loss":0},{"damage_healed":0,"gold_gain":0,"player_choice":"Fought Mushrooms","damage_taken":0,"max_hp_gain":0,"max_hp_loss":0,"event_name":"Mushrooms","floor":14,"gold_loss":0}],"is_beta":false,"boss_relics":[],"items_purged_floors":[13],"is_endless":false,"potions_floor_spawned":[1,5],"killed_by":"The Mushroom Lair","ascension_level":20}