{"gold_per_floor":[114,128,128,140,140,166,166,178,201,201,213,213,227,240,240,314,314,324,26,26,26,25,25],"floor_reached":23,"playtime":1319,"items_purged":["Strike_B"],"score":367,"play_id":"ab78f725-8cb1-46b7-aec9-823cf70e6ffa","local_time":"20190306193727","is_ascension_mode":true,"campfire_choices":[{"data":"Zap","floor":7.0,"key":"SMITH"},{"data":"Chaos","floor":10.0,"key":"SMITH"},{"data":"Dualcast","floor":12.0,"key":"SMITH"},{"data":"Melter","floor":15.0,"key":"SMITH"}],"neow_cost":"NONE","seed_source_timestamp":0,"circlet_count":0,"master_deck":["AscendersBane","Defend_B","Defend_B","Defend_B","Zap+1","Dualcast+1","Melter+1","Cold Snap","Conserve Battery","Chaos+1","Compile Driver","Conserve Battery","Genetic Algorithm","Glacier","Multi-Cast","Self Repair","Self Repair"],"special_seed":0,"relics":["Cracked Core","Oddly Smooth Stone","DataDisk","Philosopher\u0027s Stone","ClockworkSouvenir"],"potions_floor_usage":[],"damage_taken":[{"damage":4.0,"enemies":"Jaw Worm","floor":1.0,"turns":3.0},{"damage":1.0,"enemies":"Cultist","floor":2.0,"turns":3.0},{"damage":0.0,"enemies":"2 Louse","floor":4.0,"turns":2.0},{"damage":5.0,"enemies":"Gremlin Nob","floor":6.0,"turns":3.0},{"damage":0.0,"enemies":"Red Slaver","floor":8.0,"turns":3.0},{"damage":5.0,"enemies":"Lots of Slimes","floor":11.0,"turns":4.0},{"damage":14.0,"enemies":"3 Louse","floor":13.0,"turns":2.0},{"damage":0.0,"enemies":"Exordium Thugs","floor":14.0,"turns":3.0},{"damage":12.0,"enemies":"Slime Boss","floor":16.0,"turns":7.0},{"damage":19,"enemies":"Chosen","floor":18,"turns":5},{"damage":0,"enemies":"2 Thieves","floor":22,"turns":4},{"damage":30,"enemies":"Book of Stabbing","floor":23,"turns":7}],"seed_played":"-1086636515492247756","potions_obtained":[{"floor":2.0,"key":"PowerPotion"},{"floor":6.0,"key":"FearPotion"},{"floor":8.0,"key":"Ancient Potion"}],"is_trial":false,"path_per_floor":["M","M","?","M","?","E","R","M","T","R","M","R","M","M","R","B",null,"M","$","?","?","M","E"],"character_chosen":"DEFECT","items_purchased":["ClockworkSouvenir"],"campfire_rested":0,"item_purchase_floors":[19],"current_hp_per_floor":[60,59,59,59,59,54,54,54,54,54,49,49,35,35,35,23,59,40,40,20,20,27,0],"gold":25,"neow_bonus":"REMOVE_CARD","is_prod":false,"is_daily":false,"chose_seed":false,"campfire_upgraded":4,"win_rate":0,"timestamp":1551893847,"path_taken":["M","M","?","?","?","E","R","?","T","R","M","R","M","M","R","BOSS","M","$","?","?","M","E"],"build_version":"2019-01-23","purchased_purges":1,"victory":false,"max_hp_per_floor":[71,71,71,71,71,71,71,71,71,71,71,71,71,71,71,71,71,71,71,76,76,76,76],"card_choices":[{"not_picked":["Beam Cell","Hologram"],"picked":"Melter","floor":1.0},{"not_picked":["Redo","Tempest"],"picked":"Cold Snap","floor":2.0},{"not_picked":["Rainbow","Blizzard"],"picked":"Conserve Battery","floor":4.0},{"not_picked":["Stack","Conserve Battery"],"picked":"Compile Driver","floor":6.0},{"not_picked":["Coolheaded","Gash"],"picked":"Conserve Battery","floor":8.0},{"not_picked":["Stack","Rebound"],"picked":"Genetic Algorithm","floor":11.0},{"not_picked":["Barrage","Conserve Battery","Chill"],"picked":"SKIP","floor":13.0},{"not_picked":["Chaos","Lockon"],"picked":"Glacier","floor":14.0},{"not_picked":["Thunder Strike","Reboot"],"picked":"Multi-Cast","floor":16.0},{"not_picked":["Rip and Tear","Hologram"],"picked":"Self Repair","floor":18},{"not_picked":["Consume","Ball Lightning"],"picked":"Self Repair","floor":22}],"player_experience":905011,"relics_obtained":[{"floor":6.0,"key":"Oddly Smooth Stone"},{"floor":9.0,"key":"DataDisk"}],"event_choices":[{"cards_removed":["Strike_B"],"damage_healed":0.0,"max_hp_gain":0.0,"max_hp_loss":0.0,"gold_gain":0.0,"event_name":"Bonfire Elementals","player_choice":"Offered Basic","floor":3.0,"gold_loss":0.0,"damage_taken":0.0},{"damage_healed":0.0,"max_hp_gain":0.0,"max_hp_loss":0.0,"gold_gain":0.0,"cards_transformed":["Defend_B"],"event_name":"Transmorgrifier","player_choice":"Transformed","floor":5.0,"gold_loss":0.0,"damage_taken":0.0,"cards_obtained":["Chaos"]},{"damage_healed":0,"gold_gain":0,"player_choice":"Shed Blood","damage_taken":25,"max_hp_gain":5,"max_hp_loss":0,"event_name":"Forgotten Altar","floor":20,"gold_loss":0},{"cards_removed":["Strike_B"],"damage_healed":0,"gold_gain":0,"player_choice":"Elegance","damage_taken":0,"max_hp_gain":0,"max_hp_loss":0,"event_name":"Back to Basics","floor":21,"gold_loss":0}],"is_beta":false,"boss_relics":[{"not_picked":["Calling Bell","Astrolabe"],"picked":"Philosopher\u0027s Stone"}],"items_purged_floors":[19],"is_endless":false,"potions_floor_spawned":[2,6,8,11],"killed_by":"Book of Stabbing","ascension_level":18}