{"gold_per_floor":[118,128,143,158,168,168,203,203,203,229,229,229,263,263,263,263],"floor_reached":16,"playtime":701,"items_purged":[],"score":240,"play_id":"a94f08f3-27a5-460d-8d7c-b2f02aa626eb","local_time":"20190509184739","is_ascension_mode":true,"campfire_choices":[{"data":"Uppercut","floor":6,"key":"SMITH"},{"data":"Shockwave","floor":8,"key":"SMITH"},{"data":"Feel No Pain","floor":12,"key":"SMITH"},{"data":"Anger","floor":15,"key":"SMITH"}],"neow_cost":"NONE","seed_source_timestamp":85754391789000,"circlet_count":0,"master_deck":["AscendersBane","Strike_R","Strike_R","Strike_R","Defend_R","Defend_R","Defend_R","Defend_R","Bash","Armaments","Anger+1","Shockwave+1","Uppercut+1","Impervious","Feel No Pain+1","Rage"],"relics":["Burning Blood","Mummified Hand","Centennial Puzzle","Juzu Bracelet","Meat on the Bone"],"potions_floor_usage":[],"damage_taken":[{"damage":3,"enemies":"Cultist","floor":1,"turns":5},{"damage":6,"enemies":"Small Slimes","floor":2,"turns":5},{"damage":4,"enemies":"Jaw Worm","floor":3,"turns":5},{"damage":3,"enemies":"2 Fungi Beasts","floor":4,"turns":3},{"damage":26,"enemies":"Exordium Wildlife","floor":5,"turns":4},{"damage":31,"enemies":"Gremlin Nob","floor":7,"turns":4},{"damage":10,"enemies":"Lagavulin","floor":10,"turns":6},{"damage":12,"enemies":"3 Sentries","floor":13,"turns":10},{"damage":43,"enemies":"Slime Boss","floor":16,"turns":9}],"seed_played":"-8970124478445194499","potions_obtained":[{"floor":2,"key":"Weak Potion"},{"floor":4,"key":"Dexterity Potion"}],"is_trial":false,"path_per_floor":["M","M","M","M","M","R","E","R","T","E","?","R","E","?","R","B"],"character_chosen":"IRONCLAD","items_purchased":[],"campfire_rested":0,"item_purchase_floors":[],"current_hp_per_floor":[71,71,73,75,55,55,30,30,30,26,51,51,45,38,38,0],"gold":263,"neow_bonus":"REMOVE_CARD","is_prod":false,"is_daily":false,"chose_seed":false,"campfire_upgraded":4,"win_rate":0,"timestamp":1557416859,"path_taken":["M","?","?","M","M","R","E","R","T","E","?","R","E","?","R","BOSS"],"build_version":"2019-01-23","purchased_purges":0,"victory":false,"max_hp_per_floor":[75,75,75,75,75,75,75,75,75,75,75,75,75,75,75,75],"card_choices":[{"not_picked":["Body Slam","Wild Strike"],"picked":"Armaments","floor":1},{"not_picked":["Wild Strike","Clash"],"picked":"Anger","floor":2},{"not_picked":["Wild Strike","Rampage"],"picked":"Shockwave","floor":3},{"not_picked":["Armaments","Warcry"],"picked":"Uppercut","floor":4},{"not_picked":["Anger","Wild Strike","Uppercut"],"picked":"SKIP","floor":5},{"not_picked":["Rage","True Grit"],"picked":"Impervious","floor":7},{"not_picked":["Rampage","Carnage"],"picked":"Feel No Pain","floor":10},{"not_picked":["Pummel","Intimidate"],"picked":"Rage","floor":13}],"player_experience":1003289,"relics_obtained":[{"floor":7,"key":"Mummified Hand"},{"floor":9,"key":"Centennial Puzzle"},{"floor":10,"key":"Juzu Bracelet"},{"floor":13,"key":"Meat on the Bone"}],"event_choices":[{"damage_healed":25,"gold_gain":0,"player_choice":"Banana","damage_taken":0,"max_hp_gain":0,"max_hp_loss":0,"event_name":"Big Fish","floor":11,"gold_loss":0},{"cards_removed":["Strike_R"],"damage_healed":0,"gold_gain":0,"player_choice":"Card Removal","damage_taken":7,"max_hp_gain":0,"max_hp_loss":0,"event_name":"Golden Wing","floor":14,"gold_loss":0}],"is_beta":false,"boss_relics":[],"items_purged_floors":[],"is_endless":false,"potions_floor_spawned":[2,4],"killed_by":"Slime Boss","ascension_level":20}