{"gold_per_floor":[115,69,3,16,34,34,52,52,78,93,93,93,179,179,179,277,277,295,395,445,455,455,455,487,498,523,301,317,317,330,230,230,335,335,348,361,381,428,528,403,403,403,427,446,46,46,46,63,63,63],"floor_reached":51,"playtime":1025,"items_purged":["Strike_R","Strike_R","Strike_R","Defend_R"],"score":780,"play_id":"72821354-6325-481f-acd6-2ce49833dcd4","local_time":"20190630194422","is_ascension_mode":false,"campfire_choices":[{"data":"Flex","floor":6.0,"key":"SMITH"},{"data":"Heavy Blade","floor":12.0,"key":"SMITH"},{"data":"Bash","floor":15.0,"key":"SMITH"},{"data":"Double Tap","floor":23.0,"key":"SMITH"},{"data":"Flex","floor":29.0,"key":"SMITH"},{"data":"Clothesline","floor":32.0,"key":"SMITH"},{"data":"Spot Weakness","floor":47.0,"key":"SMITH"},{"data":"Metallicize","floor":49,"key":"SMITH"}],"neow_cost":"NONE","seed_source_timestamp":8851841542707,"circlet_count":0,"master_deck":["Strike_R","Strike_R","Defend_R","Defend_R","Bash+1","Heavy Blade+1","Flex+1","Battle Trance","Clothesline+1","Spot Weakness+1","Double Tap+1","Thunderclap","Pummel+1","Flex+1","Battle Trance","Havoc+1","Whirlwind+1","Metallicize+1"],"special_seed":0,"relics":["Mark of Pain","Bag of Preparation","Bag of Marbles","Tiny Chest","Champion Belt","Runic Dome","Gambling Chip","Pantograph","Potion Belt","Centennial Puzzle","Pen Nib","Juzu Bracelet","Coffee Dripper","Strawberry","Nunchaku","PreservedInsect","Smiling Mask","Brimstone"],"potions_floor_usage":[50,50,50,50,50],"damage_taken":[{"damage":1.0,"enemies":"Cultist","floor":1.0,"turns":3.0},{"damage":0.0,"enemies":"Small Slimes","floor":4.0,"turns":2.0},{"damage":0.0,"enemies":"2 Louse","floor":5.0,"turns":2.0},{"damage":7.0,"enemies":"Large Slime","floor":7.0,"turns":5.0},{"damage":0.0,"enemies":"2 Fungi Beasts","floor":10.0,"turns":2.0},{"damage":0.0,"enemies":"Gremlin Nob","floor":13.0,"turns":2.0},{"damage":36.0,"enemies":"The Guardian","floor":16.0,"turns":7.0},{"damage":5.0,"enemies":"3 Byrds","floor":18.0,"turns":4.0},{"damage":5.0,"enemies":"Colosseum Slavers","floor":19.0,"turns":2.0},{"damage":5.0,"enemies":"Colosseum Nobs","floor":19.0,"turns":3.0},{"damage":0.0,"enemies":"Shell Parasite","floor":21.0,"turns":1.0},{"damage":0.0,"enemies":"Book of Stabbing","floor":24.0,"turns":1.0},{"damage":0.0,"enemies":"Centurion and Healer","floor":25.0,"turns":1.0},{"damage":0.0,"enemies":"Sentry and Sphere","floor":28.0,"turns":2.0},{"damage":0.0,"enemies":"Cultist and Chosen","floor":30.0,"turns":1.0},{"damage":16.0,"enemies":"Champ","floor":33.0,"turns":6.0},{"damage":9.0,"enemies":"3 Shapes","floor":35.0,"turns":2.0},{"damage":12.0,"enemies":"3 Darklings","floor":36.0,"turns":3.0},{"damage":0.0,"enemies":"Writhing Mass","floor":37.0,"turns":1.0},{"damage":0.0,"enemies":"Mind Bloom Boss Battle","floor":39.0,"turns":1.0},{"damage":0.0,"enemies":"Spire Growth","floor":44.0,"turns":1.0},{"damage":0,"enemies":"Transient","floor":48,"turns":4},{"damage":0,"enemies":"Awakened One","floor":50,"turns":3}],"seed_played":"2462675172658192446","potions_obtained":[{"floor":4.0,"key":"PowerPotion"},{"floor":5.0,"key":"Weak Potion"},{"floor":10.0,"key":"SpeedPotion"},{"floor":13.0,"key":"Poison Potion"},{"floor":16.0,"key":"SkillPotion"},{"floor":21.0,"key":"Fruit Juice"},{"floor":28.0,"key":"Swift Potion"},{"floor":30.0,"key":"SkillPotion"},{"floor":35.0,"key":"Poison Potion"},{"floor":37.0,"key":"Block Potion"}],"is_trial":false,"path_per_floor":["M","$","?","M","M","R","M","?","T","M","?","R","?","T","R","B",null,"M","?","?","M","T","R","E","M","T","$","M","R","M","$","R","B",null,"M","M","M","T","?","$","?","T","T","M","$","?","R","M","R","B",null],"character_chosen":"IRONCLAD","items_purchased":["Flex","Juzu Bracelet","Brimstone","Metallicize","EssenceOfSteel"],"campfire_rested":0,"item_purchase_floors":[2,27,45,45,45],"current_hp_per_floor":[79,79,79,79,79,79,72,72,72,72,77,77,77,77,77,41,85,80,70,70,75,75,75,75,75,75,75,75,75,75,75,75,74,90,81,69,69,76,97,97,97,97,97,97,97,92,92,92,92,92],"gold":63,"neow_bonus":"BOSS_RELIC","is_prod":false,"is_daily":false,"chose_seed":false,"campfire_upgraded":8,"win_rate":0,"timestamp":1561945462,"path_taken":["M","$","?","M","?","R","M","?","T","?","?","R","?","?","R","BOSS","M","?","?","?","?","R","E","M","T","?","M","R","M","$","R","BOSS","M","M","M","?","?","?","?","?","T","M","$","?","R","M","R","BOSS"],"build_version":"2019-01-23","purchased_purges":4,"victory":true,"max_hp_per_floor":[80,80,80,80,80,80,80,80,80,80,85,85,85,85,85,85,85,85,85,85,90,90,90,90,90,90,90,90,90,90,90,90,90,90,90,90,90,97,97,97,97,97,97,97,97,92,92,92,92,92],"card_choices":[{"not_picked":["Headbutt","Blood for Blood"],"picked":"Heavy Blade","floor":1.0},{"not_picked":["Feel No Pain","Second Wind"],"picked":"Battle Trance","floor":4.0},{"not_picked":["Combust","Fire Breathing"],"picked":"Clothesline","floor":5.0},{"not_picked":["Clash","Shrug It Off","Warcry"],"picked":"SKIP","floor":7.0},{"not_picked":["Searing Blow","Berserk","Intimidate"],"picked":"SKIP","floor":10.0},{"not_picked":["Seeing Red","Body Slam"],"picked":"Spot Weakness","floor":13.0},{"not_picked":["Bludgeon","Reaper"],"picked":"Double Tap","floor":16.0},{"not_picked":["Body Slam","Clash","Havoc"],"picked":"SKIP","floor":18.0},{"not_picked":["Clash","Entrench"],"picked":"Thunderclap","floor":21.0},{"not_picked":["True Grit","Twin Strike+1"],"picked":"Pummel+1","floor":24.0},{"not_picked":["Pommel Strike","Cleave+1","Anger"],"picked":"SKIP","floor":25.0},{"not_picked":["Reckless Charge","Dropkick+1"],"picked":"Flex","floor":28.0},{"not_picked":["Cleave","Dark Embrace"],"picked":"Battle Trance","floor":30.0},{"not_picked":["Cleave","Twin Strike","Warcry"],"picked":"SKIP","floor":35.0},{"not_picked":["Iron Wave","Armaments","Perfected Strike+1"],"picked":"SKIP","floor":36.0},{"not_picked":["Clothesline+1","Headbutt"],"picked":"Havoc+1","floor":37.0},{"not_picked":["Body Slam+1","Corruption+1"],"picked":"Whirlwind+1","floor":39.0},{"not_picked":["Feed","Warcry","Anger"],"picked":"SKIP","floor":44.0},{"not_picked":["Rupture+1","Wild Strike","Armaments"],"picked":"SKIP","floor":48}],"player_experience":1521575,"relics_obtained":[{"floor":9.0,"key":"Bag of Marbles"},{"floor":13.0,"key":"Tiny Chest"},{"floor":14.0,"key":"Champion Belt"},{"floor":19.0,"key":"Gambling Chip"},{"floor":19.0,"key":"Pantograph"},{"floor":22.0,"key":"Potion Belt"},{"floor":24.0,"key":"Centennial Puzzle"},{"floor":26.0,"key":"Pen Nib"},{"floor":38.0,"key":"Strawberry"},{"floor":39.0,"key":"Nunchaku"},{"floor":42.0,"key":"PreservedInsect"},{"floor":43.0,"key":"Smiling Mask"}],"event_choices":[{"damage_healed":0.0,"max_hp_gain":0.0,"max_hp_loss":0.0,"gold_gain":0.0,"event_name":"WeMeetAgain","player_choice":"Paid Gold","floor":3.0,"gold_loss":66.0,"damage_taken":0.0,"relics_obtained":["Bag of Preparation"]},{"cards_removed":["Defend_R"],"damage_healed":0.0,"max_hp_gain":0.0,"max_hp_loss":0.0,"gold_gain":0.0,"event_name":"Purifier","player_choice":"Purged","floor":8.0,"gold_loss":0.0,"damage_taken":0.0},{"damage_healed":0.0,"max_hp_gain":5.0,"max_hp_loss":0.0,"gold_gain":0.0,"event_name":"Big Fish","player_choice":"Donut","floor":11.0,"gold_loss":0.0,"damage_taken":0.0},{"damage_healed":0.0,"max_hp_gain":0.0,"max_hp_loss":0.0,"gold_gain":30.0,"event_name":"Dead Adventurer","player_choice":"Searched \u00273\u0027 times","floor":13.0,"gold_loss":0.0,"damage_taken":0.0},{"damage_healed":0.0,"max_hp_gain":0.0,"max_hp_loss":0.0,"gold_gain":0.0,"event_name":"Colosseum","player_choice":"Fight","floor":19.0,"gold_loss":0.0,"damage_taken":0.0},{"damage_healed":0.0,"max_hp_gain":0.0,"max_hp_loss":0.0,"gold_gain":0.0,"event_name":"Colosseum","player_choice":"Fought Nobs","floor":19.0,"gold_loss":0.0,"damage_taken":0.0},{"damage_healed":0.0,"max_hp_gain":0.0,"max_hp_loss":0.0,"gold_gain":100.0,"event_name":"The Joust","player_choice":"Bet on Murderer","floor":20.0,"gold_loss":50.0,"damage_taken":0.0},{"damage_healed":0.0,"max_hp_gain":0.0,"max_hp_loss":0.0,"gold_gain":0.0,"event_name":"MindBloom","player_choice":"Fight","floor":39.0,"gold_loss":0.0,"damage_taken":0.0},{"damage_healed":0.0,"max_hp_gain":0.0,"max_hp_loss":0.0,"gold_gain":0.0,"event_name":"Tomb of Lord Red Mask","player_choice":"Ignored","floor":41.0,"gold_loss":0.0,"damage_taken":0.0},{"damage_healed":0.0,"max_hp_gain":0.0,"max_hp_loss":5.0,"gold_gain":0.0,"event_name":"Winding Halls","player_choice":"Max HP","floor":46.0,"gold_loss":0.0,"damage_taken":0.0}],"is_beta":false,"boss_relics":[{"not_picked":["Black Star","Velvet Choker"],"picked":"Runic Dome"},{"not_picked":["White Beast Statue","Fusion Hammer"],"picked":"Coffee Dripper"}],"items_purged_floors":[27,31,40,45],"is_endless":false,"potions_floor_spawned":[4,5,10,13,16,18,19,21,28,30,35,37],"ascension_level":0}