{"gold_per_floor":[114,189,189,43,55,85,37,47,47,47,47,61,12,12,12,111,111,123,123,139,539,539,539,539,539,539,539,554,554,574,34,34,34],"floor_reached":33,"playtime":3576,"items_purged":[],"score":266,"play_id":"a89f5bb6-c1bc-478b-b86a-23b769fe8fa6","local_time":"20181113033309","is_ascension_mode":false,"campfire_choices":[{"data":"Thunderclap","floor":11,"key":"SMITH"},{"data":"Cleave","floor":15,"key":"SMITH"},{"floor":23,"key":"REST"},{"data":"Iron Wave","floor":25,"key":"SMITH"},{"data":"Reckless Charge","floor":27,"key":"SMITH"},{"floor":29,"key":"REST"},{"floor":32,"key":"REST"}],"neow_cost":"NONE","seed_source_timestamp":1252510066437366,"circlet_count":0,"master_deck":["Strike_R","Strike_R","Strike_R","Strike_R","Strike_R","Defend_R","Defend_R","Defend_R","Defend_R+1","Bash","Shrug It Off","Thunderclap","Iron Wave+1","Ghostly Armor","Cleave+1","Reckless Charge+1","Thunderclap+1","True Grit","Double Tap","Cleave","Berserk","Iron Wave","Rage+1","Cleave+1","Flame Barrier","Twin Strike","Sadistic Nature","Brutality","Forethought","Intimidate","Reckless Charge"],"relics":["Black Blood","Bottled Lightning","Bronze Scales","Paper Frog","MutagenicStrength","Old Coin","Question Card","Nloth\u0027s Gift","Mercury Hourglass"],"potions_floor_usage":[16,16,21,21],"damage_taken":[{"damage":0,"enemies":"Small Slimes","floor":1,"turns":1},{"damage":0,"enemies":"Jaw Worm","floor":5,"turns":1},{"damage":0,"enemies":"Lagavulin","floor":6,"turns":1},{"damage":0,"enemies":"2 Louse","floor":8,"turns":2},{"damage":5,"enemies":"Looter","floor":12,"turns":2},{"damage":84,"enemies":"The Guardian","floor":16,"turns":14},{"damage":23,"enemies":"Shell Parasite","floor":18,"turns":6},{"damage":0,"enemies":"3 Byrds","floor":20,"turns":2},{"damage":16,"enemies":"Colosseum Slavers","floor":21,"turns":3},{"damage":35,"enemies":"Colosseum Nobs","floor":21,"turns":4},{"damage":29,"enemies":"Snecko","floor":28,"turns":5},{"damage":22,"enemies":"Snake Plant","floor":30,"turns":4},{"damage":92,"enemies":"Champ","floor":33,"turns":10}],"seed_played":"7843065435721427607","potions_obtained":[{"floor":5,"key":"SteroidPotion"},{"floor":8,"key":"Regen Potion"},{"floor":16,"key":"SteroidPotion"},{"floor":20,"key":"Energy Potion"},{"floor":21,"key":"Block Potion"},{"floor":30,"key":"PowerPotion"}],"is_trial":false,"path_per_floor":["M","?","?","$","M","E","$","M","T","T","R","M","$","?","R","B",null,"M","?","M","?","?","R","?","R","T","R","M","R","M","$","R","B"],"character_chosen":"IRONCLAD","items_purchased":["Thunderclap","Iron Wave","Ghostly Armor","Thunderclap","Cleave","Sadistic Nature","Brutality","Forethought","Intimidate","Reckless Charge"],"campfire_rested":3,"item_purchase_floors":[4,4,4,7,13,31,31,31,31,31],"current_hp_per_floor":[80,69,69,69,75,80,80,80,80,80,80,80,80,80,80,17,80,67,67,77,46,46,70,70,70,70,70,51,75,63,63,80,0],"gold":34,"neow_bonus":"THREE_ENEMY_KILL","is_prod":false,"is_daily":false,"chose_seed":false,"campfire_upgraded":4,"win_rate":0.0,"timestamp":1542079989,"path_taken":["M","?","?","$","M","E","?","M","T","?","R","M","$","?","R","BOSS","M","?","M","?","?","R","?","R","T","R","M","R","M","$","R","BOSS"],"build_version":"2018-11-08","purchased_purges":0,"victory":false,"max_hp_per_floor":[80,80,80,80,80,80,80,80,80,80,80,80,80,80,80,80,80,80,80,80,80,80,80,80,80,80,80,80,80,80,80,80,80],"card_choices":[{"not_picked":["Entrench","Rage"],"picked":"Shrug It Off","floor":1},{"not_picked":["Iron Wave","Infernal Blade"],"picked":"Cleave","floor":5},{"not_picked":["Sword Boomerang","Carnage"],"picked":"Reckless Charge","floor":6},{"not_picked":["Dual Wield","Flex"],"picked":"True Grit","floor":8},{"not_picked":["Metallicize","Shrug It Off"],"picked":"Double Tap","floor":12},{"not_picked":["Impervious","Bludgeon"],"picked":"Berserk","floor":16},{"not_picked":["Sword Boomerang","Warcry"],"picked":"Iron Wave","floor":18},{"not_picked":["Dual Wield","Second Wind"],"picked":"Rage+1","floor":20},{"not_picked":["Hemokinesis","Sever Soul"],"picked":"Cleave+1","floor":21},{"not_picked":["Sword Boomerang","Thunderclap","Perfected Strike"],"picked":"Flame Barrier","floor":28},{"not_picked":["Uppercut","Combust","Bloodletting"],"picked":"Twin Strike","floor":30}],"player_experience":1151,"relics_obtained":[{"floor":6,"key":"Bottled Lightning"},{"floor":9,"key":"Bronze Scales"},{"floor":10,"key":"Paper Frog"},{"floor":21,"key":"Old Coin"},{"floor":21,"key":"Question Card"},{"floor":26,"key":"Mercury Hourglass"}],"event_choices":[{"damage_healed":0,"gold_gain":75,"player_choice":"Gather Gold","damage_taken":11,"max_hp_gain":0,"max_hp_loss":0,"event_name":"World of Goop","floor":2,"gold_loss":0},{"damage_healed":0,"gold_gain":0,"player_choice":"Grow","damage_taken":0,"max_hp_gain":0,"max_hp_loss":0,"event_name":"Living Wall","floor":3,"gold_loss":0,"cards_upgraded":["Defend_R"]},{"damage_healed":0,"gold_gain":0,"player_choice":"Ignored","damage_taken":0,"max_hp_gain":0,"max_hp_loss":0,"event_name":"Liars Game","floor":14,"gold_loss":0},{"damage_healed":0,"gold_gain":0,"player_choice":"Inject Mutagens","damage_taken":0,"relics_obtained":["MutagenicStrength"],"max_hp_gain":0,"max_hp_loss":0,"event_name":"Drug Dealer","floor":19,"gold_loss":0},{"damage_healed":0,"gold_gain":0,"player_choice":"Fight","damage_taken":0,"max_hp_gain":0,"max_hp_loss":0,"event_name":"Colosseum","floor":21,"gold_loss":0},{"damage_healed":0,"gold_gain":0,"player_choice":"Fought Nobs","damage_taken":0,"max_hp_gain":0,"max_hp_loss":0,"event_name":"Colosseum","floor":21,"gold_loss":0},{"damage_healed":0,"gold_gain":0,"player_choice":"Ignored","damage_taken":0,"max_hp_gain":0,"max_hp_loss":0,"event_name":"Beggar","floor":22,"gold_loss":0},{"damage_healed":0,"gold_gain":0,"player_choice":"Traded Relic","damage_taken":0,"relics_obtained":["Nloth\u0027s Gift"],"max_hp_gain":0,"max_hp_loss":0,"event_name":"N\u0027loth","floor":24,"relics_lost":["NeowsBlessing"],"gold_loss":0}],"is_beta":false,"boss_relics":[{"not_picked":["Fusion Hammer","Eternal Feather"],"picked":"Black Blood"}],"items_purged_floors":[],"is_endless":false,"potions_floor_spawned":[5,8,16,20,21,21,30],"killed_by":"Champ","ascension_level":0}