{"gold_per_floor":[115,125,125,52,2,2,18,18,18,18,35,35,53,53,53,127,127,138,48,66,84,48,48,48],"floor_reached":24,"playtime":1680,"items_purged":[],"score":316,"play_id":"2b8f9b0c-7f00-4998-9d7d-d1b550748017","local_time":"20190612182412","is_ascension_mode":true,"campfire_choices":[{"data":"Neutralize","floor":6,"key":"SMITH"},{"data":"Accuracy","floor":10,"key":"SMITH"},{"data":"Blade Dance","floor":12,"key":"SMITH"},{"data":"Noxious Fumes","floor":15,"key":"SMITH"},{"data":"Accuracy","floor":23,"key":"SMITH"}],"neow_cost":"CURSE","seed_source_timestamp":1077423082895315,"circlet_count":0,"master_deck":["AscendersBane","Defend_G+1","Defend_G","Defend_G","Defend_G","Defend_G","Strike_G","Strike_G","Strike_G","Strike_G","Survivor","Neutralize+1","Burst+1","Blade Dance+1","Dash","Accuracy+1","Escape Plan","Noxious Fumes+1","Storm of Steel","Terror","Leg Sweep+1","Accuracy+1","Blur"],"relics":["Ring of the Snake","Pear","Eternal Feather"],"potions_floor_usage":[11,24,24],"damage_taken":[{"damage":15,"enemies":"Cultist","floor":1,"turns":6},{"damage":7,"enemies":"Small Slimes","floor":2,"turns":5},{"damage":0,"enemies":"2 Louse","floor":7,"turns":4},{"damage":23,"enemies":"Exordium Wildlife","floor":11,"turns":8},{"damage":0,"enemies":"Large Slime","floor":13,"turns":3},{"damage":14,"enemies":"The Guardian","floor":16,"turns":11},{"damage":15,"enemies":"Shell Parasite","floor":18,"turns":6},{"damage":26,"enemies":"3 Byrds","floor":20,"turns":9},{"damage":1,"enemies":"Centurion and Healer","floor":21,"turns":7},{"damage":45,"enemies":"Slavers","floor":24,"turns":8}],"seed_played":"2731481152625213772","potions_obtained":[{"floor":7,"key":"FearPotion"},{"floor":13,"key":"EssenceOfSteel"},{"floor":16,"key":"EssenceOfSteel"},{"floor":21,"key":"GhostInAJar"}],"is_trial":false,"path_per_floor":["M","M","?","$","?","R","M","$","T","R","M","R","M","?","R","B",null,"M","?","M","M","$","R","E"],"character_chosen":"THE_SILENT","items_purchased":["Accuracy","Blur"],"campfire_rested":0,"item_purchase_floors":[4,22],"current_hp_per_floor":[44,37,37,37,37,37,37,37,47,47,24,24,24,29,29,15,65,50,50,24,23,23,35,0],"gold":48,"neow_bonus":"THREE_RARE_CARDS","is_prod":false,"is_daily":false,"chose_seed":false,"campfire_upgraded":5,"win_rate":0,"timestamp":1560331452,"path_taken":["M","?","?","?","?","R","M","$","T","R","?","R","M","?","R","BOSS","M","?","M","M","$","R","E"],"build_version":"2019-01-23","purchased_purges":0,"victory":false,"max_hp_per_floor":[66,66,66,66,66,66,66,66,76,76,76,76,76,81,81,81,81,81,81,81,81,81,81,81],"card_choices":[{"not_picked":["Phantasmal Killer","Envenom"],"picked":"Burst","floor":0},{"not_picked":["Prepared","Quick Slash"],"picked":"Blade Dance","floor":1},{"not_picked":["Blur","Sucker Punch"],"picked":"Dash","floor":2},{"not_picked":["Poisoned Stab","Deadly Poison","Bane"],"picked":"SKIP","floor":7},{"not_picked":["Glass Knife","Quick Slash"],"picked":"Escape Plan","floor":11},{"not_picked":["Sucker Punch","Dagger Spray"],"picked":"Noxious Fumes","floor":13},{"not_picked":["Glass Knife","Corpse Explosion"],"picked":"Storm of Steel","floor":16},{"not_picked":["Choke","Tactician"],"picked":"Terror","floor":18},{"not_picked":["Flying Knee","Prepared"],"picked":"Leg Sweep+1","floor":20},{"not_picked":["Dagger Throw","Endless Agony"],"picked":"Accuracy","floor":21}],"player_experience":1036420,"relics_obtained":[{"floor":9,"key":"Pear"}],"event_choices":[{"damage_healed":0,"gold_gain":0,"player_choice":"Upgraded","damage_taken":0,"max_hp_gain":0,"max_hp_loss":0,"event_name":"Upgrade Shrine","floor":3,"gold_loss":0,"cards_upgraded":["Burst"]},{"cards_removed":["Writhe"],"damage_healed":0,"gold_gain":0,"player_choice":"Card Removal","damage_taken":0,"max_hp_gain":0,"max_hp_loss":0,"event_name":"The Cleric","floor":5,"gold_loss":50},{"damage_healed":0,"gold_gain":0,"player_choice":"Donut","damage_taken":0,"max_hp_gain":5,"max_hp_loss":0,"event_name":"Big Fish","floor":14,"gold_loss":0},{"cards_removed":["Strike_G"],"damage_healed":0,"gold_gain":0,"player_choice":"Upgrade and Remove","damage_taken":0,"max_hp_gain":0,"max_hp_loss":0,"event_name":"Designer","floor":19,"gold_loss":90,"cards_upgraded":["Defend_G"]}],"is_beta":false,"boss_relics":[{"not_picked":["Snecko Eye","Runic Dome"],"picked":"Eternal Feather"}],"items_purged_floors":[],"is_endless":false,"potions_floor_spawned":[7,13,16,21],"killed_by":"Slavers","ascension_level":14}