{"gold_per_floor":[215,140,140,68,79,79,79,29,29,29,46,46,64,75,75,174,174,184,13,33,33,51,51,63,63,63,63,63,63,90,102,102,199,199,211,9,0,11,22,22,122,137,188,38,49,49,63,75,75,75],"floor_reached":51,"playtime":1806,"items_purged":["Strike_B","Defend_B","Defend_B","Writhe"],"score":659,"play_id":"6309c040-e2e7-4dd7-a479-d824b4006141","local_time":"20190702050718","is_ascension_mode":false,"campfire_choices":[{"data":"Zap","floor":6,"key":"SMITH"},{"data":"Consume","floor":10,"key":"SMITH"},{"data":"Defragment","floor":12,"key":"SMITH"},{"data":"Hologram","floor":15,"key":"SMITH"},{"data":"Defragment","floor":23,"key":"SMITH"},{"data":"Dualcast","floor":25,"key":"SMITH"},{"data":"White Noise","floor":27,"key":"SMITH"},{"floor":29,"key":"REST"},{"data":"Biased Cognition","floor":32,"key":"SMITH"},{"data":"Amplify","floor":40,"key":"SMITH"},{"data":"Loop","floor":46,"key":"SMITH"},{"data":"Echo Form","floor":49,"key":"SMITH"}],"neow_cost":"NONE","seed_source_timestamp":93673002677200,"circlet_count":0,"master_deck":["Strike_B+1","Strike_B+1","Defend_B","Defend_B","Zap+1","Dualcast+1","Consume+1","Hologram+1","Defragment+1","Undo","White Noise+1","Echo Form+1","Coolheaded+1","Defragment+1","Cold Snap","Cold Snap","BootSequence","Biased Cognition+1","Amplify+1","Coolheaded","Self Repair","Hologram+1","Loop+1","White Noise"],"relics":["Cracked Core","Gremlin Horn","Emotion Chip","Inserter","Centennial Puzzle","Bottled Lightning","Orichalcum","Cursed Key","Red Mask","Anchor"],"potions_floor_usage":[20,20,30,30,31,50,50],"damage_taken":[{"damage":0,"enemies":"Small Slimes","floor":1,"turns":2},{"damage":1,"enemies":"2 Louse","floor":5,"turns":3},{"damage":0,"enemies":"Cultist","floor":11,"turns":2},{"damage":3,"enemies":"Red Slaver","floor":13,"turns":2},{"damage":0,"enemies":"Blue Slaver","floor":14,"turns":3},{"damage":20,"enemies":"Hexaghost","floor":16,"turns":6},{"damage":22,"enemies":"2 Thieves","floor":18,"turns":3},{"damage":0,"enemies":"Shell Parasite","floor":20,"turns":6},{"damage":19,"enemies":"Snake Plant","floor":22,"turns":4},{"damage":18,"enemies":"Centurion and Healer","floor":24,"turns":7},{"damage":21,"enemies":"Slavers","floor":30,"turns":6},{"damage":0,"enemies":"3 Cultists","floor":31,"turns":6},{"damage":12,"enemies":"Champ","floor":33,"turns":6},{"damage":0,"enemies":"Orb Walker","floor":35,"turns":3},{"damage":3,"enemies":"3 Darklings","floor":38,"turns":6},{"damage":2,"enemies":"Spire Growth","floor":39,"turns":5},{"damage":1,"enemies":"Sphere and 2 Shapes","floor":42,"turns":5},{"damage":3,"enemies":"4 Shapes","floor":45,"turns":4},{"damage":9,"enemies":"Transient","floor":47,"turns":5},{"damage":7,"enemies":"3 Darklings","floor":48,"turns":5},{"damage":57,"enemies":"Awakened One","floor":50,"turns":13}],"seed_played":"1141299433408897297","potions_obtained":[{"floor":1,"key":"SkillPotion"},{"floor":13,"key":"Regen Potion"},{"floor":14,"key":"SteroidPotion"},{"floor":20,"key":"Energy Potion"},{"floor":24,"key":"Explosive Potion"},{"floor":38,"key":"Strength Potion"},{"floor":42,"key":"SpeedPotion"},{"floor":48,"key":"FocusPotion"}],"is_trial":false,"path_per_floor":["M","$","?","$","M","R","?","?","T","R","M","R","M","M","R","B",null,"M","$","M","?","M","R","M","R","T","R","?","R","E","M","R","B",null,"M","$","?","M","M","R","?","M","T","$","M","R","M","M","R","B",null],"character_chosen":"DEFECT","items_purchased":["Consume","Defragment","Self Repair"],"campfire_rested":1,"item_purchase_floors":[4,19,36],"current_hp_per_floor":[75,75,63,63,62,62,47,47,47,47,47,47,44,44,44,24,75,53,53,68,68,49,49,31,31,31,31,31,53,32,32,32,20,75,75,75,75,75,75,75,75,75,75,75,75,75,75,75,75,18],"gold":75,"neow_bonus":"HUNDRED_GOLD","is_prod":false,"is_daily":false,"chose_seed":false,"campfire_upgraded":11,"win_rate":0,"timestamp":1562011638,"path_taken":["M","$","?","$","M","R","?","?","T","R","M","R","M","M","R","BOSS","M","$","M","?","M","R","M","R","T","R","?","R","E","M","R","BOSS","M","$","?","M","M","R","?","?","T","?","M","R","M","M","R","BOSS"],"build_version":"2019-01-23","purchased_purges":4,"victory":true,"max_hp_per_floor":[75,75,75,75,75,75,75,75,75,75,75,75,75,75,75,75,75,75,75,75,75,75,75,75,75,75,75,75,75,75,75,75,75,75,75,75,75,75,75,75,75,75,75,75,75,75,75,75,75,75],"card_choices":[{"not_picked":["Reprogram","Barrage","Stack"],"picked":"SKIP","floor":1},{"not_picked":["Leap","Barrage"],"picked":"Hologram","floor":5},{"not_picked":["Skim","Chaos"],"picked":"Defragment","floor":11},{"not_picked":["Stack","Lockon"],"picked":"Undo","floor":13},{"not_picked":["Compile Driver","Steam"],"picked":"White Noise","floor":14},{"not_picked":["Multi-Cast","Rainbow"],"picked":"Echo Form","floor":16},{"not_picked":["Hello World+1","Stack"],"picked":"Coolheaded+1","floor":18},{"not_picked":["Barrage","Compile Driver+1"],"picked":"Cold Snap","floor":20},{"not_picked":["Doom and Gloom+1","Sweeping Beam"],"picked":"Cold Snap","floor":22},{"not_picked":["Cold Snap","Consume"],"picked":"BootSequence","floor":24},{"not_picked":["Sunder+1","Chaos+1","Steam Power"],"picked":"SKIP","floor":30},{"not_picked":["Coolheaded","Fusion"],"picked":"Biased Cognition","floor":31},{"not_picked":["Creative AI","Echo Form"],"picked":"Amplify","floor":33},{"not_picked":["Rip and Tear","Chaos+1"],"picked":"Coolheaded","floor":35},{"not_picked":["Doom and Gloom","Gash+1"],"picked":"Hologram+1","floor":38},{"not_picked":["Compile Driver+1","Go for the Eyes+1"],"picked":"Loop","floor":39},{"not_picked":["Conserve Battery","Skim+1"],"picked":"White Noise","floor":42},{"not_picked":["Scrape","Force Field+1","Sweeping Beam+1"],"picked":"SKIP","floor":45},{"not_picked":["Stack+1","Rebound+1","Streamline"],"picked":"SKIP","floor":47},{"not_picked":["Beam Cell","Fusion+1","Redo"],"picked":"SKIP","floor":48}],"player_experience":1087539,"relics_obtained":[{"floor":9,"key":"Emotion Chip"},{"floor":26,"key":"Bottled Lightning"},{"floor":30,"key":"Orichalcum"},{"floor":43,"key":"Anchor"}],"event_choices":[{"damage_healed":0,"gold_gain":0,"player_choice":"Success","damage_taken":12,"relics_obtained":["Gremlin Horn"],"max_hp_gain":0,"max_hp_loss":0,"event_name":"Scrap Ooze","floor":3,"gold_loss":0},{"damage_healed":0,"gold_gain":0,"player_choice":"Entered Light","damage_taken":15,"max_hp_gain":0,"max_hp_loss":0,"event_name":"Shining Light","floor":7,"gold_loss":0,"cards_upgraded":["Strike_B","Strike_B"]},{"cards_removed":["Strike_B"],"damage_healed":0,"gold_gain":0,"player_choice":"Card Removal","damage_taken":0,"max_hp_gain":0,"max_hp_loss":0,"event_name":"The Cleric","floor":8,"gold_loss":50},{"damage_healed":0,"gold_gain":0,"player_choice":"Opened","damage_taken":0,"relics_obtained":["Centennial Puzzle"],"max_hp_gain":0,"max_hp_loss":0,"event_name":"The Mausoleum","floor":21,"gold_loss":0},{"damage_healed":0,"gold_gain":0,"player_choice":"Ignored","damage_taken":0,"max_hp_gain":0,"max_hp_loss":0,"event_name":"Vampires","floor":28,"gold_loss":0},{"damage_healed":0,"gold_gain":0,"player_choice":"Paid","damage_taken":0,"relics_obtained":["Red Mask"],"max_hp_gain":0,"max_hp_loss":0,"event_name":"Tomb of Lord Red Mask","floor":37,"gold_loss":9},{"damage_healed":0,"gold_gain":100,"player_choice":"Pray","damage_taken":0,"max_hp_gain":0,"max_hp_loss":0,"event_name":"Golden Shrine","floor":41,"gold_loss":0}],"is_beta":false,"boss_relics":[{"not_picked":["Coffee Dripper","Philosopher\u0027s Stone"],"picked":"Inserter"},{"not_picked":["Velvet Choker","Lizard Tail"],"picked":"Cursed Key"}],"items_purged_floors":[2,19,36,44],"is_endless":false,"potions_floor_spawned":[1,13,14,18,20,24,38,42,48],"ascension_level":0}