{"gold_per_floor":[115,40,40,115,38,73,73,37,37,70,85,41,41,61,61,137,137,147,147,165,165,165,165,192,203,203,203],"floor_reached":27,"playtime":1307,"items_purged":[],"score":574,"play_id":"c20a5214-7dbd-4d8b-ab28-86dc56162475","local_time":"20190615102545","is_ascension_mode":true,"campfire_choices":[{"data":"Corpse Explosion","floor":7.0,"key":"SMITH"},{"data":"Choke","floor":13.0,"key":"SMITH"},{"data":"Leg Sweep","floor":15.0,"key":"SMITH"},{"floor":23,"key":"REST"}],"neow_cost":"NONE","seed_source_timestamp":176436843966900,"circlet_count":0,"master_deck":["AscendersBane","Defend_G","Defend_G","Defend_G","Defend_G+1","Defend_G","Strike_G","Survivor","Neutralize+1","Choke+1","Well Laid Plans","Corpse Explosion+1","Leg Sweep+1","Deflect+1","PiercingWail+1","Setup+1","PiercingWail+1","Night Terror+1","Cloak And Dagger+1","Night Terror+1","All Out Attack+1","Flying Knee","Leg Sweep+1","Envenom","Deadly Poison+1"],"special_seed":0,"relics":["Ring of the Snake","NeowsBlessing","Strawberry","Toxic Egg 2","Calipers","Astrolabe","Turnip","Du-Vu Doll"],"potions_floor_usage":[],"damage_taken":[{"damage":0.0,"enemies":"Small Slimes","floor":1.0,"turns":1.0},{"damage":0.0,"enemies":"3 Sentries","floor":6.0,"turns":1.0},{"damage":0.0,"enemies":"Gremlin Nob","floor":10.0,"turns":1.0},{"damage":0.0,"enemies":"2 Louse","floor":11.0,"turns":1.0},{"damage":0.0,"enemies":"Cultist","floor":14.0,"turns":3.0},{"damage":31.0,"enemies":"Hexaghost","floor":16.0,"turns":16.0},{"damage":1.0,"enemies":"Shell Parasite","floor":18.0,"turns":7.0},{"damage":13,"enemies":"Spheric Guardian","floor":20,"turns":4},{"damage":21,"enemies":"Slavers","floor":24,"turns":5},{"damage":5,"enemies":"3 Cultists","floor":25,"turns":3},{"damage":26,"enemies":"Gremlin Leader","floor":27,"turns":6}],"seed_played":"8193587217867107429","potions_obtained":[{"floor":10.0,"key":"Ancient Potion"},{"floor":16.0,"key":"EntropicBrew"}],"is_trial":false,"path_per_floor":["M","?","?","?","$","E","R","$","T","E","M","$","R","M","R","B",null,"M","?","M","?","?","R","E","M","T","E"],"character_chosen":"THE_SILENT","items_purchased":["Well Laid Plans","Leg Sweep","Setup+1"],"campfire_rested":1,"item_purchase_floors":[5,8,12],"current_hp_per_floor":[59,59,39,28,28,35,35,35,35,35,35,35,35,35,35,4,56,55,55,42,21,21,44,23,18,18,0],"gold":203,"neow_bonus":"THREE_ENEMY_KILL","is_prod":false,"is_daily":false,"chose_seed":false,"campfire_upgraded":3,"win_rate":0,"timestamp":1560583545,"path_taken":["M","?","?","?","$","E","R","?","T","E","?","?","R","M","R","BOSS","M","?","M","?","?","R","E","?","T","E"],"build_version":"2019-01-23","purchased_purges":0,"victory":false,"max_hp_per_floor":[66,66,66,66,66,73,73,73,73,73,73,73,73,73,73,73,73,73,73,73,78,78,78,78,78,78,78],"card_choices":[{"not_picked":["Underhanded Strike","Terror"],"picked":"Choke","floor":1.0},{"not_picked":["Acrobatics","Heel Hook"],"picked":"Corpse Explosion","floor":6.0},{"not_picked":["Sucker Punch","Expertise+1"],"picked":"Deflect+1","floor":10.0},{"not_picked":["Bane","Backstab"],"picked":"PiercingWail+1","floor":11.0},{"not_picked":["Dash","Choke"],"picked":"PiercingWail+1","floor":14.0},{"not_picked":["Venomology+1","Die Die Die"],"picked":"Night Terror+1","floor":16.0},{"not_picked":["Poisoned Stab","Quick Slash","Dagger Throw"],"picked":"SKIP","floor":18.0},{"not_picked":["Endless Agony","Bane"],"picked":"Flying Knee","floor":20},{"not_picked":["Riddle With Holes+1","Cloak And Dagger+1"],"picked":"Envenom","floor":24},{"not_picked":["Cloak And Dagger+1","Blade Dance+1"],"picked":"Deadly Poison+1","floor":25}],"player_experience":1115420,"relics_obtained":[{"floor":6.0,"key":"Strawberry"},{"floor":9.0,"key":"Toxic Egg 2"},{"floor":10.0,"key":"Calipers"},{"floor":24,"key":"Turnip"},{"floor":26,"key":"Du-Vu Doll"}],"event_choices":[{"cards_removed":["Strike_G"],"damage_healed":0.0,"max_hp_gain":0.0,"max_hp_loss":0.0,"gold_gain":0.0,"event_name":"The Cleric","player_choice":"Card Removal","floor":2.0,"gold_loss":75.0,"damage_taken":0.0},{"damage_healed":0.0,"max_hp_gain":0.0,"max_hp_loss":0.0,"gold_gain":0.0,"event_name":"Shining Light","player_choice":"Entered Light","floor":3.0,"gold_loss":0.0,"damage_taken":20.0,"cards_upgraded":["Neutralize","Defend_G"]},{"damage_healed":0.0,"max_hp_gain":0.0,"max_hp_loss":0.0,"gold_gain":75.0,"event_name":"World of Goop","player_choice":"Gather Gold","floor":4.0,"gold_loss":0.0,"damage_taken":11.0},{"damage_healed":0.0,"max_hp_gain":0.0,"max_hp_loss":0.0,"gold_gain":0.0,"event_name":"The Mausoleum","player_choice":"Ignored","floor":19.0,"gold_loss":0.0,"damage_taken":0.0},{"damage_healed":0,"gold_gain":0,"player_choice":"Shed Blood","damage_taken":26,"max_hp_gain":5,"max_hp_loss":0,"event_name":"Forgotten Altar","floor":21,"gold_loss":0},{"damage_healed":0,"gold_gain":0,"player_choice":"Copied","damage_taken":0,"max_hp_gain":0,"max_hp_loss":0,"event_name":"Duplicator","floor":22,"gold_loss":0,"cards_obtained":["Leg Sweep"]}],"is_beta":false,"boss_relics":[{"not_picked":["Eternal Feather","Calling Bell"],"picked":"Astrolabe"}],"items_purged_floors":[],"is_endless":false,"potions_floor_spawned":[10,16],"killed_by":"Gremlin Leader","ascension_level":20}