{"gold_per_floor":[115,115,129,129,141,141,161,178,260,287,65,83,83,97,97,175,175,188,201,201,126,137,137,147,147,147,147,71,37,57,77,77,154,154,165,176,188,188,0,29,29,29,52,64,64,64,64,64,64,64],"floor_reached":51,"playtime":2461,"items_purged":["Strike_B"],"score":1229,"play_id":"c271dbd3-1111-4e50-adf2-50bf7f71b7a6","local_time":"20190102154836","is_ascension_mode":true,"campfire_choices":[{"data":"Multi-Cast","floor":6,"key":"SMITH"},{"data":"Defragment","floor":13,"key":"SMITH"},{"data":"Capacitor","floor":15,"key":"SMITH"},{"floor":23,"key":"REST"},{"data":"Creative AI","floor":25,"key":"SMITH"},{"floor":27,"key":"REST"},{"data":"Defragment","floor":32,"key":"SMITH"},{"data":"Defragment","floor":41,"key":"SMITH"},{"data":"Capacitor","floor":45,"key":"SMITH"},{"floor":49,"key":"REST"}],"neow_cost":"TEN_PERCENT_HP_LOSS","seed_source_timestamp":1376084815565760,"circlet_count":0,"master_deck":["AscendersBane","Strike_B+1","Defend_B+1","Defend_B","Defend_B","Defend_B","Zap","Dualcast","Multi-Cast+1","Melter","Conserve Battery","Coolheaded","Auto Shields","Capacitor+1","Glacier","Defragment+1","Machine Learning","Conserve Battery","Creative AI+1","Coolheaded","Electrodynamics","Defragment+1","Cold Snap","Core Surge","Double Energy","Stack+1","Conserve Battery","Capacitor+1","Defragment+1","Defragment+1"],"relics":["Cracked Core","Bottled Lightning","Thread and Needle","DataDisk","Velvet Choker","Ice Cream","Tiny Chest","Orrery","Red Mask","Juzu Bracelet","Ancient Tea Set","Orichalcum"],"potions_floor_usage":[10,12,16,20,20,44,50],"damage_taken":[{"damage":2,"enemies":"2 Louse","floor":1,"turns":2},{"damage":12,"enemies":"Jaw Worm","floor":3,"turns":3},{"damage":6,"enemies":"Cultist","floor":5,"turns":3},{"damage":0,"enemies":"Looter","floor":7,"turns":5},{"damage":3,"enemies":"Blue Slaver","floor":8,"turns":3},{"damage":14,"enemies":"Lagavulin","floor":10,"turns":11},{"damage":0,"enemies":"Gremlin Gang","floor":12,"turns":4},{"damage":0,"enemies":"Large Slime","floor":14,"turns":5},{"damage":17,"enemies":"The Guardian","floor":16,"turns":17},{"damage":11,"enemies":"Shell Parasite","floor":18,"turns":6},{"damage":25,"enemies":"3 Byrds","floor":19,"turns":7},{"damage":1,"enemies":"Colosseum Slavers","floor":20,"turns":9},{"damage":6,"enemies":"Centurion and Healer","floor":22,"turns":9},{"damage":0,"enemies":"Snecko","floor":24,"turns":6},{"damage":18,"enemies":"Shelled Parasite and Fungi","floor":30,"turns":6},{"damage":2,"enemies":"Centurion and Healer","floor":31,"turns":6},{"damage":5,"enemies":"Champ","floor":33,"turns":8},{"damage":0,"enemies":"3 Shapes","floor":35,"turns":7},{"damage":2,"enemies":"3 Darklings","floor":36,"turns":8},{"damage":0,"enemies":"Spire Growth","floor":37,"turns":8},{"damage":6,"enemies":"Giant Head","floor":40,"turns":16},{"damage":0,"enemies":"Transient","floor":44,"turns":5},{"damage":0,"enemies":"Donu and Deca","floor":50,"turns":7}],"seed_played":"4508151476873851913","potions_obtained":[{"floor":5,"key":"FocusPotion"},{"floor":8,"key":"Explosive Potion"},{"floor":12,"key":"Regen Potion"},{"floor":14,"key":"Dexterity Potion"},{"floor":16,"key":"Explosive Potion"},{"floor":30,"key":"FocusPotion"},{"floor":33,"key":"SkillPotion"}],"is_trial":false,"path_per_floor":["M","?","M","?","M","R","M","M","T","E","$","M","R","M","R","B",null,"M","M","?","$","M","R","M","R","T","R","$","?","M","M","R","B",null,"M","M","M","?","?","E","R","$","T","M","R","T","?","?","R","B",null],"character_chosen":"DEFECT","items_purchased":["Defragment","DataDisk","Electrodynamics"],"campfire_rested":3,"item_purchase_floors":[11,11,28],"current_hp_per_floor":[62,49,37,37,31,31,31,28,28,14,14,14,14,14,14,12,51,40,15,14,14,8,27,27,27,27,46,46,46,28,26,26,21,53,53,51,51,51,51,45,45,45,45,45,45,45,45,45,64,64],"gold":64,"neow_bonus":"THREE_RARE_CARDS","is_prod":false,"is_daily":false,"chose_seed":false,"campfire_upgraded":7,"win_rate":0,"timestamp":1546411716,"path_taken":["M","?","M","?","?","R","M","M","T","E","$","M","R","M","R","BOSS","M","M","?","$","M","R","M","R","T","R","$","?","M","M","R","BOSS","M","?","M","?","?","E","R","?","T","M","R","?","?","?","R","BOSS"],"build_version":"2018-12-20","purchased_purges":1,"victory":true,"max_hp_per_floor":[64,64,64,64,64,64,64,64,64,64,64,64,64,64,64,64,64,64,64,64,64,64,64,64,64,64,64,64,64,64,64,64,64,64,64,64,64,64,64,64,64,64,64,64,64,64,64,64,64,64],"card_choices":[{"not_picked":["Buffer","Reboot"],"picked":"Multi-Cast","floor":0},{"not_picked":["Barrage","Gash"],"picked":"Melter","floor":1},{"not_picked":["Sunder","Gash"],"picked":"Conserve Battery","floor":3},{"not_picked":["Rebound","Rip and Tear"],"picked":"Auto Shields","floor":5},{"not_picked":["Reboot","Steam"],"picked":"Capacitor","floor":7},{"not_picked":["Chill","Genetic Algorithm"],"picked":"Glacier","floor":8},{"not_picked":["Skim","Steam","Stack"],"picked":"SKIP","floor":10},{"not_picked":["Steam Power","Rebound"],"picked":"Machine Learning","floor":12},{"not_picked":["Hologram","White Noise"],"picked":"Conserve Battery","floor":14},{"not_picked":["Thunder Strike","Meteor Strike"],"picked":"Creative AI","floor":16},{"not_picked":["Double Energy","Chaos","Barrage"],"picked":"SKIP","floor":18},{"not_picked":["Steam","Sweeping Beam","Gash"],"picked":"SKIP","floor":19},{"not_picked":["Rebound","Hologram","Redo"],"picked":"SKIP","floor":22},{"not_picked":["Chaos+1","Blizzard"],"picked":"Coolheaded","floor":24},{"not_picked":["Leap","Aggregate"],"picked":"Defragment","floor":30},{"not_picked":["Sweeping Beam","Gash"],"picked":"Cold Snap","floor":31},{"not_picked":["Reboot","Creative AI"],"picked":"Core Surge","floor":33},{"not_picked":["Loop","Chaos"],"picked":"Double Energy","floor":34},{"not_picked":["Steam Power","Chaos"],"picked":"Stack+1","floor":34},{"not_picked":["Reinforced Body","Sweeping Beam"],"picked":"Conserve Battery","floor":34},{"not_picked":["Barrage","Melter"],"picked":"Capacitor","floor":34},{"not_picked":["Steam+1","Blizzard"],"picked":"Defragment+1","floor":34},{"not_picked":["Tempest+1","Chaos","Redo"],"picked":"SKIP","floor":35},{"not_picked":["Force Field","Compile Driver","Chill"],"picked":"SKIP","floor":36},{"not_picked":["Leap","Hyperbeam"],"picked":"Defragment","floor":37},{"not_picked":["Heatsinks","Steam Power","Barrage"],"picked":"SKIP","floor":40},{"not_picked":["Leap","Go for the Eyes","Reprogram"],"picked":"SKIP","floor":44}],"player_experience":700131,"relics_obtained":[{"floor":9,"key":"Bottled Lightning"},{"floor":10,"key":"Thread and Needle"},{"floor":26,"key":"Ice Cream"},{"floor":40,"key":"Juzu Bracelet"},{"floor":43,"key":"Ancient Tea Set"},{"floor":46,"key":"Orichalcum"}],"event_choices":[{"damage_healed":0,"gold_gain":0,"player_choice":"Entered Light","damage_taken":13,"max_hp_gain":0,"max_hp_loss":0,"event_name":"Shining Light","floor":2,"gold_loss":0,"cards_upgraded":["Defend_B","Strike_B"]},{"damage_healed":0,"gold_gain":0,"cards_transformed":["Strike_B"],"player_choice":"Transformed","damage_taken":0,"max_hp_gain":0,"max_hp_loss":0,"event_name":"Transmorgrifier","floor":4,"gold_loss":0,"cards_obtained":["Coolheaded"]},{"damage_healed":0,"gold_gain":0,"player_choice":"Fight","damage_taken":0,"max_hp_gain":0,"max_hp_loss":0,"event_name":"Colosseum","floor":20,"gold_loss":0},{"damage_healed":0,"gold_gain":0,"player_choice":"Fled From Nobs","damage_taken":0,"max_hp_gain":0,"max_hp_loss":0,"event_name":"Colosseum","floor":20,"gold_loss":0},{"damage_healed":0,"gold_gain":0,"player_choice":"Paid Gold","damage_taken":0,"relics_obtained":["Tiny Chest"],"max_hp_gain":0,"max_hp_loss":0,"event_name":"WeMeetAgain","floor":29,"gold_loss":64},{"damage_healed":0,"gold_gain":0,"player_choice":"Memory 1","damage_taken":0,"max_hp_gain":0,"max_hp_loss":0,"event_name":"SensoryStone","floor":38,"gold_loss":0},{"damage_healed":0,"gold_gain":0,"player_choice":"Paid","damage_taken":0,"relics_obtained":["Red Mask"],"max_hp_gain":0,"max_hp_loss":0,"event_name":"Tomb of Lord Red Mask","floor":39,"gold_loss":188},{"cards_removed":["Strike_B"],"damage_healed":0,"gold_gain":0,"player_choice":"Removed Attack","damage_taken":0,"max_hp_gain":0,"max_hp_loss":0,"event_name":"Falling","floor":47,"gold_loss":0},{"damage_healed":0,"gold_gain":0,"player_choice":"Leave","damage_taken":0,"max_hp_gain":0,"max_hp_loss":0,"event_name":"FaceTrader","floor":48,"gold_loss":0}],"is_beta":false,"boss_relics":[{"not_picked":["Empty Cage","Fusion Hammer"],"picked":"Velvet Choker"},{"not_picked":["Coffee Dripper","White Beast Statue"],"picked":"Orrery"}],"items_purged_floors":[21],"is_endless":false,"potions_floor_spawned":[5,8,12,14,16,18,19,30,33,35,36],"ascension_level":14}