{"gold_per_floor":[114,127,127,84,104,131,131,165,165,165,165,165,176,186,186,186],"floor_reached":16,"playtime":657,"items_purged":[],"score":220,"play_id":"36f5cbe4-972f-4313-9773-1e48a47d8456","local_time":"20190415092738","is_ascension_mode":true,"campfire_choices":[{"data":"Clothesline","floor":7,"key":"SMITH"},{"floor":12,"key":"REST"},{"data":"Intimidate","floor":15,"key":"SMITH"}],"neow_cost":"NONE","seed_source_timestamp":72962526471500,"circlet_count":0,"master_deck":["AscendersBane","Strike_R","Strike_R","Strike_R","Strike_R","Defend_R","Defend_R","Defend_R+1","Defend_R","Bash+1","Thunderclap+1","Spot Weakness","Clothesline+1","Ghostly Armor","Intimidate+1","Shrug It Off","Shrug It Off"],"relics":["Burning Blood","Peace Pipe","Bottled Lightning","Calipers"],"potions_floor_usage":[6,8,16],"damage_taken":[{"damage":7,"enemies":"Cultist","floor":1,"turns":4},{"damage":12,"enemies":"Small Slimes","floor":2,"turns":3},{"damage":11,"enemies":"2 Louse","floor":5,"turns":3},{"damage":8,"enemies":"Gremlin Nob","floor":6,"turns":3},{"damage":25,"enemies":"3 Sentries","floor":8,"turns":8},{"damage":2,"enemies":"Blue Slaver","floor":13,"turns":5},{"damage":12,"enemies":"Gremlin Gang","floor":14,"turns":4},{"damage":45,"enemies":"Slime Boss","floor":16,"turns":8}],"seed_played":"4216347597187518354","potions_obtained":[{"floor":2,"key":"Energy Potion"},{"floor":5,"key":"Regen Potion"},{"floor":13,"key":"SneckoOil"}],"is_trial":false,"path_per_floor":["M","M","?","$","M","E","R","E","T","?","?","R","M","M","R","B"],"character_chosen":"IRONCLAD","items_purchased":["Spot Weakness"],"campfire_rested":1,"item_purchase_floors":[4],"current_hp_per_floor":[67,61,61,61,56,54,54,50,50,27,20,42,46,40,40,0],"gold":186,"neow_bonus":"THREE_CARDS","is_prod":false,"is_daily":false,"chose_seed":false,"campfire_upgraded":2,"win_rate":0,"timestamp":1555309658,"path_taken":["M","?","?","$","M","E","R","E","T","?","?","R","M","M","R","BOSS"],"build_version":"2019-01-23","purchased_purges":0,"victory":false,"max_hp_per_floor":[75,75,75,75,75,75,75,75,75,75,75,75,75,75,75,75],"card_choices":[{"not_picked":["Havoc","Dropkick"],"picked":"Thunderclap","floor":1},{"not_picked":["Intimidate","Rupture","Dropkick"],"picked":"SKIP","floor":2},{"not_picked":["Ghostly Armor","Perfected Strike"],"picked":"Clothesline","floor":5},{"not_picked":["Power Through","Warcry"],"picked":"Ghostly Armor","floor":6},{"not_picked":["Perfected Strike","Seeing Red"],"picked":"Intimidate","floor":8},{"not_picked":["Havoc","Combust"],"picked":"Shrug It Off","floor":13},{"not_picked":["Dual Wield","Spot Weakness"],"picked":"Shrug It Off","floor":14}],"player_experience":970178,"relics_obtained":[{"floor":6,"key":"Peace Pipe"},{"floor":8,"key":"Bottled Lightning"},{"floor":9,"key":"Calipers"}],"event_choices":[{"damage_healed":0,"gold_gain":0,"player_choice":"Grow","damage_taken":0,"max_hp_gain":0,"max_hp_loss":0,"event_name":"Living Wall","floor":3,"gold_loss":0,"cards_upgraded":["Bash"]},{"damage_healed":0,"gold_gain":0,"player_choice":"Entered Light","damage_taken":23,"max_hp_gain":0,"max_hp_loss":0,"event_name":"Shining Light","floor":10,"gold_loss":0,"cards_upgraded":["Thunderclap","Defend_R"]},{"cards_removed":["Strike_R"],"damage_healed":0,"gold_gain":0,"player_choice":"Card Removal","damage_taken":7,"max_hp_gain":0,"max_hp_loss":0,"event_name":"Golden Wing","floor":11,"gold_loss":0}],"is_beta":false,"boss_relics":[],"items_purged_floors":[],"is_endless":false,"potions_floor_spawned":[2,5,13],"killed_by":"Slime Boss","ascension_level":20}