{"gold_per_floor":[119,119,51,51,70,102,102,117,117,39,39,52,52,67,67,143,143,158,73,73,73,83,83,102,27,27,43,43,63,24,37,37,109,109,120,220,220,239,87,87,87],"floor_reached":41,"playtime":1409,"items_purged":["Strike_B"],"score":799,"play_id":"9b4edc51-c5f4-4057-815c-3a502e300057","local_time":"20190102182159","is_ascension_mode":true,"campfire_choices":[{"data":"Defragment","floor":7.0,"key":"SMITH"},{"data":"Defragment","floor":15.0,"key":"SMITH"},{"data":"Defragment","floor":23.0,"key":"SMITH"},{"data":"Capacitor","floor":28,"key":"SMITH"},{"data":"Blizzard","floor":32,"key":"SMITH"},{"data":"Loop","floor":40,"key":"SMITH"}],"neow_cost":"NONE","seed_source_timestamp":1386327934747337,"circlet_count":0,"master_deck":["AscendersBane","Strike_B","Defend_B","Defend_B","Defend_B","Defend_B","Zap","Dualcast","Defragment+1","Cold Snap","Conserve Battery","Conserve Battery","Glacier","Defragment+1","Capacitor+1","Conserve Battery","Creative AI","Cold Snap","Glacier","Defragment+1","Cold Snap","Defragment+1","BootSequence","Blizzard+1","Electrodynamics","Conserve Battery","Panache","Defragment+1","Loop+1"],"special_seed":0,"relics":["Cracked Core","NeowsBlessing","Prayer Wheel","Sundial","Mercury Hourglass","Coffee Dripper","Pen Nib","Blue Candle","Runic Dome","Dead Branch"],"potions_floor_usage":[36],"damage_taken":[{"damage":0.0,"enemies":"Jaw Worm","floor":1.0,"turns":1.0},{"damage":0.0,"enemies":"Cultist","floor":5.0,"turns":1.0},{"damage":0.0,"enemies":"Gremlin Nob","floor":6.0,"turns":1.0},{"damage":0.0,"enemies":"2 Louse","floor":8.0,"turns":2.0},{"damage":0.0,"enemies":"Large Slime","floor":12.0,"turns":5.0},{"damage":6.0,"enemies":"Looter","floor":14.0,"turns":3.0},{"damage":18.0,"enemies":"Slime Boss","floor":16.0,"turns":13.0},{"damage":2.0,"enemies":"3 Byrds","floor":18.0,"turns":5.0},{"damage":0.0,"enemies":"Chosen","floor":22.0,"turns":8.0},{"damage":12.0,"enemies":"Snake Plant","floor":24.0,"turns":5.0},{"damage":0.0,"enemies":"Shelled Parasite and Fungi","floor":27.0,"turns":7.0},{"damage":0,"enemies":"Cultist and Chosen","floor":29,"turns":8},{"damage":0,"enemies":"Snake Plant","floor":31,"turns":5},{"damage":27,"enemies":"Collector","floor":33,"turns":15},{"damage":13,"enemies":"3 Darklings","floor":35,"turns":3},{"damage":12,"enemies":"Mind Bloom Boss Battle","floor":36,"turns":10},{"damage":47,"enemies":"3 Shapes","floor":38,"turns":5},{"damage":10,"enemies":"Writhing Mass","floor":41,"turns":1}],"seed_played":"1455091743572280193","potions_obtained":[{"floor":8.0,"key":"Regen Potion"},{"floor":12.0,"key":"Regen Potion"},{"floor":14.0,"key":"FocusPotion"}],"is_trial":false,"path_per_floor":["M","?","?","$","M","E","R","M","T","$","?","M","?","M","R","B",null,"M","?","?","?","M","R","M","?","T","M","R","M","$","M","R","B",null,"M","?","?","M","$","R","M"],"character_chosen":"DEFECT","items_purchased":["Glacier","Blizzard","Loop"],"campfire_rested":0,"item_purchase_floors":[10,30,39],"current_hp_per_floor":[64,64,64,64,64,64,64,64,64,64,69,69,62,56,56,38,67,65,65,65,65,65,65,53,53,53,53,53,53,53,53,53,26,64,51,54,54,7,7,7,0],"gold":87,"neow_bonus":"THREE_ENEMY_KILL","is_prod":false,"is_daily":false,"chose_seed":false,"campfire_upgraded":6,"win_rate":0,"timestamp":1546420919,"path_taken":["M","?","?","$","?","E","R","M","T","?","?","M","?","M","R","BOSS","M","?","?","?","M","R","M","?","T","M","R","M","$","M","R","BOSS","M","?","?","M","$","R","M"],"build_version":"2018-12-20","purchased_purges":1,"victory":false,"max_hp_per_floor":[71,71,71,71,71,71,71,71,71,71,76,76,76,76,76,76,76,76,76,76,76,76,76,76,76,76,76,76,76,76,76,76,76,76,76,76,76,76,76,76,76],"card_choices":[{"not_picked":["Redo","White Noise"],"picked":"Defragment","floor":1.0},{"not_picked":["Steam","Auto Shields"],"picked":"Cold Snap","floor":5.0},{"not_picked":["Coolheaded","Stack"],"picked":"Conserve Battery","floor":5.0},{"not_picked":["Chill","Hello World"],"picked":"Conserve Battery","floor":6.0},{"not_picked":["Barrage","Blizzard","Hello World"],"picked":"SKIP","floor":8.0},{"not_picked":["Sweeping Beam","Lockon","Heatsinks"],"picked":"SKIP","floor":8.0},{"not_picked":["Skim","Reprogram"],"picked":"Defragment","floor":12.0},{"not_picked":["Turbo","Darkness"],"picked":"Capacitor","floor":12.0},{"not_picked":["Steam Power","Heatsinks"],"picked":"Conserve Battery","floor":14.0},{"not_picked":["Storm","Beam Cell","Barrage"],"picked":"SKIP","floor":14.0},{"not_picked":["Hyperbeam","Machine Learning"],"picked":"Creative AI","floor":16.0},{"not_picked":["Compile Driver","Auto Shields"],"picked":"Cold Snap","floor":18.0},{"not_picked":["Leap","Auto Shields"],"picked":"Glacier","floor":18.0},{"not_picked":["Aggregate","Rip and Tear"],"picked":"Cold Snap","floor":22.0},{"not_picked":["Coolheaded","Reinforced Body","Turbo+1"],"picked":"SKIP","floor":22.0},{"not_picked":["Steam","Rip and Tear"],"picked":"Defragment+1","floor":24.0},{"not_picked":["Tempest","Steam"],"picked":"BootSequence","floor":24.0},{"not_picked":["Hologram","Rebound","Compile Driver+1"],"picked":"SKIP","floor":27.0},{"not_picked":["Thunder Strike","Gash","Stack"],"picked":"SKIP","floor":27.0},{"not_picked":["Hologram","Stack","Ball Lightning"],"picked":"SKIP","floor":29},{"not_picked":["Turbo","Go for the Eyes","Recycle"],"picked":"SKIP","floor":29},{"not_picked":["Hyperbeam","Ball Lightning","Consume"],"picked":"SKIP","floor":31},{"not_picked":["Hologram","Compile Driver+1","Rebound"],"picked":"SKIP","floor":31},{"not_picked":["Core Surge","Creative AI"],"picked":"Electrodynamics","floor":33},{"not_picked":["Beam Cell","BootSequence"],"picked":"Conserve Battery","floor":35},{"not_picked":["BootSequence+1","Darkness","Streamline"],"picked":"SKIP","floor":35},{"not_picked":["The Bomb","Sadistic Nature"],"picked":"Panache","floor":37},{"not_picked":["Barrage","Scrape"],"picked":"Defragment+1","floor":38},{"not_picked":["Rebound+1","Go for the Eyes","Reinforced Body+1"],"picked":"SKIP","floor":38}],"player_experience":709866,"relics_obtained":[{"floor":6.0,"key":"Sundial"},{"floor":9.0,"key":"Mercury Hourglass"},{"floor":26.0,"key":"Blue Candle"},{"floor":36,"key":"Dead Branch"}],"event_choices":[{"damage_healed":0.0,"max_hp_gain":0.0,"max_hp_loss":0.0,"gold_gain":0.0,"event_name":"Scrap Ooze","player_choice":"Fled","floor":2.0,"gold_loss":0.0,"damage_taken":0.0},{"damage_healed":0.0,"max_hp_gain":0.0,"max_hp_loss":0.0,"gold_gain":0.0,"event_name":"WeMeetAgain","player_choice":"Paid Gold","floor":3.0,"gold_loss":68.0,"damage_taken":0.0,"relics_obtained":["Prayer Wheel"]},{"damage_healed":0.0,"max_hp_gain":5.0,"max_hp_loss":0.0,"gold_gain":0.0,"event_name":"Big Fish","player_choice":"Donut","floor":11.0,"gold_loss":0.0,"damage_taken":0.0},{"cards_removed":["Strike_B"],"damage_healed":0.0,"max_hp_gain":0.0,"max_hp_loss":0.0,"gold_gain":0.0,"event_name":"Golden Wing","player_choice":"Card Removal","floor":13.0,"gold_loss":0.0,"damage_taken":7.0},{"damage_healed":0.0,"max_hp_gain":0.0,"max_hp_loss":0.0,"gold_gain":0.0,"event_name":"Addict","player_choice":"Obtained Relic","floor":19.0,"gold_loss":85.0,"damage_taken":0.0,"relics_obtained":["Pen Nib"]},{"damage_healed":0.0,"max_hp_gain":0.0,"max_hp_loss":0.0,"gold_gain":0.0,"event_name":"Vampires","player_choice":"Ignored","floor":20.0,"gold_loss":0.0,"damage_taken":0.0},{"damage_healed":0.0,"max_hp_gain":0.0,"max_hp_loss":0.0,"gold_gain":0.0,"event_name":"The Library","player_choice":"Read","floor":21.0,"gold_loss":0.0,"damage_taken":0.0,"cards_obtained":["Defragment"]},{"cards_removed":["Strike_B"],"damage_healed":0.0,"max_hp_gain":0.0,"max_hp_loss":0.0,"gold_gain":0.0,"event_name":"Beggar","player_choice":"Gave Gold","floor":25.0,"gold_loss":75.0,"damage_taken":0.0},{"damage_healed":0,"gold_gain":0,"player_choice":"Fight","damage_taken":0,"max_hp_gain":0,"max_hp_loss":0,"event_name":"MindBloom","floor":36,"gold_loss":0},{"damage_healed":0,"gold_gain":0,"player_choice":"Memory 1","damage_taken":0,"max_hp_gain":0,"max_hp_loss":0,"event_name":"SensoryStone","floor":37,"gold_loss":0}],"is_beta":false,"boss_relics":[{"not_picked":["Busted Crown","Black Star"],"picked":"Coffee Dripper"},{"not_picked":["Nuclear Battery","Tiny House"],"picked":"Runic Dome"}],"items_purged_floors":[39],"is_endless":false,"potions_floor_spawned":[8,12,14,16,22,27,29,35],"killed_by":"Writhing Mass","ascension_level":16}