{"gold_per_floor":[113,3,103,67,80,80,106,106,155,170,181,181,191,201,201,300,300,312,331,331,345,345,345,365,365,365,383,383,298,125,143,143,248,248,268,278,174,134,154,154,181,181,207,226,226],"floor_reached":45,"playtime":2820,"items_purged":["Strike_G","Decay"],"score":696,"play_id":"19ce1ae6-074a-4dcd-a159-fe57be5d135d","local_time":"20190201171010","is_ascension_mode":true,"campfire_choices":[{"data":"Neutralize","floor":6.0,"key":"SMITH"},{"data":"Noxious Fumes","floor":8.0,"key":"SMITH"},{"data":"Noxious Fumes","floor":12.0,"key":"SMITH"},{"data":"Reflex","floor":15.0,"key":"SMITH"},{"data":"After Image","floor":23.0,"key":"SMITH"},{"data":"Malaise","floor":25.0,"key":"SMITH"},{"floor":32,"key":"REST"},{"data":"A Thousand Cuts","floor":40,"key":"SMITH"},{"data":"Footwork","floor":42,"key":"SMITH"}],"neow_cost":"NONE","seed_source_timestamp":192725825175108,"circlet_count":0,"master_deck":["Survivor","Neutralize+1","Backflip","Noxious Fumes+1","Accuracy","Noxious Fumes+1","Dodge and Roll","Crippling Poison","Cloak And Dagger","Reflex+1","Envenom","Prepared","Bullet Time","Footwork+1","Sucker Punch","Dash","Tactician","Dash","After Image+1","Poisoned Stab","Expertise","Underhanded Strike","Envenom","Malaise+1","Footwork+1","Noxious Fumes","Eviscerate+1","A Thousand Cuts+1","Dodge and Roll+1","Dodge and Roll","Leg Sweep","Infinite Blades","Footwork+1","Tactician+1","Adrenaline"],"special_seed":0,"relics":["HoveringKite","Snake Skull","Oddly Smooth Stone","Pandora\u0027s Box","Dodecahedron","Ice Cream","Coffee Dripper","Darkstone Periapt","Ancient Tea Set"],"potions_floor_usage":[31,33,33,33,33],"damage_taken":[{"damage":5.0,"enemies":"Small Slimes","floor":1.0,"turns":5.0},{"damage":2.0,"enemies":"Cultist","floor":5.0,"turns":5.0},{"damage":24.0,"enemies":"3 Sentries","floor":7.0,"turns":7.0},{"damage":0.0,"enemies":"Jaw Worm","floor":10.0,"turns":5.0},{"damage":2.0,"enemies":"Red Slaver","floor":11.0,"turns":5.0},{"damage":1.0,"enemies":"Blue Slaver","floor":13.0,"turns":4.0},{"damage":0.0,"enemies":"Large Slime","floor":14.0,"turns":6.0},{"damage":0.0,"enemies":"Hexaghost","floor":16.0,"turns":9.0},{"damage":5.0,"enemies":"Chosen","floor":18.0,"turns":5.0},{"damage":13.0,"enemies":"2 Thieves","floor":19.0,"turns":4.0},{"damage":10.0,"enemies":"Chosen and Byrds","floor":21.0,"turns":5.0},{"damage":13.0,"enemies":"Centurion and Healer","floor":24.0,"turns":5.0},{"damage":2.0,"enemies":"Snecko","floor":27.0,"turns":5.0},{"damage":12,"enemies":"Snake Plant","floor":31,"turns":7},{"damage":12,"enemies":"Collector","floor":33,"turns":9},{"damage":8,"enemies":"3 Darklings","floor":35,"turns":5},{"damage":9,"enemies":"Orb Walker","floor":36,"turns":4},{"damage":9,"enemies":"Spire Growth","floor":39,"turns":6},{"damage":10,"enemies":"Nemesis","floor":41,"turns":9},{"damage":7,"enemies":"Sphere and 2 Shapes","floor":44,"turns":4},{"damage":19,"enemies":"Maw","floor":45,"turns":2}],"seed_played":"8156390585187241251","potions_obtained":[{"floor":5.0,"key":"EssenceOfSteel"},{"floor":10.0,"key":"EntropicBrew"},{"floor":11.0,"key":"Fire Potion"},{"floor":31,"key":"FearPotion"},{"floor":35,"key":"Strength Potion"}],"is_trial":false,"path_per_floor":["M","$","?","$","M","R","E","R","T","M","M","R","M","M","R","B",null,"M","M","?","M","?","R","M","R","T","M","?","?","$","M","R","B",null,"M","M","$","?","M","R","E","R","T","M","M"],"character_chosen":"THE_SILENT","items_purchased":["Noxious Fumes","Accuracy","Noxious Fumes","Leg Sweep","Infinite Blades"],"campfire_rested":1,"item_purchase_floors":[2,4,30,37,37],"current_hp_per_floor":[58,58,58,58,56,56,32,32,32,32,30,30,29,29,29,29,60,55,42,42,32,32,32,19,19,19,17,17,17,17,5,26,14,56,48,39,39,39,30,30,20,20,20,13,0],"gold":226,"neow_bonus":"BOSS_RELIC","is_prod":false,"is_daily":false,"chose_seed":false,"campfire_upgraded":8,"win_rate":0,"timestamp":1549008610,"path_taken":["M","$","?","?","M","R","E","R","T","M","M","R","M","M","R","BOSS","M","?","?","?","?","R","M","R","T","M","?","?","$","M","R","BOSS","M","M","$","?","?","R","E","R","T","M","?"],"build_version":"2019-01-23","purchased_purges":2,"victory":false,"max_hp_per_floor":[70,70,70,70,70,70,70,70,70,70,70,70,70,70,70,70,70,70,70,70,70,70,70,70,70,70,70,70,70,70,70,70,70,70,70,70,70,70,70,70,70,70,70,70,70],"card_choices":[{"not_picked":["Deflect","Bouncing Flask"],"picked":"Backflip","floor":1.0},{"not_picked":["Blur","Crippling Poison"],"picked":"Noxious Fumes","floor":5.0},{"not_picked":["Underhanded Strike","Deadly Poison"],"picked":"Dodge and Roll","floor":7.0},{"not_picked":["Outmaneuver","Dagger Throw"],"picked":"Crippling Poison","floor":10.0},{"not_picked":["Backstab","Dagger Throw"],"picked":"Cloak And Dagger","floor":11.0},{"not_picked":["Finisher","Flying Knee"],"picked":"Reflex","floor":13.0},{"not_picked":["Slice","Sucker Punch","Deadly Poison"],"picked":"SKIP","floor":14.0},{"not_picked":["Adrenaline","Storm of Steel"],"picked":"Envenom","floor":16.0},{"not_picked":["Slice+1","Deadly Poison+1"],"picked":"Expertise","floor":18.0},{"not_picked":["Dagger Spray","Well Laid Plans"],"picked":"Underhanded Strike","floor":19.0},{"not_picked":["Slice","PiercingWail","Masterful Stab+1"],"picked":"SKIP","floor":21.0},{"not_picked":["Slice","Caltrops"],"picked":"Malaise","floor":24.0},{"not_picked":["Underhanded Strike+1","Quick Slash"],"picked":"Footwork+1","floor":27.0},{"not_picked":["Caltrops","Dodge and Roll"],"picked":"Eviscerate+1","floor":31},{"not_picked":["Glass Knife","Doppelganger"],"picked":"A Thousand Cuts","floor":33},{"not_picked":["Deadly Poison","Bouncing Flask"],"picked":"Dodge and Roll+1","floor":35},{"not_picked":["Poisoned Stab","Well Laid Plans"],"picked":"Dodge and Roll","floor":36},{"not_picked":["Slice","Sucker Punch"],"picked":"Footwork","floor":39},{"not_picked":["Bane","Quick Slash+1"],"picked":"Tactician+1","floor":41},{"not_picked":["Dodge and Roll+1","Acrobatics+1"],"picked":"Adrenaline","floor":44}],"player_experience":868906,"relics_obtained":[{"floor":7.0,"key":"Snake Skull"},{"floor":9.0,"key":"Oddly Smooth Stone"},{"floor":26.0,"key":"Dodecahedron"},{"floor":41,"key":"Darkstone Periapt"},{"floor":43,"key":"Ancient Tea Set"}],"event_choices":[{"damage_healed":0.0,"max_hp_gain":0.0,"max_hp_loss":0.0,"gold_gain":100.0,"event_name":"Golden Shrine","player_choice":"Pray","floor":3.0,"gold_loss":0.0,"damage_taken":0.0},{"damage_healed":0.0,"max_hp_gain":0.0,"max_hp_loss":0.0,"gold_gain":0.0,"event_name":"Duplicator","player_choice":"Copied","floor":20.0,"gold_loss":0.0,"damage_taken":0.0,"cards_obtained":["Envenom"]},{"damage_healed":0.0,"max_hp_gain":0.0,"max_hp_loss":0.0,"gold_gain":0.0,"event_name":"Beggar","player_choice":"Ignored","floor":22.0,"gold_loss":0.0,"damage_taken":0.0},{"damage_healed":0.0,"max_hp_gain":0.0,"max_hp_loss":0.0,"gold_gain":0.0,"event_name":"Forgotten Altar","player_choice":"Smashed Altar","floor":28.0,"gold_loss":0.0,"damage_taken":0.0,"cards_obtained":["Decay"]},{"damage_healed":0.0,"max_hp_gain":0.0,"max_hp_loss":0.0,"gold_gain":0.0,"event_name":"Addict","player_choice":"Obtained Relic","floor":29.0,"gold_loss":85.0,"damage_taken":0.0,"relics_obtained":["Ice Cream"]},{"damage_healed":0,"gold_gain":0,"player_choice":"Upgrade","damage_taken":0,"max_hp_gain":0,"max_hp_loss":0,"event_name":"Designer","floor":38,"gold_loss":40,"cards_upgraded":["Footwork"]}],"is_beta":false,"boss_relics":[{"not_picked":["White Beast Statue","Cursed Key"],"picked":"Pandora\u0027s Box"},{"not_picked":["Snecko Eye","Lizard Tail"],"picked":"Coffee Dripper"}],"items_purged_floors":[2,30],"is_endless":false,"potions_floor_spawned":[5,10,11,13,14,24,27,31,35,41],"killed_by":"Maw","ascension_level":7}