{"gold_per_floor":[113,129,129,129,17,17,49,49,49,49,62,62,96,145,145,224,224,224,224,224,224,224,224,224,224,224,224,55,35,35,35,35,35,35,35,35,35,0,0,0,0,0,0,0,0,0,0,0,0,0,0,0,0,0,0,0],"floor_reached":56,"playtime":2821,"items_purged":[],"score":1833,"play_id":"753e004b-b56b-43e8-812f-1ded994f35d4","local_time":"20190403111558","is_ascension_mode":true,"campfire_choices":[{"floor":6.0,"key":"REST"},{"data":"Clothesline","floor":10.0,"key":"SMITH"},{"data":"Uppercut","floor":12.0,"key":"SMITH"},{"data":"Spot Weakness","floor":15.0,"key":"SMITH"},{"data":"Demon Form","floor":23.0,"key":"SMITH"},{"data":"Sword Boomerang","floor":25.0,"key":"SMITH"},{"data":"Flame Barrier","floor":30.0,"key":"SMITH"},{"data":"Battle Trance","floor":32.0,"key":"SMITH"},{"floor":40,"key":"RECALL"},{"floor":44,"key":"REST"},{"floor":46,"key":"REST"},{"floor":49,"key":"REST"},{"floor":53,"key":"REST"}],"neow_cost":"PERCENT_DAMAGE","seed_source_timestamp":656449469196100,"circlet_count":0,"master_deck":["AscendersBane","Strike_R","Strike_R","Strike_R","Strike_R+1","Strike_R","Defend_R+1","Defend_R","Defend_R","Defend_R","Bash+1","Headbutt","Clothesline+1","Shrug It Off","Corruption","Battle Trance+1","Uppercut+1","Spot Weakness+1","Demon Form+1","Ghostly Armor+1","Shrug It Off","Sword Boomerang+1","Flame Barrier+1","Dark Embrace","Demon Form","Sword Boomerang","Bloodletting","Heavy Blade","Exhume"],"special_seed":0,"relics":["Burning Blood","Incense Burner","Happy Flower","Gremlin Horn","Lantern","Ectoplasm","The Courier","Pantograph","Lee\u0027s Waffle","Fusion Hammer","Bird Faced Urn","Red Mask","Mango","Blue Candle","Bag of Marbles","Bag of Preparation","Blood Vial"],"potions_floor_usage":[45],"damage_taken":[{"damage":16.0,"enemies":"Jaw Worm","floor":1.0,"turns":7.0},{"damage":0.0,"enemies":"2 Louse","floor":2.0,"turns":4.0},{"damage":14.0,"enemies":"Gremlin Nob","floor":7.0,"turns":4.0},{"damage":0.0,"enemies":"Cultist","floor":11.0,"turns":3.0},{"damage":10.0,"enemies":"Lagavulin","floor":13.0,"turns":7.0},{"damage":28.0,"enemies":"Hexaghost","floor":16.0,"turns":9.0},{"damage":1.0,"enemies":"Chosen","floor":18.0,"turns":3.0},{"damage":10.0,"enemies":"Shell Parasite","floor":19.0,"turns":4.0},{"damage":0.0,"enemies":"Centurion and Healer","floor":21.0,"turns":4.0},{"damage":11.0,"enemies":"Sentry and Sphere","floor":24.0,"turns":5.0},{"damage":34.0,"enemies":"Book of Stabbing","floor":27.0,"turns":5.0},{"damage":8.0,"enemies":"Cultist and Chosen","floor":31.0,"turns":7.0},{"damage":44.0,"enemies":"Automaton","floor":33.0,"turns":9.0},{"damage":11,"enemies":"Orb Walker","floor":35,"turns":3},{"damage":47,"enemies":"3 Darklings","floor":36,"turns":5},{"damage":0,"enemies":"Mind Bloom Boss Battle","floor":37,"turns":6},{"damage":15,"enemies":"Jaw Worm Horde","floor":41,"turns":5},{"damage":32,"enemies":"Spire Growth","floor":42,"turns":5},{"damage":46,"enemies":"Giant Head","floor":45,"turns":6},{"damage":37,"enemies":"Reptomancer","floor":47,"turns":5},{"damage":69,"enemies":"Awakened One","floor":50,"turns":9},{"damage":49,"enemies":"Donu and Deca","floor":51,"turns":6},{"damage":67,"enemies":"Shield and Spear","floor":55,"turns":6},{"damage":69,"enemies":"The Heart","floor":56,"turns":3}],"seed_played":"-8457121979164684818","potions_obtained":[{"floor":1.0,"key":"Energy Potion"},{"floor":18.0,"key":"SteroidPotion"},{"floor":24.0,"key":"SteroidPotion"},{"floor":47,"key":"Dexterity Potion"}],"is_trial":false,"path_per_floor":["M","M","?","?","$","R","E","$","T","R","M","R","E","T","R","B",null,"M","M","?","M","?","R","M","R","T","E","$","?","R","M","R","B",null,"M","M","?","?","T","R","M","M","T","R","E","R","E","?","R","B","B",null,"R","$","E","B"],"character_chosen":"IRONCLAD","items_purchased":["Shrug It Off","Corruption","Lee\u0027s Waffle"],"campfire_rested":5,"item_purchase_floors":[5,5,28],"current_hp_per_floor":[40,46,46,23,23,45,37,37,37,37,43,43,39,39,39,17,61,66,62,62,68,47,47,42,42,42,14,87,87,87,85,85,49,78,73,32,63,63,77,77,76,56,56,86,54,84,61,61,89,37,27,79,96,96,39,0],"gold":0,"neow_bonus":"ONE_RARE_RELIC","is_prod":false,"is_daily":false,"chose_seed":false,"campfire_upgraded":7,"win_rate":0,"timestamp":1554279358,"path_taken":["M","M","?","?","?","R","E","$","T","R","M","R","E","?","R","BOSS","M","M","?","M","?","R","M","R","T","E","$","?","R","?","R","BOSS","M","M","?","?","?","R","M","?","T","R","E","R","E","?","R","BOSS","BOSS","R","$","E","BOSS"],"build_version":"2019-01-23","purchased_purges":0,"victory":false,"max_hp_per_floor":[75,75,75,75,75,75,75,75,75,75,75,75,75,75,75,75,75,75,75,75,75,80,80,80,80,80,80,87,87,87,87,87,87,87,87,87,87,87,101,101,101,101,101,101,101,101,101,96,96,96,96,96,96,96,96,96],"card_choices":[{"not_picked":["Rage","Havoc"],"picked":"Headbutt","floor":1.0},{"not_picked":["Bloodletting","Evolve"],"picked":"Clothesline","floor":2.0},{"not_picked":["Iron Wave","Fire Breathing"],"picked":"Battle Trance","floor":7.0},{"not_picked":["Warcry","Flex"],"picked":"Uppercut","floor":11.0},{"not_picked":["Iron Wave","Perfected Strike"],"picked":"Spot Weakness","floor":13.0},{"not_picked":["Fiend Fire","Exhume"],"picked":"Demon Form","floor":16.0},{"not_picked":["Perfected Strike","Body Slam"],"picked":"Ghostly Armor+1","floor":18.0},{"not_picked":["Perfected Strike","Dropkick"],"picked":"Shrug It Off","floor":19.0},{"not_picked":["Pommel Strike","Clothesline","Sentinel"],"picked":"SKIP","floor":21.0},{"not_picked":["Thunderclap","Warcry","Second Wind"],"picked":"SKIP","floor":24.0},{"not_picked":["Sentinel","Combust"],"picked":"Flame Barrier","floor":27.0},{"not_picked":["Twin Strike","Bloodletting"],"picked":"Dark Embrace","floor":31.0},{"not_picked":["Bludgeon","Berserk"],"picked":"Demon Form","floor":33.0},{"not_picked":["Headbutt","Armaments","Perfected Strike+1"],"picked":"SKIP","floor":35},{"not_picked":["Clash","Metallicize"],"picked":"Sword Boomerang","floor":36},{"not_picked":["Cleave+1","Pommel Strike"],"picked":"Bloodletting","floor":41},{"not_picked":["Havoc","Intimidate+1"],"picked":"Heavy Blade","floor":42},{"not_picked":["Armaments","Cleave"],"picked":"Exhume","floor":45},{"not_picked":["Metallicize","Perfected Strike","Juggernaut"],"picked":"SKIP","floor":47},{"not_picked":["Wild Strike","Bloodletting","Power Through"],"picked":"SKIP","floor":55}],"player_experience":954738,"relics_obtained":[{"floor":7.0,"key":"Happy Flower"},{"floor":9.0,"key":"Gremlin Horn"},{"floor":13.0,"key":"Lantern"},{"floor":26.0,"key":"The Courier"},{"floor":27.0,"key":"Pantograph"},{"floor":37,"key":"Bird Faced Urn"},{"floor":39,"key":"Mango"},{"floor":43,"key":"Blue Candle"},{"floor":45,"key":"Bag of Marbles"},{"floor":47,"key":"Bag of Preparation"},{"floor":55,"key":"Blood Vial"}],"event_choices":[{"damage_healed":0.0,"max_hp_gain":0.0,"max_hp_loss":0.0,"gold_gain":0.0,"event_name":"Living Wall","player_choice":"Grow","floor":3.0,"gold_loss":0.0,"damage_taken":0.0,"cards_upgraded":["Bash"]},{"damage_healed":0.0,"max_hp_gain":0.0,"max_hp_loss":0.0,"gold_gain":0.0,"event_name":"Shining Light","player_choice":"Entered Light","floor":4.0,"gold_loss":0.0,"damage_taken":23.0,"cards_upgraded":["Strike_R","Defend_R"]},{"damage_healed":0.0,"max_hp_gain":0.0,"max_hp_loss":0.0,"gold_gain":0.0,"event_name":"The Library","player_choice":"Read","floor":20.0,"gold_loss":0.0,"damage_taken":0.0,"cards_obtained":["Sword Boomerang"]},{"damage_healed":0.0,"max_hp_gain":5.0,"max_hp_loss":0.0,"gold_gain":0.0,"event_name":"Forgotten Altar","player_choice":"Shed Blood","floor":22.0,"gold_loss":0.0,"damage_taken":26.0},{"damage_healed":0.0,"max_hp_gain":0.0,"max_hp_loss":0.0,"gold_gain":0.0,"event_name":"The Woman in Blue","player_choice":"Bought 1 Potion","floor":29.0,"gold_loss":0.0,"damage_taken":0.0},{"damage_healed":0,"gold_gain":0,"player_choice":"Fight","damage_taken":0,"max_hp_gain":0,"max_hp_loss":0,"event_name":"MindBloom","floor":37,"gold_loss":0},{"damage_healed":0,"gold_gain":0,"player_choice":"Paid","damage_taken":0,"relics_obtained":["Red Mask"],"max_hp_gain":0,"max_hp_loss":0,"event_name":"Tomb of Lord Red Mask","floor":38,"gold_loss":35},{"damage_healed":0,"gold_gain":0,"player_choice":"Max HP","damage_taken":0,"max_hp_gain":0,"max_hp_loss":5,"event_name":"Winding Halls","floor":48,"gold_loss":0}],"is_beta":false,"boss_relics":[{"not_picked":["Empty Cage","Mark of Pain"],"picked":"Ectoplasm"},{"not_picked":["Eternal Feather","Black Star"],"picked":"Fusion Hammer"}],"items_purged_floors":[],"is_endless":false,"potions_floor_spawned":[1,18,24,36,42,47],"killed_by":"The Heart","ascension_level":20}