{"gold_per_floor":[14,30,46,4,19,45,45,59,59,70,70,45,71,71,71,147,147,158,4,4,22,22,51,101,101],"floor_reached":25,"playtime":1220,"items_purged":["Strike_B"],"score":439,"play_id":"358016cf-67ef-4bbd-94d9-445fc5746131","local_time":"20190305094415","is_ascension_mode":true,"campfire_choices":[{"data":"Zap","floor":7.0,"key":"SMITH"},{"floor":11.0,"key":"REST"},{"data":"Reinforced Body","floor":15.0,"key":"SMITH"}],"neow_cost":"NO_GOLD","seed_source_timestamp":0,"circlet_count":0,"master_deck":["AscendersBane","Strike_B+1","Strike_B+1","Strike_B+1","Defend_B+1","Defend_B+1","Defend_B+1","Defend_B+1","Zap+1","Dualcast","Ball Lightning","Reinforced Body+1","Undo","Capacitor","Steam","White Noise","Self Repair","Doom and Gloom","Gash","Ball Lightning","Electrodynamics","Glacier","FTL","Barrage","Seek"],"special_seed":0,"relics":["Cracked Core","Torii","Emotion Chip","Ornamental Fan","Matryoshka","Nuclear Battery","Cables"],"potions_floor_usage":[25],"damage_taken":[{"damage":7.0,"enemies":"Jaw Worm","floor":1.0,"turns":3.0},{"damage":1.0,"enemies":"Cultist","floor":2.0,"turns":3.0},{"damage":0.0,"enemies":"Small Slimes","floor":3.0,"turns":3.0},{"damage":12.0,"enemies":"Looter","floor":5.0,"turns":3.0},{"damage":14.0,"enemies":"3 Sentries","floor":6.0,"turns":8.0},{"damage":2.0,"enemies":"Blue Slaver","floor":8.0,"turns":4.0},{"damage":10.0,"enemies":"Exordium Thugs","floor":10.0,"turns":6.0},{"damage":8.0,"enemies":"Gremlin Nob","floor":13.0,"turns":4.0},{"damage":39.0,"enemies":"The Guardian","floor":16.0,"turns":8.0},{"damage":16,"enemies":"Shell Parasite","floor":18,"turns":3},{"damage":1,"enemies":"Spheric Guardian","floor":21,"turns":5},{"damage":24,"enemies":"Slavers","floor":23,"turns":5},{"damage":33,"enemies":"Book of Stabbing","floor":25,"turns":4}],"seed_played":"8874064587849097761","potions_obtained":[{"floor":2.0,"key":"Energy Potion"},{"floor":6.0,"key":"Block Potion"},{"floor":8.0,"key":"Block Potion"},{"floor":14.0,"key":"FearPotion"},{"floor":14.0,"key":"EntropicBrew"},{"floor":18,"key":"Ancient Potion"}],"is_trial":false,"path_per_floor":["M","M","M","$","M","E","R","M","T","M","R","$","E","?","R","B",null,"M","$","?","M","$","E","?","E"],"character_chosen":"DEFECT","items_purchased":["Capacitor","Gash","FTL"],"campfire_rested":1,"item_purchase_floors":[4,12,19],"current_hp_per_floor":[57,56,56,56,44,30,30,28,28,25,46,46,45,45,45,13,57,48,48,48,54,54,30,30,0],"gold":101,"neow_bonus":"ONE_RARE_RELIC","is_prod":false,"is_daily":false,"chose_seed":false,"campfire_upgraded":2,"win_rate":0,"timestamp":1551771855,"path_taken":["M","M","M","$","M","E","R","M","T","M","R","$","E","?","R","BOSS","M","?","?","M","$","E","?","E"],"build_version":"2019-01-23","purchased_purges":1,"victory":false,"max_hp_per_floor":[71,71,71,71,71,71,71,71,71,71,71,71,71,71,71,71,71,71,71,71,71,71,71,71,71],"card_choices":[{"not_picked":["Barrage","Gash"],"picked":"Ball Lightning","floor":1.0},{"not_picked":["Beam Cell","Rebound"],"picked":"Reinforced Body","floor":2.0},{"not_picked":["Barrage","Reprogram"],"picked":"Undo","floor":3.0},{"not_picked":["Barrage","Hologram"],"picked":"Steam","floor":5.0},{"not_picked":["Skim","Beam Cell"],"picked":"White Noise","floor":6.0},{"not_picked":["Go for the Eyes","Turbo"],"picked":"Self Repair","floor":8.0},{"not_picked":["Fission","Compile Driver"],"picked":"Doom and Gloom","floor":10.0},{"not_picked":["Rebound","Leap"],"picked":"Ball Lightning","floor":13.0},{"not_picked":["Creative AI","Amplify"],"picked":"Electrodynamics","floor":16.0},{"not_picked":["Conserve Battery","Heatsinks"],"picked":"Glacier","floor":18},{"not_picked":["Beam Cell+1","Stack+1"],"picked":"Barrage","floor":21},{"not_picked":["Static Discharge","Leap+1"],"picked":"Seek","floor":23}],"player_experience":901492,"relics_obtained":[{"floor":6.0,"key":"Emotion Chip"},{"floor":9.0,"key":"Ornamental Fan"},{"floor":13.0,"key":"Matryoshka"},{"floor":23,"key":"Cables"}],"event_choices":[{"damage_healed":0.0,"max_hp_gain":0.0,"max_hp_loss":0.0,"gold_gain":0.0,"event_name":"Lab","player_choice":"Got Potions","floor":14.0,"gold_loss":0.0,"damage_taken":0.0},{"damage_healed":0,"gold_gain":0,"player_choice":"Simplicity","damage_taken":0,"max_hp_gain":0,"max_hp_loss":0,"event_name":"Back to Basics","floor":20,"gold_loss":0,"cards_upgraded":["Strike_B","Strike_B","Strike_B","Defend_B","Defend_B","Defend_B","Defend_B"]},{"damage_healed":0,"gold_gain":50,"player_choice":"Stole From Cult","damage_taken":0,"max_hp_gain":0,"max_hp_loss":0,"event_name":"Nest","floor":24,"gold_loss":0}],"is_beta":false,"boss_relics":[{"not_picked":["Tiny House","Pandora\u0027s Box"],"picked":"Nuclear Battery"}],"items_purged_floors":[19],"is_endless":false,"potions_floor_spawned":[2,6,8,10,18],"killed_by":"Book of Stabbing","ascension_level":18}