{"gold_per_floor":[112,112,126,140,140,178,178,196,196,214,227,268,293,311,311,311],"floor_reached":16,"playtime":566,"items_purged":[],"score":116,"play_id":"ee8fa3f6-0089-4e54-8fd1-957c7feddc97","local_time":"20181212142110","is_ascension_mode":false,"campfire_choices":[{"data":"Rage","floor":7,"key":"SMITH"},{"floor":15,"key":"RECALL"}],"neow_cost":"NONE","seed_source_timestamp":1120170178298219,"circlet_count":0,"master_deck":["Strike_R","Strike_R","Strike_R","Strike_R","Strike_R","Defend_R","Defend_R","Defend_R","Defend_R","Bash","Spot Weakness","Injury","Clothesline+1","Corruption","Rage+1","Spot Weakness","Cleave","Whirlwind","Headbutt","Intimidate","Clothesline"],"relics":["Burning Blood","NeowsBlessing","Golden Idol","Ice Cream","Bottled Tornado"],"potions_floor_usage":[16],"damage_taken":[{"damage":0,"enemies":"Small Slimes","floor":1,"turns":1},{"damage":0,"enemies":"Jaw Worm","floor":3,"turns":1},{"damage":0,"enemies":"Cultist","floor":4,"turns":1},{"damage":29,"enemies":"Lagavulin","floor":6,"turns":7},{"damage":43,"enemies":"Gremlin Gang","floor":8,"turns":7},{"damage":2,"enemies":"Blue Slaver","floor":10,"turns":5},{"damage":12,"enemies":"2 Fungi Beasts","floor":11,"turns":2},{"damage":44,"enemies":"Gremlin Nob","floor":12,"turns":5},{"damage":0,"enemies":"3 Louse","floor":13,"turns":1},{"damage":17,"enemies":"Exordium Thugs","floor":14,"turns":6},{"damage":11,"enemies":"Hexaghost","floor":16,"turns":9}],"seed_played":"5445303024202213270","potions_obtained":[{"floor":4,"key":"FairyPotion"},{"floor":11,"key":"FairyPotion"},{"floor":12,"key":"SkillPotion"},{"floor":14,"key":"GamblersBrew"}],"is_trial":false,"path_per_floor":["M","?","M","M","?","E","R","M","T","M","M","E","M","M","R","B"],"character_chosen":"IRONCLAD","items_purchased":[],"campfire_rested":0,"item_purchase_floors":[],"current_hp_per_floor":[80,80,80,80,80,57,57,20,20,24,18,14,20,9,9,0],"gold":311,"neow_bonus":"THREE_ENEMY_KILL","is_prod":false,"is_daily":false,"chose_seed":false,"campfire_upgraded":1,"win_rate":0,"timestamp":1544592070,"path_taken":["M","?","M","M","?","E","R","M","T","M","M","E","?","M","R","BOSS"],"build_version":"2018-12-06","purchased_purges":0,"victory":false,"max_hp_per_floor":[80,80,80,80,80,80,80,80,80,80,80,80,80,80,80,80],"card_choices":[{"not_picked":["Wild Strike","Thunderclap"],"picked":"Spot Weakness","floor":1},{"not_picked":["Headbutt","Flex"],"picked":"Clothesline","floor":3},{"not_picked":["Iron Wave","Havoc"],"picked":"Corruption","floor":4},{"not_picked":["Fiend Fire","Clash"],"picked":"Rage","floor":6},{"not_picked":["Flex","Clash"],"picked":"Spot Weakness","floor":8},{"not_picked":["Entrench","Dual Wield"],"picked":"Cleave","floor":10},{"not_picked":["Body Slam","Bludgeon"],"picked":"Whirlwind","floor":11},{"not_picked":["Wild Strike","Sentinel"],"picked":"Headbutt","floor":12},{"not_picked":["Corruption","Fire Breathing"],"picked":"Intimidate","floor":13},{"not_picked":["Clash","Body Slam"],"picked":"Clothesline","floor":14}],"player_experience":616220,"relics_obtained":[{"floor":6,"key":"Ice Cream"},{"floor":12,"key":"Bottled Tornado"}],"event_choices":[{"damage_healed":0,"gold_gain":0,"player_choice":"Take Wound","damage_taken":0,"relics_obtained":["Golden Idol"],"max_hp_gain":0,"max_hp_loss":0,"event_name":"Golden Idol","floor":2,"gold_loss":0,"cards_obtained":["Injury"]},{"damage_healed":0,"gold_gain":0,"player_choice":"Forge","damage_taken":0,"max_hp_gain":0,"max_hp_loss":0,"event_name":"Accursed Blacksmith","floor":5,"gold_loss":0,"cards_upgraded":["Clothesline"]}],"is_beta":false,"boss_relics":[],"items_purged_floors":[],"is_endless":false,"potions_floor_spawned":[4,11,12,14],"killed_by":"Hexaghost","ascension_level":0}