{"gold_per_floor":[109,109,34,34,48,48,83,109,191,203,229,310,341,353],"floor_reached":14,"playtime":625,"items_purged":[],"score":180,"play_id":"2d10ebbe-d339-41ab-a5c0-bb41ea82f3e5","local_time":"20190528223953","is_ascension_mode":true,"campfire_choices":[{"data":"Bash","floor":6,"key":"SMITH"},{"floor":10,"key":"REST"}],"neow_cost":"NONE","seed_source_timestamp":569264054827000,"circlet_count":0,"master_deck":["AscendersBane","Strike_R","Strike_R","Strike_R","Strike_R","Defend_R","Defend_R","Defend_R","Defend_R","Bash+1","Twin Strike","Shockwave","Shockwave","Anger","Iron Wave"],"relics":["Burning Blood","Blood Vial","MawBank","Blue Candle"],"potions_floor_usage":[7,14],"damage_taken":[{"damage":7,"enemies":"2 Louse","floor":1,"turns":4},{"damage":2,"enemies":"Jaw Worm","floor":5,"turns":3},{"damage":79,"enemies":"3 Sentries","floor":7,"turns":16},{"damage":4,"enemies":"Cultist","floor":8,"turns":3},{"damage":24,"enemies":"Lots of Slimes","floor":11,"turns":7},{"damage":5,"enemies":"Blue Slaver","floor":13,"turns":4},{"damage":42,"enemies":"Lagavulin","floor":14,"turns":8}],"seed_played":"6299185371665992155","potions_obtained":[{"floor":5,"key":"Dexterity Potion"},{"floor":8,"key":"Poison Potion"},{"floor":13,"key":"SpeedPotion"}],"is_trial":false,"path_per_floor":["M","?","?","?","M","R","E","M","T","R","M","?","M","E"],"character_chosen":"IRONCLAD","items_purchased":[],"campfire_rested":1,"item_purchase_floors":[],"current_hp_per_floor":[69,74,74,74,80,80,7,11,11,35,19,19,22,0],"gold":353,"neow_bonus":"RANDOM_COMMON_RELIC","is_prod":false,"is_daily":false,"chose_seed":false,"campfire_upgraded":1,"win_rate":0,"timestamp":1559072393,"path_taken":["M","?","?","?","M","R","E","?","T","R","M","?","M","E"],"build_version":"2019-01-23","purchased_purges":0,"victory":false,"max_hp_per_floor":[75,80,80,80,80,80,80,80,80,80,80,80,80,80],"card_choices":[{"not_picked":["Iron Wave","Sword Boomerang"],"picked":"Twin Strike","floor":1},{"not_picked":["Evolve","Burning Pact"],"picked":"Shockwave","floor":5},{"not_picked":["Twin Strike","Havoc"],"picked":"Shockwave","floor":7},{"not_picked":["Body Slam","Infernal Blade","Thunderclap"],"picked":"SKIP","floor":8},{"not_picked":["True Grit","Intimidate"],"picked":"Anger","floor":11},{"not_picked":["True Grit","Clothesline"],"picked":"Iron Wave","floor":13}],"player_experience":1040331,"relics_obtained":[{"floor":7,"key":"MawBank"},{"floor":9,"key":"Blue Candle"}],"event_choices":[{"damage_healed":0,"gold_gain":0,"player_choice":"Donut","damage_taken":0,"max_hp_gain":5,"max_hp_loss":0,"event_name":"Big Fish","floor":2,"gold_loss":0},{"cards_removed":["Strike_R"],"damage_healed":0,"gold_gain":0,"player_choice":"Card Removal","damage_taken":0,"max_hp_gain":0,"max_hp_loss":0,"event_name":"The Cleric","floor":3,"gold_loss":75},{"damage_healed":0,"gold_gain":0,"player_choice":"Ignored","damage_taken":0,"max_hp_gain":0,"max_hp_loss":0,"event_name":"Liars Game","floor":4,"gold_loss":0},{"damage_healed":0,"gold_gain":69,"player_choice":"Gained Gold","damage_taken":0,"max_hp_gain":0,"max_hp_loss":0,"event_name":"Golden Wing","floor":12,"gold_loss":0}],"is_beta":false,"boss_relics":[],"items_purged_floors":[],"is_endless":false,"potions_floor_spawned":[5,8,13],"killed_by":"Lagavulin","ascension_level":20}