{"gold_per_floor":[364,344,354,364,50,50,81,81,81,81,6,6,17,17,17,90,90,103,134,134,150,169,169,197,67,67,85,85,85,85,105,105,105],"floor_reached":33,"playtime":1347,"items_purged":["Strike_B"],"score":526,"play_id":"52da676e-7f7e-4902-873e-e8802cfa9640","local_time":"20190627104307","is_ascension_mode":true,"campfire_choices":[{"data":"Barrage","floor":6,"key":"SMITH"},{"data":"Zap","floor":8,"key":"SMITH"},{"data":"Reinforced Body","floor":10,"key":"SMITH"},{"data":"Ball Lightning","floor":12,"key":"SMITH"},{"data":"Gash","floor":15,"key":"SMITH"},{"data":"Hologram","floor":23,"key":"SMITH"},{"data":"Hologram","floor":28,"key":"SMITH"},{"data":"Coolheaded","floor":30,"key":"SMITH"},{"data":"Coolheaded","floor":32,"key":"SMITH"}],"neow_cost":"PERCENT_DAMAGE","seed_source_timestamp":1214366084767700,"circlet_count":0,"master_deck":["AscendersBane","Strike_B+1","Defend_B","Defend_B","Defend_B","Defend_B","Zap+1","Dualcast","Barrage+1","Compile Driver","Ball Lightning+1","Cold Snap","Reinforced Body+1","Gash+1","Reboot","Compile Driver+1","Hologram+1","Coolheaded+1","Hologram+1","Gash","Coolheaded+1","Gash"],"relics":["Cracked Core","Pantograph","Cables","Meat on the Bone","Nuclear Battery","Red Mask","Whetstone","Gremlin Horn"],"potions_floor_usage":[7,16,22],"damage_taken":[{"damage":0,"enemies":"2 Louse","floor":1,"turns":4},{"damage":1,"enemies":"Cultist","floor":3,"turns":3},{"damage":9,"enemies":"Small Slimes","floor":4,"turns":3},{"damage":6,"enemies":"Gremlin Nob","floor":7,"turns":3},{"damage":4,"enemies":"Exordium Thugs","floor":13,"turns":3},{"damage":10,"enemies":"Slime Boss","floor":16,"turns":7},{"damage":12,"enemies":"2 Thieves","floor":18,"turns":4},{"damage":5,"enemies":"Masked Bandits","floor":19,"turns":3},{"damage":0,"enemies":"Spheric Guardian","floor":21,"turns":3},{"damage":3,"enemies":"Snecko","floor":22,"turns":6},{"damage":45,"enemies":"Slavers","floor":24,"turns":8},{"damage":1,"enemies":"Centurion and Healer","floor":27,"turns":4},{"damage":29,"enemies":"Cultist and Chosen","floor":31,"turns":4},{"damage":42,"enemies":"Automaton","floor":33,"turns":6}],"seed_played":"-4731925625737560851","potions_obtained":[{"floor":1,"key":"PowerPotion"},{"floor":2,"key":"Fire Potion"},{"floor":13,"key":"LiquidBronze"},{"floor":19,"key":"GamblersBrew"},{"floor":27,"key":"Dexterity Potion"}],"is_trial":false,"path_per_floor":["M","?","M","M","$","R","E","R","T","R","?","R","M","?","R","B",null,"M","?","?","M","M","R","E","$","T","M","R","?","R","M","R","B"],"character_chosen":"DEFECT","items_purchased":["Pantograph","Cold Snap","Gash"],"campfire_rested":0,"item_purchase_floors":[5,5,25],"current_hp_per_floor":[46,46,45,36,36,36,30,30,30,30,30,30,38,43,43,58,72,60,55,55,55,52,52,19,19,19,30,30,30,30,13,13,0],"gold":105,"neow_bonus":"TWO_FIFTY_GOLD","is_prod":false,"is_daily":false,"chose_seed":false,"campfire_upgraded":9,"win_rate":0,"timestamp":1561621387,"path_taken":["M","?","?","M","$","R","E","R","T","R","?","R","M","?","R","BOSS","M","?","?","?","M","R","E","$","T","?","R","?","R","?","R","BOSS"],"build_version":"2019-01-23","purchased_purges":1,"victory":false,"max_hp_per_floor":[71,71,71,71,71,71,71,71,71,71,71,71,71,76,76,76,76,76,76,76,76,76,76,76,76,76,76,76,76,76,76,76,76],"card_choices":[{"not_picked":["BootSequence","Stack"],"picked":"Barrage","floor":1},{"not_picked":["Steam","Leap"],"picked":"Compile Driver","floor":3},{"not_picked":["Reprogram","Compile Driver"],"picked":"Ball Lightning","floor":4},{"not_picked":["Cold Snap","Consume"],"picked":"Reinforced Body","floor":7},{"not_picked":["Amplify","Stack"],"picked":"Gash","floor":13},{"not_picked":["Fission","Amplify"],"picked":"Reboot","floor":16},{"not_picked":["BootSequence","Streamline","Leap"],"picked":"SKIP","floor":18},{"not_picked":["BootSequence","Streamline","Leap"],"picked":"SKIP","floor":18},{"not_picked":["Blizzard","Sweeping Beam"],"picked":"Compile Driver","floor":19},{"not_picked":["Genetic Algorithm","Conserve Battery"],"picked":"Hologram","floor":21},{"not_picked":["Rebound","Aggregate"],"picked":"Coolheaded","floor":22},{"not_picked":["Reinforced Body","Gash"],"picked":"Hologram","floor":24},{"not_picked":["Conserve Battery","Sweeping Beam"],"picked":"Coolheaded","floor":27},{"not_picked":["Consume","Turbo"],"picked":"Gash","floor":31}],"player_experience":1183276,"relics_obtained":[{"floor":7,"key":"Cables"},{"floor":9,"key":"Meat on the Bone"},{"floor":19,"key":"Red Mask"},{"floor":24,"key":"Whetstone"},{"floor":26,"key":"Gremlin Horn"}],"event_choices":[{"damage_healed":0,"gold_gain":0,"player_choice":"Bought 1 Potion","damage_taken":0,"max_hp_gain":0,"max_hp_loss":0,"event_name":"The Woman in Blue","floor":2,"gold_loss":0},{"cards_removed":["Strike_B"],"damage_healed":0,"gold_gain":0,"player_choice":"Card Removal","damage_taken":0,"max_hp_gain":0,"max_hp_loss":0,"event_name":"The Cleric","floor":11,"gold_loss":75},{"damage_healed":0,"gold_gain":0,"player_choice":"Donut","damage_taken":0,"max_hp_gain":5,"max_hp_loss":0,"event_name":"Big Fish","floor":14,"gold_loss":0},{"damage_healed":0,"gold_gain":0,"player_choice":"Fought Bandits","damage_taken":0,"max_hp_gain":0,"max_hp_loss":0,"event_name":"Masked Bandits","floor":19,"gold_loss":0},{"damage_healed":0,"gold_gain":0,"player_choice":"Ignored","damage_taken":0,"max_hp_gain":0,"max_hp_loss":0,"event_name":"Ghosts","floor":20,"gold_loss":0},{"cards_removed":["Strike_B"],"damage_healed":0,"gold_gain":0,"player_choice":"Card Removal","damage_taken":0,"max_hp_gain":0,"max_hp_loss":0,"event_name":"Wheel of Change","floor":29,"gold_loss":0}],"is_beta":false,"boss_relics":[{"not_picked":["Busted Crown","Eternal Feather"],"picked":"Nuclear Battery"}],"items_purged_floors":[25],"is_endless":false,"potions_floor_spawned":[1,13,19,21,27],"killed_by":"Automaton","ascension_level":20}