{"gold_per_floor":[119,44,62,62,73,107,120,120,168,168,184,184,197,224,224,299,299,316,316,241,275,285,285],"floor_reached":23,"playtime":899,"items_purged":["Strike_B"],"score":353,"play_id":"dd936b11-e4c7-45ea-b477-544216567135","local_time":"20190102221411","is_ascension_mode":true,"campfire_choices":[{"data":"Zap","floor":8,"key":"SMITH"},{"data":"Loop","floor":10,"key":"SMITH"},{"data":"Dualcast","floor":15,"key":"SMITH"}],"neow_cost":"NONE","seed_source_timestamp":1400796586842007,"circlet_count":0,"master_deck":["AscendersBane","Strike_B","Defend_B","Defend_B","Zap+1","Dualcast+1","Cold Snap","Auto Shields","Loop+1","Coolheaded","Coolheaded","Capacitor","Fission","Sunder+1","Steam+1","Capacitor+1","Hologram","White Noise+1","Coolheaded"],"relics":["Cracked Core","NeowsBlessing","Mummified Hand","Bronze Scales","DataDisk","Ancient Tea Set","Astrolabe","Red Mask"],"potions_floor_usage":[21],"damage_taken":[{"damage":0,"enemies":"2 Louse","floor":1,"turns":1},{"damage":0,"enemies":"Cultist","floor":3,"turns":1},{"damage":0,"enemies":"Small Slimes","floor":5,"turns":1},{"damage":23,"enemies":"3 Sentries","floor":6,"turns":9},{"damage":4,"enemies":"Blue Slaver","floor":7,"turns":4},{"damage":4,"enemies":"Large Slime","floor":11,"turns":4},{"damage":0,"enemies":"2 Fungi Beasts","floor":13,"turns":3},{"damage":26,"enemies":"Slime Boss","floor":16,"turns":17},{"damage":11,"enemies":"2 Thieves","floor":18,"turns":4},{"damage":5,"enemies":"Masked Bandits","floor":21,"turns":6},{"damage":1,"enemies":"Spheric Guardian","floor":22,"turns":6},{"damage":28,"enemies":"Colosseum Slavers","floor":23,"turns":3}],"seed_played":"1500737795646143620","potions_obtained":[{"floor":3,"key":"FearPotion"},{"floor":5,"key":"Strength Potion"},{"floor":6,"key":"PowerPotion"},{"floor":21,"key":"Dexterity Potion"}],"is_trial":false,"path_per_floor":["M","$","M","?","M","E","M","R","T","R","M","?","M","T","R","B",null,"M","?","?","?","M","?"],"character_chosen":"DEFECT","items_purchased":[],"campfire_rested":0,"item_purchase_floors":[],"current_hp_per_floor":[64,64,64,64,64,41,37,37,37,37,33,33,33,33,33,7,55,44,24,24,19,18,0],"gold":285,"neow_bonus":"THREE_ENEMY_KILL","is_prod":false,"is_daily":false,"chose_seed":false,"campfire_upgraded":3,"win_rate":0,"timestamp":1546434851,"path_taken":["M","$","M","?","?","E","M","R","T","R","M","?","M","?","R","BOSS","M","?","?","?","?","?"],"build_version":"2018-12-20","purchased_purges":1,"victory":false,"max_hp_per_floor":[71,71,71,71,71,71,71,71,71,71,71,71,71,71,71,71,71,71,76,76,76,76,76],"card_choices":[{"not_picked":["Gash","Hello World"],"picked":"Cold Snap","floor":1},{"not_picked":["Hologram","Recycle"],"picked":"Auto Shields","floor":3},{"not_picked":["Turbo","Hologram"],"picked":"Loop","floor":5},{"not_picked":["Compile Driver","Blizzard"],"picked":"Coolheaded","floor":6},{"not_picked":["Genetic Algorithm","Rainbow"],"picked":"Coolheaded","floor":7},{"not_picked":["Skim","Self Repair"],"picked":"Capacitor","floor":11},{"not_picked":["Sweeping Beam","Blizzard","Barrage"],"picked":"SKIP","floor":13},{"not_picked":["Multi-Cast","Hyperbeam"],"picked":"Fission","floor":16},{"not_picked":["Heatsinks","Gash"],"picked":"Hologram","floor":18},{"not_picked":["Cold Snap","Stack"],"picked":"White Noise+1","floor":21},{"not_picked":["Redo","Sweeping Beam"],"picked":"Coolheaded","floor":22}],"player_experience":718606,"relics_obtained":[{"floor":6,"key":"Bronze Scales"},{"floor":9,"key":"DataDisk"},{"floor":14,"key":"Ancient Tea Set"},{"floor":21,"key":"Red Mask"}],"event_choices":[{"damage_healed":0,"gold_gain":0,"player_choice":"Gave Potion","damage_taken":0,"relics_obtained":["Mummified Hand"],"max_hp_gain":0,"max_hp_loss":0,"event_name":"WeMeetAgain","floor":4,"gold_loss":0},{"damage_healed":0,"gold_gain":0,"player_choice":"Ignored","damage_taken":0,"max_hp_gain":0,"max_hp_loss":0,"event_name":"Golden Idol","floor":12,"gold_loss":0},{"damage_healed":0,"gold_gain":0,"player_choice":"Shed Blood","damage_taken":25,"max_hp_gain":5,"max_hp_loss":0,"event_name":"Forgotten Altar","floor":19,"gold_loss":0},{"cards_removed":["Defend_B"],"damage_healed":0,"gold_gain":0,"player_choice":"Gave Gold","damage_taken":0,"max_hp_gain":0,"max_hp_loss":0,"event_name":"Beggar","floor":20,"gold_loss":75},{"damage_healed":0,"gold_gain":0,"player_choice":"Fought Bandits","damage_taken":0,"max_hp_gain":0,"max_hp_loss":0,"event_name":"Masked Bandits","floor":21,"gold_loss":0},{"damage_healed":0,"gold_gain":0,"player_choice":"Fight","damage_taken":0,"max_hp_gain":0,"max_hp_loss":0,"event_name":"Colosseum","floor":23,"gold_loss":0}],"is_beta":false,"boss_relics":[{"not_picked":["Busted Crown","Runic Dome"],"picked":"Astrolabe"}],"items_purged_floors":[2],"is_endless":false,"potions_floor_spawned":[3,5,6,7,16,18,21,22],"killed_by":"Colosseum Slavers","ascension_level":17}