{"gold_per_floor":[114,131,131,149,159,159,194,194,194,194,207,207,226,259,259,333,333,343,343,343,14,31,63,63,98,98,20,38,363,15,15],"floor_reached":31,"playtime":1523,"items_purged":[],"score":656,"play_id":"fde59f33-7136-49e3-a53d-90c2e8be89f6","local_time":"20190622005417","is_ascension_mode":true,"campfire_choices":[{"data":"Poisoned Stab","floor":6.0,"key":"SMITH"},{"data":"Neutralize","floor":8.0,"key":"SMITH"},{"floor":10.0,"key":"REST"},{"floor":15.0,"key":"REST"},{"floor":24,"key":"REST"}],"neow_cost":"NONE","seed_source_timestamp":746796239933300,"circlet_count":0,"master_deck":["AscendersBane","Defend_G+1","Defend_G+1","Defend_G+1","Defend_G+1","Defend_G+1","Strike_G+1","Strike_G+1","Strike_G+1","Strike_G+1","Survivor","Neutralize+1","Poisoned Stab+1","Deadly Poison","PiercingWail","Backstab","Calculated Gamble","Burst","Footwork","Leg Sweep","Adrenaline","Noxious Fumes","Crippling Poison","Dodge and Roll","Escape Plan","Blur"],"special_seed":0,"relics":["Ring of the Snake","NeowsBlessing","Anchor","Ninja Scroll","Bird Faced Urn","Fusion Hammer","Ice Cream","Dodecahedron","Potion Belt","Nunchaku","Old Coin","Snake Skull"],"potions_floor_usage":[23,23,25],"damage_taken":[{"damage":0.0,"enemies":"Jaw Worm","floor":1.0,"turns":1.0},{"damage":0.0,"enemies":"2 Louse","floor":2.0,"turns":1.0},{"damage":0.0,"enemies":"Cultist","floor":4.0,"turns":1.0},{"damage":12.0,"enemies":"Exordium Wildlife","floor":5.0,"turns":6.0},{"damage":31.0,"enemies":"Lagavulin","floor":7.0,"turns":8.0},{"damage":0.0,"enemies":"Looter","floor":11.0,"turns":2.0},{"damage":0.0,"enemies":"Blue Slaver","floor":13.0,"turns":2.0},{"damage":43.0,"enemies":"Gremlin Nob","floor":14.0,"turns":4.0},{"damage":21.0,"enemies":"The Guardian","floor":16.0,"turns":11.0},{"damage":8.0,"enemies":"2 Thieves","floor":18.0,"turns":5.0},{"damage":0.0,"enemies":"3 Byrds","floor":22.0,"turns":6.0},{"damage":35,"enemies":"Gremlin Leader","floor":23,"turns":11},{"damage":0,"enemies":"Slavers","floor":25,"turns":6},{"damage":11,"enemies":"Snake Plant","floor":28,"turns":4},{"damage":37,"enemies":"Gremlin Leader","floor":29,"turns":7},{"damage":12,"enemies":"Chosen and Byrds","floor":31,"turns":6}],"seed_played":"4672035948398785685","potions_obtained":[{"floor":1.0,"key":"SpeedPotion"},{"floor":5.0,"key":"FairyPotion"},{"floor":14.0,"key":"GamblersBrew"},{"floor":16.0,"key":"SkillPotion"},{"floor":18.0,"key":"Regen Potion"},{"floor":23,"key":"SteroidPotion"},{"floor":29,"key":"Energy Potion"}],"is_trial":false,"path_per_floor":["M","M","?","M","M","R","E","R","T","R","M","?","M","E","R","B",null,"M","?","?","$","M","E","R","E","T","$","M","E","$","M"],"character_chosen":"THE_SILENT","items_purchased":["Ice Cream","Crippling Poison","Escape Plan","Snake Skull","Blur"],"campfire_rested":3,"item_purchase_floors":[21,27,30,30,30],"current_hp_per_floor":[59,59,59,59,47,47,16,16,16,35,35,35,35,6,25,4,51,43,43,43,43,45,27,46,48,48,48,41,8,8,0],"gold":15,"neow_bonus":"THREE_ENEMY_KILL","is_prod":false,"is_daily":false,"chose_seed":false,"campfire_upgraded":2,"win_rate":0,"timestamp":1561154057,"path_taken":["M","M","?","M","M","R","E","R","T","R","M","?","?","E","R","BOSS","M","?","?","$","M","E","R","E","T","$","M","E","$","M"],"build_version":"2019-01-23","purchased_purges":0,"victory":false,"max_hp_per_floor":[66,66,66,66,66,66,66,66,66,66,66,66,66,66,66,66,66,66,66,66,66,66,66,66,66,66,66,66,66,66,66],"card_choices":[{"not_picked":["Blur","Prepared"],"picked":"Poisoned Stab","floor":1.0},{"not_picked":["Dagger Spray","Dodge and Roll"],"picked":"Deadly Poison","floor":2.0},{"not_picked":["Blade Dance","Sucker Punch"],"picked":"PiercingWail","floor":4.0},{"not_picked":["PiercingWail","Unload","Poisoned Stab"],"picked":"SKIP","floor":5.0},{"not_picked":["Terror","Riddle With Holes","Reflex"],"picked":"SKIP","floor":7.0},{"not_picked":["Blade Dance","Dagger Throw"],"picked":"Backstab","floor":11.0},{"not_picked":["Dagger Spray","Prepared"],"picked":"Calculated Gamble","floor":13.0},{"not_picked":["Prepared","Quick Slash","Dagger Spray"],"picked":"SKIP","floor":14.0},{"not_picked":["Venomology","Night Terror"],"picked":"Burst","floor":16.0},{"not_picked":["Flying Knee","Slice","Reflex"],"picked":"SKIP","floor":18.0},{"not_picked":["Finisher","Caltrops+1"],"picked":"Leg Sweep","floor":22.0},{"not_picked":["Sucker Punch","Acrobatics"],"picked":"Adrenaline","floor":23},{"not_picked":["Eviscerate","Cloak And Dagger"],"picked":"Noxious Fumes","floor":25},{"not_picked":["Acrobatics","Slice+1"],"picked":"Dodge and Roll","floor":28},{"not_picked":["Deadly Poison","Sucker Punch","Deflect"],"picked":"SKIP","floor":29}],"player_experience":1152119,"relics_obtained":[{"floor":7.0,"key":"Anchor"},{"floor":9.0,"key":"Ninja Scroll"},{"floor":14.0,"key":"Bird Faced Urn"},{"floor":23,"key":"Dodecahedron"},{"floor":25,"key":"Potion Belt"},{"floor":26,"key":"Nunchaku"},{"floor":29,"key":"Old Coin"}],"event_choices":[{"damage_healed":0.0,"max_hp_gain":0.0,"max_hp_loss":0.0,"gold_gain":0.0,"event_name":"Liars Game","player_choice":"Ignored","floor":3.0,"gold_loss":0.0,"damage_taken":0.0},{"cards_removed":["Strike_G"],"damage_healed":0.0,"max_hp_gain":0.0,"max_hp_loss":0.0,"gold_gain":0.0,"event_name":"Purifier","player_choice":"Purged","floor":12.0,"gold_loss":0.0,"damage_taken":0.0},{"damage_healed":0.0,"max_hp_gain":0.0,"max_hp_loss":0.0,"gold_gain":0.0,"event_name":"Back to Basics","player_choice":"Simplicity","floor":19.0,"gold_loss":0.0,"damage_taken":0.0,"cards_upgraded":["Defend_G","Defend_G","Defend_G","Defend_G","Defend_G","Strike_G","Strike_G","Strike_G","Strike_G"]},{"damage_healed":0.0,"max_hp_gain":0.0,"max_hp_loss":0.0,"gold_gain":0.0,"event_name":"The Library","player_choice":"Read","floor":20.0,"gold_loss":0.0,"damage_taken":0.0,"cards_obtained":["Footwork"]}],"is_beta":false,"boss_relics":[{"not_picked":["Runic Dome","Tiny House"],"picked":"Fusion Hammer"}],"items_purged_floors":[],"is_endless":false,"potions_floor_spawned":[1,5,14,16,18,23,29],"killed_by":"Chosen and Byrds","ascension_level":20}