{"gold_per_floor":[18,18,29,44,61,61,95,95,95,95,170,170],"floor_reached":12,"playtime":526,"items_purged":[],"score":148,"play_id":"021562f5-4d34-4510-a0f8-ae390817b773","local_time":"20190216164122","is_ascension_mode":true,"campfire_choices":[{"data":"Crippling Poison","floor":6,"key":"SMITH"},{"floor":8,"key":"REST"},{"data":"Bouncing Flask","floor":10,"key":"SMITH"}],"neow_cost":"NO_GOLD","seed_source_timestamp":67027750331300,"circlet_count":0,"master_deck":["AscendersBane","Defend_G","Defend_G","Defend_G","Defend_G","Defend_G","Strike_G","Strike_G","Strike_G","Survivor","Neutralize","Noxious Fumes","Dodge and Roll","Flying Knee","Crippling Poison+1","Bouncing Flask+1"],"relics":["Ring of the Snake","Molten Egg 2","Question Card"],"potions_floor_usage":[12],"damage_taken":[{"damage":0,"enemies":"2 Louse","floor":1,"turns":4},{"damage":0,"enemies":"Jaw Worm","floor":3,"turns":5},{"damage":7,"enemies":"Cultist","floor":4,"turns":7},{"damage":14,"enemies":"Large Slime","floor":5,"turns":12},{"damage":26,"enemies":"Lagavulin","floor":7,"turns":8},{"damage":20,"enemies":"3 Sentries","floor":12,"turns":4}],"seed_played":"2320447865142268177","potions_obtained":[{"floor":1,"key":"PowerPotion"},{"floor":3,"key":"Dexterity Potion"}],"is_trial":false,"path_per_floor":["M","$","M","M","M","R","E","R","T","R","?","E"],"character_chosen":"THE_SILENT","items_purchased":[],"campfire_rested":1,"item_purchase_floors":[],"current_hp_per_floor":[59,59,59,52,38,38,12,31,31,31,20,0],"gold":170,"neow_bonus":"REMOVE_TWO","is_prod":false,"is_daily":false,"chose_seed":false,"campfire_upgraded":2,"win_rate":0,"timestamp":1550328082,"path_taken":["M","$","M","M","M","R","E","R","T","R","?","E"],"build_version":"2019-01-23","purchased_purges":0,"victory":false,"max_hp_per_floor":[66,66,66,66,66,66,66,66,66,66,66,66],"card_choices":[{"not_picked":["Leg Sweep","Sucker Punch"],"picked":"Noxious Fumes","floor":1},{"not_picked":["Underhanded Strike","Concentrate"],"picked":"Dodge and Roll","floor":3},{"not_picked":["Outmaneuver","Dagger Spray"],"picked":"Flying Knee","floor":4},{"not_picked":["Blur","Sucker Punch"],"picked":"Crippling Poison","floor":5},{"not_picked":["Backflip","Dagger Throw"],"picked":"Bouncing Flask","floor":7}],"player_experience":883096,"relics_obtained":[{"floor":7,"key":"Molten Egg 2"},{"floor":9,"key":"Question Card"}],"event_choices":[{"damage_healed":0,"gold_gain":75,"player_choice":"Gather Gold","damage_taken":11,"max_hp_gain":0,"max_hp_loss":0,"event_name":"World of Goop","floor":11,"gold_loss":0}],"is_beta":false,"boss_relics":[],"items_purged_floors":[],"is_endless":false,"potions_floor_spawned":[1,3,4],"killed_by":"3 Sentries","ascension_level":18}