{"gold_per_floor":[19,32,51,67,67,94,169,169,195,209,209],"floor_reached":11,"playtime":417,"items_purged":[],"score":143,"play_id":"5aa70a01-9683-40af-8370-d6505266160a","local_time":"20190313125637","is_ascension_mode":true,"campfire_choices":[{"floor":8.0,"key":"REST"}],"neow_cost":"NO_GOLD","seed_source_timestamp":1534665278398000,"circlet_count":0,"master_deck":["AscendersBane","Strike_B","Strike_B","Strike_B","Strike_B","Defend_B","Defend_B","Defend_B","Defend_B","Zap","Dualcast","Electrodynamics","Genetic Algorithm","Consume","Amplify","Genetic Algorithm","Conserve Battery"],"special_seed":0,"relics":["Cracked Core","Boot","Omamori"],"potions_floor_usage":[],"damage_taken":[{"damage":2.0,"enemies":"2 Louse","floor":1.0,"turns":2.0},{"damage":2.0,"enemies":"Jaw Worm","floor":2.0,"turns":3.0},{"damage":0.0,"enemies":"Cultist","floor":3.0,"turns":3.0},{"damage":1.0,"enemies":"Exordium Thugs","floor":4.0,"turns":3.0},{"damage":41.0,"enemies":"Lagavulin","floor":6.0,"turns":6.0},{"damage":11,"enemies":"Red Slaver","floor":10,"turns":3},{"damage":41,"enemies":"Gremlin Nob","floor":11,"turns":3}],"seed_played":"6438334619138327414","potions_obtained":[{"floor":2.0,"key":"FearPotion"},{"floor":3.0,"key":"SpeedPotion"}],"is_trial":false,"path_per_floor":["M","M","M","M","?","E","?","R","T","M","E"],"character_chosen":"DEFECT","items_purchased":[],"campfire_rested":1,"item_purchase_floors":[],"current_hp_per_floor":[62,60,60,59,64,23,12,34,34,23,0],"gold":209,"neow_bonus":"THREE_RARE_CARDS","is_prod":false,"is_daily":false,"chose_seed":false,"campfire_upgraded":0,"win_rate":0,"timestamp":1552474597,"path_taken":["M","M","M","M","?","E","?","R","T","M","E"],"build_version":"2019-01-23","purchased_purges":0,"victory":false,"max_hp_per_floor":[71,71,71,71,76,76,76,76,76,76,76],"card_choices":[{"not_picked":["Core Surge","Multi-Cast"],"picked":"Electrodynamics","floor":0.0},{"not_picked":["Turbo","Beam Cell","Redo"],"picked":"SKIP","floor":1.0},{"not_picked":["Redo","Melter"],"picked":"Genetic Algorithm","floor":2.0},{"not_picked":["Hologram","Compile Driver"],"picked":"Consume","floor":3.0},{"not_picked":["Blizzard","Compile Driver"],"picked":"Amplify","floor":4.0},{"not_picked":["Streamline","Turbo"],"picked":"Genetic Algorithm","floor":6.0},{"not_picked":["Turbo","Storm"],"picked":"Conserve Battery","floor":10}],"player_experience":912261,"relics_obtained":[{"floor":6.0,"key":"Boot"},{"floor":9.0,"key":"Omamori"}],"event_choices":[{"damage_healed":0.0,"max_hp_gain":5.0,"max_hp_loss":0.0,"gold_gain":0.0,"event_name":"Big Fish","player_choice":"Donut","floor":5.0,"gold_loss":0.0,"damage_taken":0.0},{"damage_healed":0.0,"max_hp_gain":0.0,"max_hp_loss":0.0,"gold_gain":75.0,"event_name":"World of Goop","player_choice":"Gather Gold","floor":7.0,"gold_loss":0.0,"damage_taken":11.0}],"is_beta":false,"boss_relics":[],"items_purged_floors":[],"is_endless":false,"potions_floor_spawned":[2,3],"killed_by":"Gremlin Nob","ascension_level":18}