{"gold_per_floor":[119,119,183,108,119,119,131,131,131,56,56,67,67,80,80,182,182,193,49,99,112,128,128,146,146,170,189,224,0,0,18,18,122,122,134,184,31,81,131,131,181,195,195,255,269,106,116,136,136,136],"floor_reached":51,"playtime":6157,"items_purged":["Strike_G","Eviscerate"],"score":1178,"play_id":"4bc5d2c3-215e-4d1c-b663-c8f8c5a336d2","local_time":"20190225153946","is_ascension_mode":true,"campfire_choices":[{"data":"Neutralize","floor":6,"key":"SMITH"},{"data":"Adrenaline","floor":8,"key":"SMITH"},{"data":"Footwork","floor":11,"key":"SMITH"},{"data":"Leg Sweep","floor":13,"key":"SMITH"},{"data":"Dodge and Roll","floor":15,"key":"SMITH"},{"data":"Burst","floor":23,"key":"SMITH"},{"data":"Phantasmal Killer","floor":25,"key":"SMITH"},{"floor":30,"key":"REST"},{"data":"Phantasmal Killer","floor":32,"key":"SMITH"},{"data":"After Image","floor":40,"key":"SMITH"},{"data":"Footwork","floor":49,"key":"SMITH"}],"neow_cost":"TEN_PERCENT_HP_LOSS","seed_source_timestamp":835086742917936,"circlet_count":0,"master_deck":["AscendersBane","Survivor","Neutralize+1","Adrenaline+1","Cloak And Dagger","Dash","Dodge and Roll+1","Footwork+1","Leg Sweep+1","Well Laid Plans","Burst+1","After Image+1","Crippling Poison","Phantasmal Killer+1","Riddle With Holes","Phantasmal Killer+1","Glass Knife","Venomology","Deflect","Tools of the Trade","Blur","Adrenaline","Footwork+1","Noxious Fumes","Backflip","Adrenaline","Setup+1","Deflect","Master of Strategy","Footwork+1","Backflip","Panache"],"relics":["Ring of the Snake","SsserpentHead","Tough Bandages","Pandora\u0027s Box","Strawberry","Meat on the Bone","Bag of Marbles","Coffee Dripper","Kunai"],"potions_floor_usage":[18,21,22,24,27,28,31,33,33,42,44,48,50,50],"damage_taken":[{"damage":1,"enemies":"Small Slimes","floor":1,"turns":6},{"damage":0,"enemies":"Cultist","floor":3,"turns":5},{"damage":0,"enemies":"Jaw Worm","floor":5,"turns":5},{"damage":0,"enemies":"Large Slime","floor":7,"turns":9},{"damage":0,"enemies":"3 Louse","floor":12,"turns":4},{"damage":0,"enemies":"2 Fungi Beasts","floor":14,"turns":5},{"damage":57,"enemies":"Slime Boss","floor":16,"turns":34},{"damage":0,"enemies":"Chosen","floor":18,"turns":5},{"damage":3,"enemies":"2 Thieves","floor":21,"turns":4},{"damage":12,"enemies":"Sentry and Sphere","floor":22,"turns":12},{"damage":0,"enemies":"Snecko","floor":24,"turns":5},{"damage":2,"enemies":"Shelled Parasite and Fungi","floor":27,"turns":10},{"damage":24,"enemies":"Book of Stabbing","floor":28,"turns":13},{"damage":9,"enemies":"Cultist and Chosen","floor":31,"turns":11},{"damage":0,"enemies":"Collector","floor":33,"turns":16},{"damage":6,"enemies":"3 Shapes","floor":35,"turns":6},{"damage":0,"enemies":"Orb Walker","floor":42,"turns":5},{"damage":0,"enemies":"Sphere and 2 Shapes","floor":44,"turns":8},{"damage":0,"enemies":"Maw","floor":45,"turns":13},{"damage":0,"enemies":"Jaw Worm Horde","floor":47,"turns":3},{"damage":9,"enemies":"Spire Growth","floor":48,"turns":6},{"damage":0,"enemies":"Time Eater","floor":50,"turns":20}],"seed_played":"5807289933438490162","potions_obtained":[{"floor":3,"key":"GhostInAJar"},{"floor":5,"key":"LiquidBronze"},{"floor":12,"key":"Dexterity Potion"},{"floor":33,"key":"PowerPotion"}],"is_trial":false,"path_per_floor":["M","?","M","$","M","R","M","R","T","$","R","M","R","M","R","B",null,"M","$","?","M","M","R","M","R","T","M","E","$","R","M","R","B",null,"M","?","$","?","?","R","?","M","T","M","M","$","M","M","R","B",null],"character_chosen":"THE_SILENT","items_purchased":["Footwork","Tools of the Trade","Bag of Marbles","Noxious Fumes","Deflect","Panache"],"campfire_rested":1,"item_purchase_floors":[10,19,29,29,37,46],"current_hp_per_floor":[62,62,62,62,62,62,62,62,62,62,62,62,62,62,62,5,49,49,49,49,46,34,34,34,34,41,39,15,15,36,39,39,39,62,56,56,56,56,56,56,56,56,56,56,56,56,56,47,47,47],"gold":136,"neow_bonus":"THREE_RARE_CARDS","is_prod":false,"is_daily":false,"chose_seed":false,"campfire_upgraded":10,"win_rate":0,"timestamp":1551076786,"path_taken":["M","?","?","$","M","R","M","R","T","$","R","M","R","M","R","BOSS","M","$","?","M","M","R","M","R","T","M","E","$","R","M","R","BOSS","M","?","$","?","?","R","?","M","T","?","M","$","M","M","R","BOSS"],"build_version":"2019-01-23","purchased_purges":2,"victory":true,"max_hp_per_floor":[63,63,63,63,63,63,63,63,63,63,63,63,63,63,63,63,63,63,63,63,63,63,63,63,63,70,70,70,70,70,70,70,70,70,70,70,70,70,70,70,70,70,70,70,70,70,70,70,70,70],"card_choices":[{"not_picked":["Tools of the Trade","Venomology"],"picked":"Adrenaline","floor":0},{"not_picked":["Prepared","Acrobatics"],"picked":"Cloak And Dagger","floor":1},{"not_picked":["Poisoned Stab","Flying Knee"],"picked":"Dash","floor":3},{"not_picked":["Crippling Poison","All Out Attack"],"picked":"Dodge and Roll","floor":5},{"not_picked":["Deadly Poison","Underhanded Strike"],"picked":"Dash","floor":7},{"not_picked":["Dagger Throw","Blur"],"picked":"Leg Sweep","floor":12},{"not_picked":["Deadly Poison","Terror"],"picked":"Well Laid Plans","floor":14},{"not_picked":["A Thousand Cuts","Die Die Die"],"picked":"Burst","floor":16},{"not_picked":["Tactician+1","Poisoned Stab"],"picked":"Deflect","floor":18},{"not_picked":["Masterful Stab","Prepared","Backstab"],"picked":"SKIP","floor":21},{"not_picked":["Deadly Poison","PiercingWail+1"],"picked":"Blur","floor":22},{"not_picked":["Quick Slash","All Out Attack","Prepared"],"picked":"SKIP","floor":24},{"not_picked":["Noxious Fumes","Dodge and Roll"],"picked":"Adrenaline","floor":27},{"not_picked":["Outmaneuver","Flying Knee"],"picked":"Footwork","floor":28},{"not_picked":["Distraction+1","Endless Agony"],"picked":"Backflip","floor":31},{"not_picked":["Phantasmal Killer","Night Terror"],"picked":"Adrenaline","floor":33},{"not_picked":["Outmaneuver","Flying Knee"],"picked":"Setup+1","floor":35},{"not_picked":["Panacea","Discovery"],"picked":"Master of Strategy","floor":39},{"not_picked":["Slice","Distraction"],"picked":"Backflip","floor":42},{"not_picked":["Slice","Deadly Poison","Outmaneuver+1"],"picked":"SKIP","floor":44},{"not_picked":["Expertise","Backstab","Flying Knee"],"picked":"SKIP","floor":45},{"not_picked":["Slice+1","Bouncing Flask","Choke"],"picked":"SKIP","floor":47},{"not_picked":["Calculated Gamble","Flying Knee+1","Acrobatics"],"picked":"SKIP","floor":48}],"player_experience":920605,"relics_obtained":[{"floor":9,"key":"Tough Bandages"},{"floor":26,"key":"Strawberry"},{"floor":28,"key":"Meat on the Bone"},{"floor":43,"key":"Kunai"}],"event_choices":[{"damage_healed":0,"gold_gain":0,"player_choice":"Trade","damage_taken":0,"relics_obtained":["SsserpentHead"],"max_hp_gain":0,"max_hp_loss":0,"event_name":"FaceTrader","floor":2,"gold_loss":0},{"cards_removed":["Reflex"],"damage_healed":0,"gold_gain":0,"player_choice":"Elegance","damage_taken":0,"max_hp_gain":0,"max_hp_loss":0,"event_name":"Back to Basics","floor":20,"gold_loss":0},{"cards_removed":["Dash"],"damage_healed":0,"gold_gain":0,"player_choice":"Removed Attack","damage_taken":0,"max_hp_gain":0,"max_hp_loss":0,"event_name":"Falling","floor":36,"gold_loss":0},{"damage_healed":0,"gold_gain":0,"player_choice":"Ignored","damage_taken":0,"max_hp_gain":0,"max_hp_loss":0,"event_name":"Mysterious Sphere","floor":38,"gold_loss":0},{"damage_healed":0,"gold_gain":0,"player_choice":"Memory 1","damage_taken":0,"max_hp_gain":0,"max_hp_loss":0,"event_name":"SensoryStone","floor":39,"gold_loss":0},{"damage_healed":0,"gold_gain":0,"player_choice":"Copied","damage_taken":0,"max_hp_gain":0,"max_hp_loss":0,"event_name":"Duplicator","floor":41,"gold_loss":0,"cards_obtained":["Footwork"]}],"is_beta":false,"boss_relics":[{"not_picked":["HoveringKite","Eternal Feather"],"picked":"Pandora\u0027s Box"},{"not_picked":["White Beast Statue","Runic Pyramid"],"picked":"Coffee Dripper"}],"items_purged_floors":[4,37],"is_endless":false,"potions_floor_spawned":[3,5,12,14,22,27,31,33,42,45,47],"ascension_level":12}