{"gold_per_floor":[116,135,135,135,145,145,161,161,161,161,178,178,189,203,203,279,279,290,205,255,180,191,191],"floor_reached":23,"playtime":998,"items_purged":[],"score":431,"play_id":"88478c84-ccb1-4714-94aa-2468c1bd548f","local_time":"20190104221328","is_ascension_mode":true,"campfire_choices":[{"data":"Zap","floor":6,"key":"SMITH"},{"floor":8,"key":"REST"},{"data":"Buffer","floor":10,"key":"SMITH"},{"data":"Fission","floor":15,"key":"SMITH"}],"neow_cost":"PERCENT_DAMAGE","seed_source_timestamp":1573442650743873,"circlet_count":0,"master_deck":["AscendersBane","Strike_B","Strike_B","Defend_B","Defend_B","Defend_B","Defend_B","Zap+1","Dualcast","Buffer+1","Cold Snap","Auto Shields","Capacitor","Conserve Battery","Chill","Fission+1","Buffer","Cold Snap"],"relics":["Cracked Core","Dead Branch","Peace Pipe","Runic Pyramid","WingedGreaves"],"potions_floor_usage":[16,23],"damage_taken":[{"damage":2,"enemies":"Jaw Worm","floor":1,"turns":4},{"damage":4,"enemies":"2 Louse","floor":2,"turns":3},{"damage":1,"enemies":"Small Slimes","floor":5,"turns":3},{"damage":10,"enemies":"Gremlin Gang","floor":7,"turns":6},{"damage":10,"enemies":"Large Slime","floor":11,"turns":7},{"damage":0,"enemies":"Looter","floor":13,"turns":3},{"damage":2,"enemies":"Exordium Wildlife","floor":14,"turns":6},{"damage":0,"enemies":"Slime Boss","floor":16,"turns":15},{"damage":32,"enemies":"3 Byrds","floor":18,"turns":8},{"damage":3,"enemies":"2 Thieves","floor":22,"turns":4},{"damage":35,"enemies":"Cultist and Chosen","floor":23,"turns":9}],"seed_played":"-7221604608818316637","potions_obtained":[{"floor":2,"key":"SkillPotion"},{"floor":7,"key":"LiquidBronze"},{"floor":18,"key":"SkillPotion"}],"is_trial":false,"path_per_floor":["M","M","?","?","M","R","M","R","T","R","M","?","M","M","R","B",null,"M","?","?","?","M","M"],"character_chosen":"DEFECT","items_purchased":[],"campfire_rested":1,"item_purchase_floors":[],"current_hp_per_floor":[44,40,40,14,13,13,3,24,24,24,14,10,10,8,8,8,55,23,23,23,23,20,0],"gold":191,"neow_bonus":"THREE_RARE_CARDS","is_prod":false,"is_daily":false,"chose_seed":false,"campfire_upgraded":3,"win_rate":0,"timestamp":1546607608,"path_taken":["M","M","?","?","M","R","?","R","T","R","M","?","?","M","R","BOSS","M","?","?","?","M","?"],"build_version":"2019-01-03v3","purchased_purges":0,"victory":false,"max_hp_per_floor":[71,71,71,71,71,71,71,71,71,71,71,71,71,71,71,71,71,71,71,71,71,71,71],"card_choices":[{"not_picked":["Hyperbeam","Meteor Strike"],"picked":"Buffer","floor":0},{"not_picked":["Streamline","Stack","Sweeping Beam"],"picked":"SKIP","floor":1},{"not_picked":["Darkness","Skim"],"picked":"Cold Snap","floor":2},{"not_picked":["Rip and Tear","Leap","Reprogram"],"picked":"SKIP","floor":5},{"not_picked":["Loop","Sweeping Beam"],"picked":"Capacitor","floor":7},{"not_picked":["Recycle","Chaos"],"picked":"Conserve Battery","floor":11},{"not_picked":["Beam Cell","Undo"],"picked":"Chill","floor":13},{"not_picked":["Leap","Blizzard"],"picked":"Fission","floor":14},{"not_picked":["Fission","Multi-Cast"],"picked":"Buffer","floor":16},{"not_picked":["Stack","Hello World","Gash"],"picked":"SKIP","floor":18},{"not_picked":["Recycle","Sweeping Beam"],"picked":"Cold Snap","floor":22}],"player_experience":751950,"relics_obtained":[{"floor":9,"key":"Peace Pipe"}],"event_choices":[{"damage_healed":0,"gold_gain":0,"cards_transformed":["Strike_B"],"player_choice":"Change","damage_taken":0,"max_hp_gain":0,"max_hp_loss":0,"event_name":"Living Wall","floor":3,"gold_loss":0,"cards_obtained":["Auto Shields"]},{"damage_healed":0,"gold_gain":0,"player_choice":"Success","damage_taken":26,"relics_obtained":["Dead Branch"],"max_hp_gain":0,"max_hp_loss":0,"event_name":"Scrap Ooze","floor":4,"gold_loss":0},{"damage_healed":0,"gold_gain":0,"player_choice":"Bought 0 Potions","damage_taken":0,"max_hp_gain":0,"max_hp_loss":0,"event_name":"The Woman in Blue","floor":12,"gold_loss":0},{"damage_healed":0,"gold_gain":0,"player_choice":"Obtained Relic","damage_taken":0,"relics_obtained":["WingedGreaves"],"max_hp_gain":0,"max_hp_loss":0,"event_name":"Addict","floor":19,"gold_loss":85},{"damage_healed":0,"gold_gain":50,"player_choice":"Stole From Cult","damage_taken":0,"max_hp_gain":0,"max_hp_loss":0,"event_name":"Nest","floor":20,"gold_loss":0},{"cards_removed":["Strike_B"],"damage_healed":0,"gold_gain":0,"player_choice":"Gave Gold","damage_taken":0,"max_hp_gain":0,"max_hp_loss":0,"event_name":"Beggar","floor":21,"gold_loss":75}],"is_beta":false,"boss_relics":[{"not_picked":["Black Star","Snecko Eye"],"picked":"Runic Pyramid"}],"items_purged_floors":[],"is_endless":false,"potions_floor_spawned":[2,7,11,13,14,18,22],"killed_by":"Cultist and Chosen","ascension_level":17}