{"gold_per_floor":[10,10,10,22,22,22,54,54,54,64,81,81,96,21,21,117,117,129,113,113,128,56,56,89,108,133,144,64,64,89,89,89,184,184,198,208,28,39,57,57,82,82,130,143,0,0,14,49,49,49],"floor_reached":51,"playtime":3519,"items_purged":["Defend_B","Steam Power"],"score":822,"play_id":"e6e66aec-ad50-4976-a644-93cac4f8ecc2","local_time":"20190603045734","is_ascension_mode":false,"campfire_choices":[{"data":"Zap","floor":6,"key":"SMITH"},{"data":"Dualcast","floor":8,"key":"SMITH"},{"data":"Defragment","floor":12,"key":"SMITH"},{"data":"Loop","floor":15,"key":"SMITH"},{"data":"Capacitor","floor":23,"key":"SMITH"},{"data":"Defragment","floor":29,"key":"SMITH"},{"data":"Consume","floor":32,"key":"SMITH"},{"data":"Loop","floor":40,"key":"SMITH"},{"data":"Chaos","floor":42,"key":"PURGE"},{"data":"Parasite","floor":46,"key":"PURGE"},{"data":"Echo Form","floor":49,"key":"SMITH"}],"neow_cost":"NO_GOLD","seed_source_timestamp":249585869030237,"circlet_count":0,"master_deck":["Zap+1","Dualcast+1","Undo","FTL","Loop+1","Chill","Consume+1","Defragment+1","Go for the Eyes+1","Echo Form+1","Conserve Battery","Glacier+1","Capacitor+1","Cold Snap+1","Coolheaded+1","Defragment+1","Ball Lightning","Echo Form","Hologram","Gash","Loop+1","Skim","Conserve Battery","Self Repair","Glacier","Cold Snap","Self Repair+1","White Noise+1","Ball Lightning+1","Capacitor+1"],"relics":["Cracked Core","Peace Pipe","Boot","Turnip","Shuriken","Sozu","Juzu Bracelet","Whetstone","Calipers","Bottled Flame","Pandora\u0027s Box","Potion Belt","Pen Nib","Red Mask","Du-Vu Doll"],"potions_floor_usage":[25,30],"damage_taken":[{"damage":1,"enemies":"Jaw Worm","floor":1,"turns":4},{"damage":0,"enemies":"2 Louse","floor":4,"turns":2},{"damage":11,"enemies":"Lagavulin","floor":7,"turns":7},{"damage":0,"enemies":"Cultist","floor":10,"turns":3},{"damage":1,"enemies":"Looter","floor":11,"turns":3},{"damage":0,"enemies":"Lots of Slimes","floor":13,"turns":5},{"damage":0,"enemies":"Slime Boss","floor":16,"turns":9},{"damage":7,"enemies":"Shell Parasite","floor":18,"turns":6},{"damage":14,"enemies":"2 Thieves","floor":19,"turns":4},{"damage":26,"enemies":"Colosseum Slavers","floor":20,"turns":4},{"damage":0,"enemies":"Chosen and Byrds","floor":21,"turns":6},{"damage":0,"enemies":"Book of Stabbing","floor":24,"turns":8},{"damage":5,"enemies":"Snake Plant","floor":25,"turns":7},{"damage":1,"enemies":"Cultist and Chosen","floor":27,"turns":7},{"damage":8,"enemies":"Slavers","floor":30,"turns":8},{"damage":5,"enemies":"Champ","floor":33,"turns":12},{"damage":6,"enemies":"3 Shapes","floor":35,"turns":4},{"damage":8,"enemies":"3 Darklings","floor":36,"turns":5},{"damage":26,"enemies":"Jaw Worm Horde","floor":38,"turns":6},{"damage":0,"enemies":"Writhing Mass","floor":39,"turns":9},{"damage":0,"enemies":"Giant Head","floor":41,"turns":10},{"damage":15,"enemies":"Maw","floor":44,"turns":8},{"damage":3,"enemies":"3 Darklings","floor":47,"turns":8},{"damage":49,"enemies":"Reptomancer","floor":48,"turns":6},{"damage":57,"enemies":"Donu and Deca","floor":50,"turns":10}],"seed_played":"7953365200075007540","potions_obtained":[{"floor":1,"key":"SkillPotion"},{"floor":10,"key":"FairyPotion"},{"floor":13,"key":"FearPotion"},{"floor":16,"key":"SkillPotion"}],"is_trial":false,"path_per_floor":["M","?","?","M","?","R","E","R","T","M","M","R","M","$","R","B",null,"M","M","?","M","$","R","E","M","T","M","$","R","E","T","R","B",null,"M","M","$","M","M","R","E","R","T","M","?","R","M","E","R","B",null],"character_chosen":"DEFECT","items_purchased":["Capacitor","Defragment","Glacier"],"campfire_rested":0,"item_purchase_floors":[22,28,37],"current_hp_per_floor":[74,56,56,56,56,56,45,45,45,45,44,44,44,44,44,44,75,68,54,28,28,28,28,28,23,23,22,22,22,14,14,14,9,75,69,61,61,35,49,49,63,63,63,75,75,72,72,57,57,24],"gold":49,"neow_bonus":"ONE_RARE_RELIC","is_prod":false,"is_daily":false,"chose_seed":false,"campfire_upgraded":9,"win_rate":0,"timestamp":1559505454,"path_taken":["M","?","?","?","?","R","E","R","T","M","M","R","M","$","R","BOSS","M","?","?","M","$","R","E","M","T","M","$","R","E","?","R","BOSS","M","M","$","M","M","R","E","R","T","M","?","R","M","E","R","BOSS"],"build_version":"2019-01-23","purchased_purges":2,"victory":true,"max_hp_per_floor":[75,75,75,75,75,75,75,75,75,75,75,75,75,75,75,75,75,75,75,75,75,75,75,75,75,75,75,75,75,75,75,75,75,75,75,75,75,75,75,75,75,75,75,75,75,72,72,72,72,72],"card_choices":[{"not_picked":["Fusion","Genetic Algorithm"],"picked":"Undo","floor":1},{"not_picked":["Ball Lightning","Beam Cell"],"picked":"FTL","floor":4},{"not_picked":["Steam","Stack"],"picked":"Chill","floor":7},{"not_picked":["Compile Driver","White Noise"],"picked":"Consume","floor":10},{"not_picked":["Hologram","Barrage"],"picked":"Defragment","floor":11},{"not_picked":["Redo","Steam"],"picked":"Go for the Eyes","floor":13},{"not_picked":["Multi-Cast","Rainbow"],"picked":"Echo Form","floor":16},{"not_picked":["Sweeping Beam","Heatsinks","Rip and Tear"],"picked":"SKIP","floor":18},{"not_picked":["Scrape","Coolheaded"],"picked":"Conserve Battery","floor":19},{"not_picked":["Defragment","Coolheaded"],"picked":"Glacier+1","floor":21},{"not_picked":["Turbo","Go for the Eyes"],"picked":"Cold Snap","floor":24},{"not_picked":["Sweeping Beam+1","Gash"],"picked":"Coolheaded+1","floor":25},{"not_picked":["Sweeping Beam","Barrage","Skim"],"picked":"SKIP","floor":27},{"not_picked":["Streamline","Amplify"],"picked":"Ball Lightning","floor":30},{"not_picked":["Seek","Core Surge"],"picked":"Echo Form","floor":33},{"not_picked":["Rebound+1","Ball Lightning"],"picked":"Conserve Battery","floor":35},{"not_picked":["Stack+1","Coolheaded"],"picked":"Self Repair","floor":36},{"not_picked":["Compile Driver+1","Stack+1","Sweeping Beam"],"picked":"SKIP","floor":38},{"not_picked":["Tempest","Sunder"],"picked":"Cold Snap","floor":39},{"not_picked":["Heatsinks","Steam"],"picked":"Self Repair+1","floor":41},{"not_picked":["Turbo","Meteor Strike"],"picked":"White Noise+1","floor":44},{"not_picked":["Steam+1","Compile Driver+1"],"picked":"Ball Lightning+1","floor":47},{"not_picked":["Rebound","Stack"],"picked":"Capacitor+1","floor":48}],"player_experience":971055,"relics_obtained":[{"floor":7,"key":"Turnip"},{"floor":9,"key":"Shuriken"},{"floor":24,"key":"Juzu Bracelet"},{"floor":26,"key":"Whetstone"},{"floor":30,"key":"Calipers"},{"floor":31,"key":"Bottled Flame"},{"floor":41,"key":"Potion Belt"},{"floor":43,"key":"Pen Nib"},{"floor":48,"key":"Du-Vu Doll"}],"event_choices":[{"damage_healed":0,"gold_gain":0,"player_choice":"Success","damage_taken":18,"relics_obtained":["Boot"],"max_hp_gain":0,"max_hp_loss":0,"event_name":"Scrap Ooze","floor":2,"gold_loss":0},{"cards_removed":["Strike_B"],"damage_healed":0,"gold_gain":0,"player_choice":"Offered Basic","damage_taken":0,"max_hp_gain":0,"max_hp_loss":0,"event_name":"Bonfire Elementals","floor":3,"gold_loss":0},{"damage_healed":0,"gold_gain":0,"player_choice":"1 cards matched","damage_taken":0,"max_hp_gain":0,"max_hp_loss":0,"event_name":"Match and Keep!","floor":5,"gold_loss":0,"cards_obtained":["Loop"]},{"damage_healed":0,"gold_gain":0,"player_choice":"Fight","damage_taken":0,"max_hp_gain":0,"max_hp_loss":0,"event_name":"Colosseum","floor":20,"gold_loss":0},{"damage_healed":0,"gold_gain":0,"player_choice":"Fled From Nobs","damage_taken":0,"max_hp_gain":0,"max_hp_loss":0,"event_name":"Colosseum","floor":20,"gold_loss":0},{"damage_healed":0,"gold_gain":0,"player_choice":"Paid","damage_taken":0,"relics_obtained":["Red Mask"],"max_hp_gain":0,"max_hp_loss":0,"event_name":"Tomb of Lord Red Mask","floor":45,"gold_loss":143}],"is_beta":false,"boss_relics":[{"not_picked":["Cursed Key","White Beast Statue"],"picked":"Sozu"},{"not_picked":["Calling Bell","Snecko Eye"],"picked":"Pandora\u0027s Box"}],"items_purged_floors":[14,37],"is_endless":false,"potions_floor_spawned":[1,10,13,16,18,20,21,36,38,41],"ascension_level":0}