{"gold_per_floor":[116,134,134,59,59,59,17,52,52,67,83,83,102,112,112,185,185,196,40,0,10,28,28,78,94,176,176,176,206,206,226,226,226],"floor_reached":33,"playtime":1473,"items_purged":["Strike_B"],"score":494,"play_id":"4ab4bc6f-8991-4a08-9e6a-a17656ae6ccf","local_time":"20190109190010","is_ascension_mode":true,"campfire_choices":[{"data":"Zap","floor":6.0,"key":"SMITH"},{"data":"Zap","floor":12,"key":"SMITH"},{"data":"Biased Cognition","floor":15,"key":"SMITH"},{"floor":23,"key":"REST"},{"floor":27,"key":"REST"},{"data":"Thunder Strike","floor":32,"key":"SMITH"}],"neow_cost":"CURSE","seed_source_timestamp":1993346642701278,"circlet_count":0,"master_deck":["AscendersBane","Strike_B+1","Strike_B+1","Strike_B+1","Defend_B+1","Defend_B+1","Defend_B+1","Defend_B+1","Zap+1","Dualcast","Secret Technique","Good Instincts","Sunder","Rebound","Biased Cognition+1","Zap+1","Chill","Self Repair","Coolheaded","Ball Lightning","Cold Snap","Thunder Strike+1","Ball Lightning","Static Discharge","BootSequence","Self Repair","Go for the Eyes","Shame","Go for the Eyes+1","Static Discharge"],"special_seed":0,"relics":["Cracked Core","PreservedInsect","Peace Pipe","Cursed Key","Pear","Ancient Tea Set"],"potions_floor_usage":[18,29,29,33],"damage_taken":[{"damage":0.0,"enemies":"Cultist","floor":1.0,"turns":3.0},{"damage":4.0,"enemies":"Jaw Worm","floor":2.0,"turns":3.0},{"damage":5.0,"enemies":"3 Sentries","floor":8.0,"turns":5.0},{"damage":0.0,"enemies":"2 Louse","floor":10.0,"turns":2.0},{"damage":5.0,"enemies":"Large Slime","floor":11.0,"turns":6.0},{"damage":9,"enemies":"Red Slaver","floor":13,"turns":2},{"damage":4,"enemies":"Blue Slaver","floor":14,"turns":4},{"damage":37,"enemies":"Hexaghost","floor":16,"turns":12},{"damage":25,"enemies":"3 Byrds","floor":18,"turns":3},{"damage":16,"enemies":"Chosen","floor":21,"turns":4},{"damage":26,"enemies":"Centurion and Healer","floor":22,"turns":7},{"damage":28,"enemies":"Snecko","floor":25,"turns":5},{"damage":19,"enemies":"Book of Stabbing","floor":29,"turns":4},{"damage":18,"enemies":"Shelled Parasite and Fungi","floor":31,"turns":5},{"damage":80,"enemies":"Automaton","floor":33,"turns":8}],"seed_played":"6571503612669879138","potions_obtained":[{"floor":1.0,"key":"Strength Potion"},{"floor":11.0,"key":"Fire Potion"},{"floor":13,"key":"GamblersBrew"},{"floor":18,"key":"Poison Potion"},{"floor":25,"key":"AttackPotion"},{"floor":29,"key":"AttackPotion"}],"is_trial":false,"path_per_floor":["M","M","?","?","?","R","$","E","T","M","M","R","M","M","R","B",null,"M","$","?","M","M","R","?","M","T","R","?","E","?","M","R","B"],"character_chosen":"DEFECT","items_purchased":["Chill","Static Discharge"],"campfire_rested":2,"item_purchase_floors":[7,19],"current_hp_per_floor":[64,60,60,60,60,60,60,55,55,62,64,64,55,58,58,28,58,40,40,40,31,12,32,32,11,21,44,44,39,78,74,74,0],"gold":226,"neow_bonus":"RANDOM_COLORLESS_2","is_prod":false,"is_daily":false,"chose_seed":false,"campfire_upgraded":4,"win_rate":0,"timestamp":1547028010,"path_taken":["M","?","?","?","?","R","$","E","T","?","M","R","M","M","R","BOSS","M","$","?","M","M","R","?","M","T","R","?","E","?","?","R","BOSS"],"build_version":"2019-01-03v4","purchased_purges":1,"victory":false,"max_hp_per_floor":[71,71,71,68,68,68,68,68,68,68,68,68,68,68,68,68,68,68,68,68,68,68,68,68,68,78,78,78,78,78,78,78,78],"card_choices":[{"not_picked":["Aggregate","Streamline"],"picked":"Sunder","floor":1.0},{"not_picked":["Heatsinks","Storm"],"picked":"Rebound","floor":2.0},{"not_picked":["Compile Driver","Steam Power"],"picked":"Self Repair","floor":8.0},{"not_picked":["Force Field","Go for the Eyes"],"picked":"Coolheaded","floor":10.0},{"not_picked":["Force Field","Aggregate"],"picked":"Ball Lightning","floor":11.0},{"not_picked":["Double Energy","FTL"],"picked":"Cold Snap","floor":13},{"not_picked":["Heatsinks","Darkness","Redo"],"picked":"SKIP","floor":14},{"not_picked":["Machine Learning","Fission"],"picked":"Thunder Strike","floor":16},{"not_picked":["Turbo","Hologram"],"picked":"Ball Lightning","floor":18},{"not_picked":["Stack","Coolheaded"],"picked":"BootSequence","floor":21},{"not_picked":["Barrage","Storm"],"picked":"Self Repair","floor":22},{"not_picked":["Darkness","Hologram"],"picked":"Go for the Eyes","floor":25},{"not_picked":["Scrape","Fusion"],"picked":"Go for the Eyes+1","floor":29},{"not_picked":["Steam Power","Sweeping Beam"],"picked":"Static Discharge","floor":31}],"player_experience":794669,"relics_obtained":[{"floor":8.0,"key":"PreservedInsect"},{"floor":9.0,"key":"Peace Pipe"},{"floor":26,"key":"Pear"},{"floor":29,"key":"Ancient Tea Set"}],"event_choices":[{"damage_healed":0.0,"max_hp_gain":0.0,"max_hp_loss":0.0,"gold_gain":0.0,"event_name":"Golden Idol","player_choice":"Ignored","floor":3.0,"gold_loss":0.0,"damage_taken":0.0},{"cards_removed":["Parasite"],"damage_healed":0.0,"max_hp_gain":0.0,"max_hp_loss":0.0,"gold_gain":0.0,"event_name":"The Cleric","player_choice":"Card Removal","floor":4.0,"gold_loss":75.0,"damage_taken":0.0},{"damage_healed":0.0,"max_hp_gain":0.0,"max_hp_loss":0.0,"gold_gain":0.0,"event_name":"Match and Keep!","player_choice":"2 cards matched","floor":5.0,"gold_loss":0.0,"damage_taken":0.0,"cards_obtained":["Biased Cognition","Zap"]},{"damage_healed":0,"gold_gain":0,"player_choice":"Paid Fearfully","damage_taken":0,"max_hp_gain":0,"max_hp_loss":0,"event_name":"Masked Bandits","floor":20,"gold_loss":40},{"damage_healed":0,"gold_gain":50,"player_choice":"Stole From Cult","damage_taken":0,"max_hp_gain":0,"max_hp_loss":0,"event_name":"Nest","floor":24,"gold_loss":0},{"damage_healed":0,"gold_gain":0,"player_choice":"Simplicity","damage_taken":0,"max_hp_gain":0,"max_hp_loss":0,"event_name":"Back to Basics","floor":28,"gold_loss":0,"cards_upgraded":["Strike_B","Strike_B","Strike_B","Defend_B","Defend_B","Defend_B","Defend_B"]},{"damage_healed":39,"gold_gain":0,"player_choice":"Full Heal","damage_taken":0,"max_hp_gain":0,"max_hp_loss":0,"event_name":"Wheel of Change","floor":30,"gold_loss":0}],"is_beta":false,"boss_relics":[{"not_picked":["Snecko Eye","Busted Crown"],"picked":"Cursed Key"}],"items_purged_floors":[19],"is_endless":false,"potions_floor_spawned":[1,11,13,18,25,29],"killed_by":"Automaton","ascension_level":17}