{"gold_per_floor":[109,129,140,157,172,172,185,185,185,198,198,198,198,198,198,272,272,285,200,75,93,93,93,93,93,144,178,78,78,3,17,17,91,91,102,102,121,131,143,143,157,173,173,173,227,227,244,244,244,244],"floor_reached":51,"playtime":2613,"items_purged":["Strike_B","Writhe"],"score":1236,"play_id":"9330e20a-65bf-404f-a849-1979f4f1c619","local_time":"20190102190654","is_ascension_mode":true,"campfire_choices":[{"data":"Zap","floor":6,"key":"SMITH"},{"data":"Fission","floor":11,"key":"SMITH"},{"data":"Dualcast","floor":13,"key":"SMITH"},{"data":"Coolheaded","floor":15,"key":"SMITH"},{"data":"Sunder","floor":23,"key":"SMITH"},{"data":"Hologram","floor":25,"key":"SMITH"},{"data":"Go for the Eyes","floor":29,"key":"SMITH"},{"data":"Conserve Battery","floor":32,"key":"SMITH"},{"data":"Machine Learning","floor":40,"key":"SMITH"},{"data":"Reboot","floor":44,"key":"SMITH"},{"floor":46,"key":"REST"},{"data":"Turbo","floor":49,"key":"SMITH"}],"neow_cost":"TEN_PERCENT_HP_LOSS","seed_source_timestamp":1387831347271437,"circlet_count":0,"master_deck":["AscendersBane","Strike_B+1","Strike_B+1","Defend_B","Defend_B","Zap+1","Dualcast+1","Coolheaded+1","FTL+1","BootSequence","Fission+1","All For One+1","Beam Cell","Go for the Eyes+1","Go for the Eyes","Undo","Sunder+1","Hologram+1","Glacier+1","Conserve Battery+1","Machine Learning+1","Gash+1","Turbo+1","Steam","Reboot+1","Conserve Battery","Finesse","Gash+1","Hologram+1","Redo+1","Parasite"],"relics":["Cracked Core","Thread and Needle","Kunai","Inserter","Symbiotic Virus","Boot","Bag of Marbles","Orrery","Letter Opener","Whetstone"],"potions_floor_usage":[5,27,27,50],"damage_taken":[{"damage":0,"enemies":"Cultist","floor":1,"turns":3},{"damage":0,"enemies":"Small Slimes","floor":2,"turns":3},{"damage":0,"enemies":"Jaw Worm","floor":3,"turns":4},{"damage":0,"enemies":"Large Slime","floor":4,"turns":7},{"damage":0,"enemies":"Looter","floor":5,"turns":3},{"damage":0,"enemies":"Blue Slaver","floor":7,"turns":3},{"damage":0,"enemies":"2 Fungi Beasts","floor":10,"turns":4},{"damage":18,"enemies":"The Guardian","floor":16,"turns":16},{"damage":0,"enemies":"Spheric Guardian","floor":18,"turns":2},{"damage":0,"enemies":"Shell Parasite","floor":21,"turns":3},{"damage":15,"enemies":"Gremlin Leader","floor":27,"turns":5},{"damage":0,"enemies":"Centurion and Healer","floor":31,"turns":7},{"damage":38,"enemies":"Champ","floor":33,"turns":13},{"damage":0,"enemies":"3 Shapes","floor":35,"turns":6},{"damage":0,"enemies":"Orb Walker","floor":37,"turns":4},{"damage":0,"enemies":"Sphere and 2 Shapes","floor":38,"turns":6},{"damage":0,"enemies":"3 Darklings","floor":39,"turns":5},{"damage":0,"enemies":"Spire Growth","floor":41,"turns":5},{"damage":4,"enemies":"Jaw Worm Horde","floor":42,"turns":4},{"damage":1,"enemies":"Writhing Mass","floor":47,"turns":6},{"damage":0,"enemies":"Donu and Deca","floor":50,"turns":7}],"seed_played":"-3558614944866212221","potions_obtained":[{"floor":2,"key":"Fire Potion"},{"floor":5,"key":"Fruit Juice"},{"floor":7,"key":"SkillPotion"},{"floor":31,"key":"AttackPotion"},{"floor":33,"key":"Poison Potion"},{"floor":38,"key":"Regen Potion"},{"floor":41,"key":"PowerPotion"}],"is_trial":false,"path_per_floor":["M","M","M","M","M","R","M","?","T","M","R","?","R","?","R","B",null,"M","?","$","M","?","R","?","R","T","E","$","R","?","M","R","B",null,"M","?","M","M","M","R","M","M","T","R","T","R","M","?","R","B",null],"character_chosen":"DEFECT","items_purchased":["Go for the Eyes"],"campfire_rested":1,"item_purchase_floors":[20],"current_hp_per_floor":[64,64,64,64,69,69,69,69,69,69,69,69,69,48,48,30,59,59,59,59,59,59,59,59,59,59,44,44,44,44,44,44,6,53,53,53,53,53,53,53,53,49,49,49,49,69,68,68,68,68],"gold":244,"neow_bonus":"ONE_RARE_RELIC","is_prod":false,"is_daily":false,"chose_seed":false,"campfire_upgraded":11,"win_rate":0,"timestamp":1546423614,"path_taken":["M","M","?","?","M","R","M","?","T","?","R","?","R","?","R","BOSS","M","?","$","M","?","R","?","R","T","E","?","R","?","M","R","BOSS","M","?","M","M","M","R","M","M","T","R","?","R","M","?","R","BOSS"],"build_version":"2018-12-20","purchased_purges":2,"victory":true,"max_hp_per_floor":[64,64,64,64,69,69,69,69,69,69,69,69,69,69,69,69,69,69,69,69,69,69,69,69,69,69,69,69,69,69,69,69,69,69,69,69,69,69,69,69,69,69,69,69,69,69,69,69,69,69],"card_choices":[{"not_picked":["Redo","Rebound","Hologram"],"picked":"SKIP","floor":1},{"not_picked":["Heatsinks","Redo"],"picked":"Coolheaded","floor":2},{"not_picked":["Barrage","Conserve Battery"],"picked":"FTL","floor":3},{"not_picked":["Hologram","Redo"],"picked":"BootSequence","floor":4},{"not_picked":["Barrage","Double Energy","Redo"],"picked":"SKIP","floor":5},{"not_picked":["Steam","Stack"],"picked":"Fission","floor":7},{"not_picked":["Scrape","Barrage","Stack"],"picked":"SKIP","floor":10},{"not_picked":["Scrape","Barrage","Stack"],"picked":"SKIP","floor":10},{"not_picked":["Amplify","Buffer"],"picked":"All For One","floor":16},{"not_picked":["Force Field","Blizzard"],"picked":"Beam Cell","floor":18},{"not_picked":["Barrage","White Noise"],"picked":"Go for the Eyes","floor":21},{"not_picked":["Coolheaded","Redo+1"],"picked":"Glacier+1","floor":27},{"not_picked":["Sweeping Beam","Leap"],"picked":"Conserve Battery","floor":31},{"not_picked":["Hyperbeam","Biased Cognition"],"picked":"Machine Learning","floor":33},{"not_picked":["Recycle","Coolheaded"],"picked":"Gash+1","floor":34},{"not_picked":["Sweeping Beam","Barrage"],"picked":"Turbo","floor":34},{"not_picked":["White Noise","Stack"],"picked":"Steam","floor":34},{"not_picked":["Turbo","Sweeping Beam"],"picked":"Reboot","floor":34},{"not_picked":["Rebound+1","Cold Snap+1"],"picked":"Conserve Battery","floor":34},{"not_picked":["Coolheaded","Barrage","Blizzard"],"picked":"SKIP","floor":35},{"not_picked":["Jack Of All Trades","Dark Shackles"],"picked":"Finesse","floor":36},{"not_picked":["Reprogram","Streamline","Fusion+1"],"picked":"SKIP","floor":37},{"not_picked":["Redo","Recycle"],"picked":"Gash+1","floor":38},{"not_picked":["Hyperbeam","Ball Lightning"],"picked":"Hologram+1","floor":39},{"not_picked":["Compile Driver","Ball Lightning"],"picked":"Redo+1","floor":41},{"not_picked":["Sweeping Beam","Darkness","White Noise"],"picked":"SKIP","floor":42},{"not_picked":["Scrape","Rebound+1","Stack"],"picked":"SKIP","floor":47}],"player_experience":711275,"relics_obtained":[{"floor":9,"key":"Kunai"},{"floor":26,"key":"Boot"},{"floor":27,"key":"Bag of Marbles"},{"floor":43,"key":"Letter Opener"},{"floor":45,"key":"Whetstone"}],"event_choices":[{"damage_healed":0,"gold_gain":0,"player_choice":"1 cards matched","damage_taken":0,"max_hp_gain":0,"max_hp_loss":0,"event_name":"Match and Keep!","floor":8,"gold_loss":0,"cards_obtained":["Writhe"]},{"damage_healed":0,"gold_gain":0,"player_choice":"Ignored","damage_taken":0,"max_hp_gain":0,"max_hp_loss":0,"event_name":"Liars Game","floor":12,"gold_loss":0},{"damage_healed":0,"gold_gain":0,"player_choice":"Entered Light","damage_taken":21,"max_hp_gain":0,"max_hp_loss":0,"event_name":"Shining Light","floor":14,"gold_loss":0,"cards_upgraded":["Strike_B","Strike_B"]},{"damage_healed":0,"gold_gain":0,"player_choice":"Obtained Relic","damage_taken":0,"relics_obtained":["Symbiotic Virus"],"max_hp_gain":0,"max_hp_loss":0,"event_name":"Addict","floor":19,"gold_loss":85},{"damage_healed":0,"gold_gain":0,"cards_transformed":["Strike_B","Defend_B"],"player_choice":"Became Test Subject","damage_taken":0,"max_hp_gain":0,"max_hp_loss":0,"event_name":"Drug Dealer","floor":22,"gold_loss":0,"cards_obtained":["Undo","Sunder"]},{"damage_healed":0,"gold_gain":0,"player_choice":"Read","damage_taken":0,"max_hp_gain":0,"max_hp_loss":0,"event_name":"The Library","floor":24,"gold_loss":0,"cards_obtained":["Hologram"]},{"cards_removed":["Defend_B"],"damage_healed":0,"gold_gain":0,"player_choice":"Gave Gold","damage_taken":0,"max_hp_gain":0,"max_hp_loss":0,"event_name":"Beggar","floor":30,"gold_loss":75},{"damage_healed":0,"gold_gain":0,"player_choice":"Memory 1","damage_taken":0,"max_hp_gain":0,"max_hp_loss":0,"event_name":"SensoryStone","floor":36,"gold_loss":0},{"damage_healed":0,"gold_gain":0,"player_choice":"Ignored","damage_taken":0,"max_hp_gain":0,"max_hp_loss":0,"event_name":"Mysterious Sphere","floor":48,"gold_loss":0}],"is_beta":false,"boss_relics":[{"not_picked":["Snecko Eye","Lizard Tail"],"picked":"Inserter"},{"not_picked":["Black Star","Runic Pyramid"],"picked":"Orrery"}],"items_purged_floors":[20,28],"is_endless":false,"potions_floor_spawned":[2,5,7,16,21,31,33,38,41,42],"ascension_level":16}