{"gold_per_floor":[119,119,138,155,105,105,138,138,138,138,313,313,326,197,197,197],"floor_reached":16,"playtime":947,"items_purged":["Defend_R"],"score":108,"play_id":"466fd000-c9a2-4a86-a501-2eaf649c3716","local_time":"20190322202145","is_ascension_mode":true,"campfire_choices":[{"data":"Armaments","floor":6,"key":"SMITH"},{"data":"Good Instincts","floor":8,"key":"SMITH"},{"data":"Bash","floor":10,"key":"SMITH"},{"data":"Perfected Strike","floor":15,"key":"SMITH"}],"neow_cost":"CURSE","seed_source_timestamp":2987585668327036,"circlet_count":0,"master_deck":["Strike_R","Strike_R","Strike_R","Strike_R","Strike_R","Defend_R","Defend_R","Bash+1","Purity","Good Instincts+1","Normality","Sentinel","Armaments+1","Feel No Pain","Exhume","Doubt","Sword Boomerang","Perfected Strike+1"],"relics":["Burning Blood","CultistMask","Du-Vu Doll","Magic Flower","Bronze Scales"],"potions_floor_usage":[7,16],"damage_taken":[{"damage":0,"enemies":"Small Slimes","floor":1,"turns":3},{"damage":1,"enemies":"Cultist","floor":3,"turns":4},{"damage":7,"enemies":"2 Louse","floor":4,"turns":4},{"damage":21,"enemies":"3 Sentries","floor":7,"turns":14},{"damage":11,"enemies":"Blue Slaver","floor":13,"turns":4},{"damage":54,"enemies":"The Guardian","floor":16,"turns":8}],"seed_played":"4439981117206229294","potions_obtained":[{"floor":1,"key":"Regen Potion"},{"floor":7,"key":"FearPotion"},{"floor":13,"key":"LiquidBronze"}],"is_trial":false,"path_per_floor":["M","?","M","M","?","R","E","R","T","R","?","?","M","$","R","B"],"character_chosen":"IRONCLAD","items_purchased":["Perfected Strike"],"campfire_rested":0,"item_purchase_floors":[14],"current_hp_per_floor":[80,80,80,79,79,79,79,79,79,79,79,54,52,52,52,0],"gold":197,"neow_bonus":"RANDOM_COLORLESS_2","is_prod":false,"is_daily":false,"chose_seed":false,"campfire_upgraded":4,"win_rate":0,"timestamp":1553286105,"path_taken":["M","?","?","M","?","R","E","R","T","R","?","?","M","$","R","BOSS"],"build_version":"2019-01-23","purchased_purges":1,"victory":false,"max_hp_per_floor":[80,80,80,80,80,80,80,80,80,80,80,80,80,80,80,80],"card_choices":[{"not_picked":["Body Slam","Clash"],"picked":"Sentinel","floor":1},{"not_picked":["Clash","Evolve"],"picked":"Armaments","floor":3},{"not_picked":["Entrench","Clothesline"],"picked":"Feel No Pain","floor":4},{"not_picked":["Flex","Iron Wave"],"picked":"Exhume","floor":7},{"not_picked":["Second Wind","Shrug It Off"],"picked":"Sword Boomerang","floor":13}],"player_experience":204916,"relics_obtained":[{"floor":7,"key":"Du-Vu Doll"},{"floor":9,"key":"Magic Flower"}],"event_choices":[{"damage_healed":0,"gold_gain":0,"player_choice":"Trade","damage_taken":0,"relics_obtained":["CultistMask"],"max_hp_gain":0,"max_hp_loss":0,"event_name":"FaceTrader","floor":2,"gold_loss":0},{"cards_removed":["Defend_R"],"damage_healed":0,"gold_gain":0,"player_choice":"Card Removal","damage_taken":0,"max_hp_gain":0,"max_hp_loss":0,"event_name":"The Cleric","floor":5,"gold_loss":50},{"damage_healed":0,"gold_gain":175,"player_choice":"AGREE","damage_taken":0,"max_hp_gain":0,"max_hp_loss":0,"event_name":"Liars Game","floor":11,"gold_loss":0,"cards_obtained":["Doubt"]},{"damage_healed":0,"gold_gain":0,"player_choice":"Success","damage_taken":25,"relics_obtained":["Bronze Scales"],"max_hp_gain":0,"max_hp_loss":0,"event_name":"Scrap Ooze","floor":12,"gold_loss":0}],"is_beta":false,"boss_relics":[],"items_purged_floors":[14],"is_endless":false,"potions_floor_spawned":[1,7,13],"killed_by":"The Guardian","ascension_level":2}