{"gold_per_floor":[115,115,132,151,76,76,126,146,170,203,203,203,203,216,216,290,290,305,320,320,38,38,63,63,63,63,75,103,103,135,145,145,219,219,234,234,253,253,253,278,278,303,303,349,105,105,0,13,13,13,13,13,13,13,47,47],"floor_reached":57,"playtime":3240,"items_purged":["Strike_R"],"score":3053,"play_id":"df0becbe-d1c4-412d-b5f2-ca6a416b7fba","local_time":"20190529155756","is_ascension_mode":true,"campfire_choices":[{"data":"Uppercut","floor":6.0,"key":"SMITH"},{"data":"Fiend Fire","floor":12.0,"key":"SMITH"},{"data":"Pommel Strike","floor":15.0,"key":"SMITH"},{"data":"Flame Barrier","floor":24.0,"key":"SMITH"},{"data":"Shockwave","floor":29.0,"key":"SMITH"},{"data":"Shockwave","floor":32.0,"key":"SMITH"},{"floor":41,"key":"RECALL"},{"data":"Bludgeon","floor":46,"key":"SMITH"},{"floor":49,"key":"REST"},{"data":"True Grit","floor":53,"key":"SMITH"}],"neow_cost":"NONE","seed_source_timestamp":0,"circlet_count":0,"master_deck":["AscendersBane","Strike_R","Strike_R","Strike_R","Defend_R","Defend_R","Defend_R","Defend_R","Bash","Armaments","Uppercut+1","Fiend Fire+1","Shrug It Off","Feed","Shockwave+1","Blood for Blood+1","Flame Barrier+1","Corruption","Feel No Pain+1","Shockwave+1","Bludgeon+1","Twin Strike+1","Writhe","Shrug It Off+1","True Grit+1","Bludgeon","Flame Barrier","Evolve+1"],"special_seed":0,"relics":["Burning Blood","Orichalcum","Juzu Bracelet","Torii","Snecko Eye","Shuriken","Pen Nib","Paper Frog","Darkstone Periapt","Smiling Mask","Sozu","Singing Bowl","Bronze Scales","Dead Branch","Red Mask","Bottled Tornado"],"potions_floor_usage":[40,42],"damage_taken":[{"damage":1.0,"enemies":"Small Slimes","floor":1.0,"turns":4.0},{"damage":11.0,"enemies":"Jaw Worm","floor":3.0,"turns":4.0},{"damage":6.0,"enemies":"Cultist","floor":4.0,"turns":4.0},{"damage":13.0,"enemies":"Exordium Wildlife","floor":8.0,"turns":2.0},{"damage":19.0,"enemies":"Lagavulin","floor":10.0,"turns":6.0},{"damage":2.0,"enemies":"2 Fungi Beasts","floor":14.0,"turns":3.0},{"damage":23.0,"enemies":"Hexaghost","floor":16.0,"turns":11.0},{"damage":0.0,"enemies":"Chosen","floor":18.0,"turns":2.0},{"damage":1.0,"enemies":"Spheric Guardian","floor":19.0,"turns":3.0},{"damage":0.0,"enemies":"Gremlin Leader","floor":23.0,"turns":5.0},{"damage":0.0,"enemies":"Cultist and Chosen","floor":27.0,"turns":5.0},{"damage":0.0,"enemies":"Book of Stabbing","floor":28.0,"turns":3.0},{"damage":0.0,"enemies":"Slavers","floor":30.0,"turns":3.0},{"damage":0.0,"enemies":"Snecko","floor":31.0,"turns":4.0},{"damage":16.0,"enemies":"Champ","floor":33.0,"turns":8.0},{"damage":0,"enemies":"3 Shapes","floor":35,"turns":2},{"damage":12,"enemies":"3 Darklings","floor":37,"turns":7},{"damage":25,"enemies":"Giant Head","floor":40,"turns":7},{"damage":33,"enemies":"Nemesis","floor":42,"turns":5},{"damage":11,"enemies":"2 Orb Walkers","floor":44,"turns":4},{"damage":1,"enemies":"Spire Growth","floor":48,"turns":3},{"damage":15,"enemies":"Donu and Deca","floor":50,"turns":5},{"damage":0,"enemies":"Time Eater","floor":51,"turns":1},{"damage":0,"enemies":"Shield and Spear","floor":55,"turns":3},{"damage":17,"enemies":"The Heart","floor":56,"turns":6}],"seed_played":"-6282279520792763653","potions_obtained":[{"floor":4.0,"key":"Block Potion"},{"floor":8.0,"key":"EssenceOfSteel"},{"floor":14.0,"key":"SkillPotion"}],"is_trial":false,"path_per_floor":["M","?","M","M","?","R","?","M","T","E","?","R","?","M","R","B",null,"M","M","?","$","?","E","R","$","T","M","E","R","E","M","R","B",null,"M","?","M","?","?","E","R","E","T","?","$","R","?","M","R","B","B",null,"R","$","E","B",null],"character_chosen":"IRONCLAD","items_purchased":["Shuriken","Bludgeon","Flame Barrier"],"campfire_rested":1,"item_purchase_floors":[21,45,45],"current_hp_per_floor":[80,85,80,80,80,80,80,73,73,60,34,34,34,38,38,21,71,77,82,82,82,82,87,87,87,87,87,90,90,93,96,96,86,94,99,99,96,108,103,84,84,57,57,54,54,54,54,61,94,88,94,110,110,110,115,104],"gold":47,"neow_bonus":"TEN_PERCENT_HP_BONUS","is_prod":false,"is_daily":false,"chose_seed":false,"campfire_upgraded":8,"win_rate":0,"timestamp":1559134676,"path_taken":["M","?","M","M","?","R","?","?","T","E","?","R","?","M","R","BOSS","M","M","?","$","?","E","R","?","T","M","E","R","E","M","R","BOSS","M","?","M","?","?","E","R","E","T","?","$","R","?","M","R","BOSS","BOSS","R","$","E","BOSS"],"build_version":"2019-01-23","purchased_purges":1,"victory":true,"max_hp_per_floor":[82,87,87,87,87,87,87,87,87,87,87,87,87,87,87,87,87,87,87,87,87,87,87,87,87,87,87,90,90,93,96,96,96,96,99,99,102,108,108,108,108,108,108,110,110,110,110,112,112,115,115,115,115,115,115,115],"card_choices":[{"not_picked":["Shrug It Off","Iron Wave"],"picked":"Armaments","floor":1.0},{"not_picked":["Corruption","Body Slam"],"picked":"Uppercut","floor":3.0},{"not_picked":["Flex","Armaments","Fire Breathing"],"picked":"SKIP","floor":4.0},{"not_picked":["Sentinel","Blood for Blood"],"picked":"Pommel Strike","floor":8.0},{"not_picked":["Cleave","Twin Strike"],"picked":"Fiend Fire","floor":10.0},{"not_picked":["Feel No Pain","Sever Soul"],"picked":"Shrug It Off","floor":14.0},{"not_picked":["Double Tap","Juggernaut"],"picked":"Feed","floor":16.0},{"not_picked":["Shrug It Off","Wild Strike"],"picked":"Shockwave","floor":18.0},{"not_picked":["Wild Strike","Infernal Blade+1"],"picked":"Blood for Blood+1","floor":19.0},{"not_picked":["Reckless Charge","Second Wind"],"picked":"Corruption","floor":23.0},{"not_picked":["Bloodletting","Heavy Blade","Sentinel"],"picked":"SKIP","floor":27.0},{"not_picked":["Double Tap","Armaments","Anger"],"picked":"SKIP","floor":28.0},{"not_picked":["Pommel Strike","Ghostly Armor+1"],"picked":"Feel No Pain+1","floor":30.0},{"not_picked":["Searing Blow","Flex"],"picked":"Shockwave","floor":31.0},{"not_picked":["Impervious","Exhume"],"picked":"Bludgeon","floor":33.0},{"not_picked":["Corruption","Seeing Red","Warcry"],"picked":"SKIP","floor":35},{"not_picked":["Warcry","Carnage"],"picked":"Twin Strike+1","floor":37},{"not_picked":["Sword Boomerang","Clash"],"picked":"Shrug It Off+1","floor":40},{"not_picked":["Brutality","Blood for Blood"],"picked":"True Grit","floor":42},{"not_picked":["Power Through+1","Carnage","Cleave"],"picked":"Singing Bowl","floor":44},{"not_picked":["Cleave+1","Entrench","Corruption"],"picked":"Singing Bowl","floor":48},{"not_picked":["Clash","Shrug It Off+1"],"picked":"Evolve+1","floor":55}],"player_experience":1042417,"relics_obtained":[{"floor":9.0,"key":"Orichalcum"},{"floor":10.0,"key":"Juzu Bracelet"},{"floor":23.0,"key":"Pen Nib"},{"floor":26.0,"key":"Paper Frog"},{"floor":28.0,"key":"Darkstone Periapt"},{"floor":30.0,"key":"Smiling Mask"},{"floor":40,"key":"Singing Bowl"},{"floor":42,"key":"Bronze Scales"},{"floor":44,"key":"Dead Branch"},{"floor":55,"key":"Bottled Tornado"}],"event_choices":[{"damage_healed":0.0,"max_hp_gain":5.0,"max_hp_loss":0.0,"gold_gain":0.0,"event_name":"Big Fish","player_choice":"Donut","floor":2.0,"gold_loss":0.0,"damage_taken":0.0},{"cards_removed":["Strike_R"],"damage_healed":0.0,"max_hp_gain":0.0,"max_hp_loss":0.0,"gold_gain":0.0,"event_name":"The Cleric","player_choice":"Card Removal","floor":5.0,"gold_loss":75.0,"damage_taken":0.0},{"damage_healed":0.0,"max_hp_gain":0.0,"max_hp_loss":0.0,"gold_gain":50.0,"event_name":"Golden Shrine","player_choice":"Pray","floor":7.0,"gold_loss":0.0,"damage_taken":0.0},{"damage_healed":0.0,"max_hp_gain":0.0,"max_hp_loss":0.0,"gold_gain":0.0,"event_name":"Scrap Ooze","player_choice":"Success","floor":11.0,"gold_loss":0.0,"damage_taken":26.0,"relics_obtained":["Torii"]},{"damage_healed":0.0,"max_hp_gain":0.0,"max_hp_loss":0.0,"gold_gain":0.0,"event_name":"Liars Game","player_choice":"Ignored","floor":13.0,"gold_loss":0.0,"damage_taken":0.0},{"damage_healed":0.0,"max_hp_gain":0.0,"max_hp_loss":0.0,"gold_gain":0.0,"event_name":"The Library","player_choice":"Read","floor":20.0,"gold_loss":0.0,"damage_taken":0.0,"cards_obtained":["Flame Barrier"]},{"damage_healed":0.0,"max_hp_gain":0.0,"max_hp_loss":0.0,"gold_gain":0.0,"event_name":"Ghosts","player_choice":"Ignored","floor":22.0,"gold_loss":0.0,"damage_taken":0.0},{"cards_removed":["Pommel Strike"],"damage_healed":0,"gold_gain":0,"player_choice":"Removed Attack","damage_taken":0,"max_hp_gain":0,"max_hp_loss":0,"event_name":"Falling","floor":36,"gold_loss":0},{"damage_healed":20,"gold_gain":0,"player_choice":"Writhe","damage_taken":0,"max_hp_gain":0,"max_hp_loss":0,"event_name":"Winding Halls","floor":38,"gold_loss":0,"cards_obtained":["Writhe"]},{"damage_healed":0,"gold_gain":0,"player_choice":"Punched","damage_taken":5,"max_hp_gain":0,"max_hp_loss":0,"event_name":"Designer","floor":39,"gold_loss":0},{"damage_healed":0,"gold_gain":0,"player_choice":"Fight","damage_taken":0,"max_hp_gain":0,"max_hp_loss":0,"event_name":"Mysterious Sphere","floor":44,"gold_loss":0},{"damage_healed":0,"gold_gain":0,"player_choice":"Paid","damage_taken":0,"relics_obtained":["Red Mask"],"max_hp_gain":0,"max_hp_loss":0,"event_name":"Tomb of Lord Red Mask","floor":47,"gold_loss":105}],"is_beta":false,"boss_relics":[{"not_picked":["Orrery","Fusion Hammer"],"picked":"Snecko Eye"},{"not_picked":["Runic Dome","Empty Cage"],"picked":"Sozu"}],"items_purged_floors":[45],"is_endless":false,"potions_floor_spawned":[4,8,14,16,19,28,30,31,40,42,55],"ascension_level":20}