{"gold_per_floor":[111,55,70,87,102,102,202,202,202,46,66,84,117,130,130,226,226],"floor_reached":17,"playtime":772,"items_purged":[],"score":157,"play_id":"a3e7e8dc-40f5-49c1-8dcb-03be493dd818","local_time":"20190623045207","is_ascension_mode":false,"campfire_choices":[{"data":"Zap","floor":6,"key":"SMITH"},{"data":"Dualcast","floor":8,"key":"SMITH"},{"data":"Loop","floor":15,"key":"SMITH"}],"neow_cost":"NONE","seed_source_timestamp":311831323886402,"circlet_count":0,"master_deck":["Strike_B","Defend_B","Defend_B","Defend_B","Defend_B","Zap+1","Dualcast+1","Skim+1","Static Discharge+1","Reboot+1","Turbo","Fusion","Sweeping Beam","FTL","Echo Form","Fission","Steam","Creative AI","Loop+1","Fission"],"relics":["Astrolabe","Centennial Puzzle","Letter Opener","Odd Mushroom","Emotion Chip"],"potions_floor_usage":[],"damage_taken":[{"damage":1,"enemies":"Cultist","floor":1,"turns":3},{"damage":5,"enemies":"Small Slimes","floor":3,"turns":4},{"damage":0,"enemies":"2 Louse","floor":4,"turns":2},{"damage":12,"enemies":"Exordium Wildlife","floor":5,"turns":4},{"damage":10,"enemies":"The Mushroom Lair","floor":11,"turns":2},{"damage":7,"enemies":"3 Louse","floor":12,"turns":2},{"damage":3,"enemies":"Lagavulin","floor":13,"turns":7},{"damage":4,"enemies":"Looter","floor":14,"turns":2},{"damage":24,"enemies":"Hexaghost","floor":16,"turns":7}],"seed_played":"-6238269607599752214","potions_obtained":[{"floor":3,"key":"FocusPotion"},{"floor":5,"key":"Ancient Potion"},{"floor":16,"key":"FocusPotion"}],"is_trial":false,"path_per_floor":["M","?","M","M","M","R","?","R","T","$","?","M","E","M","R","B",null],"character_chosen":"DEFECT","items_purchased":["Echo Form"],"campfire_rested":0,"item_purchase_floors":[10],"current_hp_per_floor":[74,74,69,69,57,57,57,57,57,57,47,40,37,33,33,9,9],"gold":226,"neow_bonus":"BOSS_RELIC","is_prod":false,"is_daily":false,"chose_seed":false,"campfire_upgraded":3,"win_rate":0,"timestamp":1561233127,"path_taken":["M","?","M","M","?","R","?","R","T","?","?","?","E","M","R","BOSS"],"build_version":"2019-01-23","purchased_purges":0,"victory":false,"max_hp_per_floor":[75,75,75,75,75,75,75,75,75,75,75,75,75,75,75,75,75],"card_choices":[{"not_picked":["Compile Driver","Sweeping Beam"],"picked":"Turbo","floor":1},{"not_picked":["Beam Cell","Sweeping Beam"],"picked":"Fusion","floor":3},{"not_picked":["Compile Driver","Beam Cell"],"picked":"Sweeping Beam","floor":4},{"not_picked":["Coolheaded","Aggregate"],"picked":"FTL","floor":5},{"not_picked":["BootSequence","Storm"],"picked":"Fission","floor":11},{"not_picked":["Sweeping Beam","Hello World"],"picked":"Steam","floor":12},{"not_picked":["Turbo","Storm"],"picked":"Creative AI","floor":13},{"not_picked":["Rip and Tear","BootSequence"],"picked":"Loop","floor":14},{"not_picked":["Multi-Cast","Rainbow"],"picked":"Fission","floor":16}],"player_experience":1062917,"relics_obtained":[{"floor":9,"key":"Letter Opener"},{"floor":11,"key":"Odd Mushroom"},{"floor":13,"key":"Emotion Chip"}],"event_choices":[{"damage_healed":0,"gold_gain":0,"player_choice":"Paid Gold","damage_taken":0,"relics_obtained":["Centennial Puzzle"],"max_hp_gain":0,"max_hp_loss":0,"event_name":"WeMeetAgain","floor":2,"gold_loss":56},{"damage_healed":0,"gold_gain":100,"player_choice":"Pray","damage_taken":0,"max_hp_gain":0,"max_hp_loss":0,"event_name":"Golden Shrine","floor":7,"gold_loss":0},{"damage_healed":0,"gold_gain":0,"player_choice":"Fought Mushrooms","damage_taken":0,"max_hp_gain":0,"max_hp_loss":0,"event_name":"Mushrooms","floor":11,"gold_loss":0}],"is_beta":false,"boss_relics":[],"items_purged_floors":[],"is_endless":false,"potions_floor_spawned":[3,5,16],"ascension_level":0}