{"gold_per_floor":[118,43,43,43,62,62,94,94,119,119,129,208,238,249,249,323,323,338,29,49,99,119,119,119],"floor_reached":24,"playtime":1475,"items_purged":["Strike_G"],"score":388,"play_id":"cf704315-85bb-4b6e-8e0e-8374727e4068","local_time":"20190206093253","is_ascension_mode":true,"campfire_choices":[{"data":"Quick Slash","floor":6,"key":"SMITH"},{"data":"Poisoned Stab","floor":8,"key":"SMITH"},{"floor":10,"key":"REST"},{"data":"Dagger Spray","floor":15,"key":"SMITH"},{"data":"A Thousand Cuts","floor":23,"key":"SMITH"}],"neow_cost":"NONE","seed_source_timestamp":89315926972300,"circlet_count":0,"master_deck":["AscendersBane","Defend_G","Defend_G+1","Defend_G","Defend_G","Defend_G","Strike_G","Strike_G","Strike_G","Strike_G","Survivor+1","Neutralize+1","Deflect","Quick Slash+1","Poisoned Stab+1","Leg Sweep","Dagger Spray+1","Skewer","A Thousand Cuts+1","Flash of Steel","Backflip","Blade Dance","Backflip"],"relics":["Ring of the Snake","Bird Faced Urn","War Paint","Mercury Hourglass","Anchor","Eternal Feather","Pen Nib"],"potions_floor_usage":[16],"damage_taken":[{"damage":2,"enemies":"Small Slimes","floor":1,"turns":7},{"damage":0,"enemies":"2 Louse","floor":5,"turns":3},{"damage":40,"enemies":"Gremlin Nob","floor":7,"turns":5},{"damage":0,"enemies":"Cultist","floor":11,"turns":3},{"damage":18,"enemies":"Lagavulin","floor":13,"turns":6},{"damage":1,"enemies":"Exordium Thugs","floor":14,"turns":4},{"damage":22,"enemies":"Hexaghost","floor":16,"turns":15},{"damage":20,"enemies":"3 Byrds","floor":18,"turns":5},{"damage":4,"enemies":"Shell Parasite","floor":20,"turns":8},{"damage":21,"enemies":"Centurion and Healer","floor":22,"turns":10},{"damage":28,"enemies":"Slavers","floor":24,"turns":2}],"seed_played":"-4929411417594466160","potions_obtained":[{"floor":7,"key":"Dexterity Potion"},{"floor":14,"key":"Weak Potion"},{"floor":20,"key":"EssenceOfSteel"}],"is_trial":false,"path_per_floor":["M","$","?","?","M","R","E","R","T","R","M","T","E","M","R","B",null,"M","$","M","?","M","R","E"],"character_chosen":"THE_SILENT","items_purchased":["Pen Nib","Flash of Steel","Backflip"],"campfire_rested":1,"item_purchase_floors":[19,19,19],"current_hp_per_floor":[63,63,63,63,63,63,23,23,23,44,44,44,26,25,25,3,55,37,37,35,35,16,28,0],"gold":119,"neow_bonus":"TEN_PERCENT_HP_BONUS","is_prod":false,"is_daily":false,"chose_seed":false,"campfire_upgraded":4,"win_rate":0,"timestamp":1549438373,"path_taken":["M","$","?","?","M","R","E","R","T","R","?","?","E","M","R","BOSS","M","$","M","?","M","R","E"],"build_version":"2019-01-23","purchased_purges":1,"victory":false,"max_hp_per_floor":[72,72,72,72,72,72,72,72,72,72,72,72,72,72,72,72,72,72,72,72,72,72,72,72],"card_choices":[{"not_picked":["Acrobatics","Riddle With Holes"],"picked":"Deflect","floor":1},{"not_picked":["Cloak And Dagger","Slice"],"picked":"Quick Slash","floor":5},{"not_picked":["Sucker Punch","Flechettes"],"picked":"Poisoned Stab","floor":7},{"not_picked":["Dagger Throw","Bane"],"picked":"Leg Sweep","floor":11},{"not_picked":["Backflip","Riddle With Holes"],"picked":"Dagger Spray","floor":13},{"not_picked":["Sucker Punch","Outmaneuver"],"picked":"Skewer","floor":14},{"not_picked":["Die Die Die","Tools of the Trade"],"picked":"A Thousand Cuts","floor":16},{"not_picked":["Leg Sweep","Slice","Poisoned Stab"],"picked":"SKIP","floor":18},{"not_picked":["Outmaneuver","Acrobatics"],"picked":"Blade Dance","floor":20},{"not_picked":["Concentrate","Deflect"],"picked":"Backflip","floor":22}],"player_experience":873085,"relics_obtained":[{"floor":7,"key":"Bird Faced Urn"},{"floor":9,"key":"War Paint"},{"floor":12,"key":"Mercury Hourglass"},{"floor":13,"key":"Anchor"}],"event_choices":[{"damage_healed":0,"gold_gain":0,"player_choice":"Ignored","damage_taken":0,"max_hp_gain":0,"max_hp_loss":0,"event_name":"Liars Game","floor":3,"gold_loss":0},{"damage_healed":0,"gold_gain":0,"player_choice":"Upgraded","damage_taken":0,"max_hp_gain":0,"max_hp_loss":0,"event_name":"Upgrade Shrine","floor":4,"gold_loss":0,"cards_upgraded":["Neutralize"]},{"damage_healed":0,"gold_gain":50,"player_choice":"Stole From Cult","damage_taken":0,"max_hp_gain":0,"max_hp_loss":0,"event_name":"Nest","floor":21,"gold_loss":0}],"is_beta":false,"boss_relics":[{"not_picked":["Tiny House","White Beast Statue"],"picked":"Eternal Feather"}],"items_purged_floors":[2],"is_endless":false,"potions_floor_spawned":[7,14,20,22],"killed_by":"Slavers","ascension_level":18}