{"gold_per_floor":[116,128,9,27,41,41,61,78,78,78,21,21,21,35,35,108,108,121,141,141,191,191,191,220,220,220,238,238,139,153,163,163,239,239,249,259,75,93,109,109,138,138,162,162,162,122,135,149,149,149],"floor_reached":50,"playtime":3217,"items_purged":[],"score":995,"play_id":"c38819d1-9982-440e-80b6-df8e747cbe93","local_time":"20190120202620","is_ascension_mode":true,"campfire_choices":[{"data":"Bouncing Flask","floor":6,"key":"SMITH"},{"data":"Neutralize","floor":10,"key":"SMITH"},{"data":"Sucker Punch","floor":13,"key":"SMITH"},{"data":"Catalyst","floor":15,"key":"SMITH"},{"data":"Leg Sweep","floor":23,"key":"SMITH"},{"data":"Noxious Fumes","floor":28,"key":"SMITH"},{"data":"Tactician","floor":32,"key":"SMITH"},{"floor":40,"key":"REST"},{"floor":42,"key":"REST"},{"floor":49,"key":"REST"}],"neow_cost":"NONE","seed_source_timestamp":21972535600000,"circlet_count":0,"master_deck":["AscendersBane","Defend_G","Defend_G","Defend_G","Defend_G","Defend_G","Strike_G","Strike_G","Strike_G","Strike_G","Strike_G","Survivor","Neutralize+1","Noxious Fumes+1","Dagger Throw","Footwork","Bouncing Flask+1","Footwork","Tactician","Footwork","Underhanded Strike","Sucker Punch+1","Catalyst+1","Corpse Explosion","Leg Sweep+1","Deflect","Dodge and Roll","Footwork","Tactician+1","Blade Dance+1","Dodge and Roll","Well Laid Plans","Acrobatics+1","Dash","Burst","Blade Dance+1","Catalyst","Blade Dance","Dagger Throw","Endless Agony+1","Cloak And Dagger+1","Dagger Throw+1","Underhanded Strike+1","Discovery","Crippling Poison","Tactician","Underhanded Strike+1"],"relics":["Ring of the Serpent","Dream Catcher","Thread and Needle","Bird Faced Urn","Enchiridion","Shuriken","Mercury Hourglass","Fusion Hammer","FossilizedHelix","Bronze Scales"],"potions_floor_usage":[8,50,50,50,50],"damage_taken":[{"damage":6,"enemies":"Cultist","floor":1,"turns":4},{"damage":0,"enemies":"2 Louse","floor":2,"turns":3},{"damage":0,"enemies":"Jaw Worm","floor":4,"turns":5},{"damage":1,"enemies":"Blue Slaver","floor":5,"turns":6},{"damage":2,"enemies":"Looter","floor":7,"turns":4},{"damage":38,"enemies":"Exordium Thugs","floor":8,"turns":5},{"damage":0,"enemies":"3 Louse","floor":14,"turns":6},{"damage":22,"enemies":"Hexaghost","floor":16,"turns":7},{"damage":0,"enemies":"Chosen","floor":18,"turns":7},{"damage":5,"enemies":"Shell Parasite","floor":19,"turns":5},{"damage":21,"enemies":"Gremlin Leader","floor":24,"turns":11},{"damage":12,"enemies":"3 Cultists","floor":27,"turns":6},{"damage":0,"enemies":"Centurion and Healer","floor":30,"turns":8},{"damage":5,"enemies":"Shelled Parasite and Fungi","floor":31,"turns":6},{"damage":4,"enemies":"Champ","floor":33,"turns":10},{"damage":29,"enemies":"3 Darklings","floor":35,"turns":4},{"damage":3,"enemies":"Orb Walker","floor":36,"turns":3},{"damage":13,"enemies":"Maw","floor":38,"turns":6},{"damage":8,"enemies":"Writhing Mass","floor":39,"turns":3},{"damage":9,"enemies":"Giant Head","floor":41,"turns":6},{"damage":12,"enemies":"Sphere and 2 Shapes","floor":47,"turns":4},{"damage":30,"enemies":"Spire Growth","floor":48,"turns":5},{"damage":84,"enemies":"Awakened One","floor":50,"turns":11}],"seed_played":"2049326255248564625","potions_obtained":[{"floor":1,"key":"Poison Potion"},{"floor":4,"key":"Regen Potion"},{"floor":5,"key":"Dexterity Potion"},{"floor":8,"key":"Block Potion"},{"floor":14,"key":"SpeedPotion"},{"floor":19,"key":"PowerPotion"},{"floor":46,"key":"EntropicBrew"}],"is_trial":false,"path_per_floor":["M","M","$","M","M","R","M","M","T","R","$","?","R","M","R","B",null,"M","M","?","?","?","R","E","?","T","M","R","$","M","M","R","B",null,"M","M","$","M","M","R","E","R","T","?","?","?","M","M","R","B"],"character_chosen":"THE_SILENT","items_purchased":["Footwork","Bouncing Flask","Sucker Punch","Dodge and Roll","Well Laid Plans","Catalyst","Blade Dance","Dagger Throw"],"campfire_rested":3,"item_purchase_floors":[3,3,11,29,29,37,37,37],"current_hp_per_floor":[53,53,53,53,52,52,50,27,27,27,27,27,27,35,35,21,55,63,63,63,63,42,42,31,31,31,29,29,29,43,52,52,62,65,43,48,48,49,51,66,63,66,66,66,66,66,60,38,57,0],"gold":149,"neow_bonus":"RANDOM_COMMON_RELIC","is_prod":false,"is_daily":false,"chose_seed":false,"campfire_upgraded":7,"win_rate":0,"timestamp":1548008780,"path_taken":["M","M","$","?","M","R","M","M","T","R","?","?","R","?","R","BOSS","M","M","?","?","?","R","E","?","T","M","R","$","?","M","R","BOSS","M","M","$","M","M","R","E","R","T","?","?","?","M","?","R","BOSS"],"build_version":"2019-01-17v2","purchased_purges":0,"victory":false,"max_hp_per_floor":[66,66,66,66,66,66,66,66,66,66,66,66,66,66,66,66,66,66,66,66,66,66,66,66,66,66,66,66,66,66,66,66,66,66,66,66,66,66,66,66,66,66,66,66,66,66,66,66,66,66],"card_choices":[{"not_picked":["Catalyst","Well Laid Plans"],"picked":"Noxious Fumes","floor":1},{"not_picked":["Eviscerate","Distraction"],"picked":"Dagger Throw","floor":2},{"not_picked":["Bane","Finisher"],"picked":"Footwork","floor":4},{"not_picked":["Blade Dance","Outmaneuver"],"picked":"Tactician","floor":5},{"not_picked":["Dodge and Roll","Acrobatics"],"picked":"Footwork","floor":7},{"not_picked":["Blur","Terror"],"picked":"Underhanded Strike","floor":8},{"not_picked":["Flechettes","Deflect"],"picked":"Catalyst","floor":14},{"not_picked":["Night Terror","Grand Finale"],"picked":"Corpse Explosion","floor":16},{"not_picked":["Noxious Fumes","Outmaneuver"],"picked":"Leg Sweep","floor":18},{"not_picked":["Deadly Poison","Prepared"],"picked":"Deflect","floor":19},{"not_picked":["Acrobatics","Dagger Spray"],"picked":"Footwork","floor":24},{"not_picked":["Deflect","Calculated Gamble"],"picked":"Blade Dance+1","floor":27},{"not_picked":["Footwork","After Image"],"picked":"Acrobatics+1","floor":30},{"not_picked":["Dagger Spray","Dagger Throw"],"picked":"Dash","floor":31},{"not_picked":["Bullet Time","Die Die Die"],"picked":"Burst","floor":33},{"not_picked":["Flying Knee","Dodge and Roll"],"picked":"Blade Dance+1","floor":35},{"not_picked":["Sucker Punch","Predator+1","All Out Attack"],"picked":"SKIP","floor":36},{"not_picked":["Choke","Footwork"],"picked":"Endless Agony+1","floor":38},{"not_picked":["Prepared+1","Escape Plan"],"picked":"Cloak And Dagger+1","floor":39},{"not_picked":["Cloak And Dagger","Deflect"],"picked":"Dagger Throw+1","floor":40},{"not_picked":["Prepared","Deflect"],"picked":"Underhanded Strike+1","floor":41},{"not_picked":["Impatience","Madness"],"picked":"Discovery","floor":45},{"not_picked":["PiercingWail","Tactician"],"picked":"Crippling Poison","floor":47},{"not_picked":["Bane+1","Choke"],"picked":"Tactician","floor":48},{"not_picked":["Slice","Expertise+1"],"picked":"Underhanded Strike+1","floor":49}],"player_experience":826347,"relics_obtained":[{"floor":9,"key":"Thread and Needle"},{"floor":22,"key":"Enchiridion"},{"floor":24,"key":"Shuriken"},{"floor":26,"key":"Mercury Hourglass"},{"floor":41,"key":"FossilizedHelix"},{"floor":43,"key":"Bronze Scales"}],"event_choices":[{"damage_healed":0,"gold_gain":0,"player_choice":"Gave Potion","damage_taken":0,"relics_obtained":["Bird Faced Urn"],"max_hp_gain":0,"max_hp_loss":0,"event_name":"WeMeetAgain","floor":12,"gold_loss":0},{"damage_healed":0,"gold_gain":0,"player_choice":"Read","damage_taken":0,"max_hp_gain":0,"max_hp_loss":0,"event_name":"The Library","floor":20,"gold_loss":0,"cards_obtained":["Dodge and Roll"]},{"damage_healed":0,"gold_gain":50,"player_choice":"Stole From Cult","damage_taken":0,"max_hp_gain":0,"max_hp_loss":0,"event_name":"Nest","floor":21,"gold_loss":0},{"damage_healed":0,"gold_gain":0,"player_choice":"Obtained Book","damage_taken":21,"max_hp_gain":0,"max_hp_loss":0,"event_name":"Cursed Tome","floor":22,"gold_loss":0},{"damage_healed":0,"gold_gain":0,"player_choice":"1 cards matched","damage_taken":0,"max_hp_gain":0,"max_hp_loss":0,"event_name":"Match and Keep!","floor":25,"gold_loss":0,"cards_obtained":["Tactician"]},{"damage_healed":0,"gold_gain":0,"player_choice":"Ignored","damage_taken":0,"max_hp_gain":0,"max_hp_loss":0,"event_name":"Mysterious Sphere","floor":44,"gold_loss":0},{"damage_healed":0,"gold_gain":0,"player_choice":"Memory 1","damage_taken":0,"max_hp_gain":0,"max_hp_loss":0,"event_name":"SensoryStone","floor":45,"gold_loss":0},{"damage_healed":0,"gold_gain":0,"player_choice":"Bought 3 Potions","damage_taken":0,"max_hp_gain":0,"max_hp_loss":0,"event_name":"The Woman in Blue","floor":46,"gold_loss":0}],"is_beta":false,"boss_relics":[{"not_picked":["Tiny House","Empty Cage"],"picked":"Ring of the Serpent"},{"not_picked":["Snecko Eye","WristBlade"],"picked":"Fusion Hammer"}],"items_purged_floors":[],"is_endless":false,"potions_floor_spawned":[1,4,5,8,14,19,33,35,41,47],"killed_by":"Awakened One","ascension_level":17}