{"gold_per_floor":[110,110,130,145,145,145,179,15,15,28,178,178,193,205,205,284,284,296,296,296,44,57,85,85,85,85,85,164,164],"floor_reached":29,"playtime":1308,"items_purged":[],"score":458,"play_id":"80610b63-d3b4-4fda-87a8-f8c2ee07f99f","local_time":"20190305165519","is_ascension_mode":true,"campfire_choices":[{"floor":6,"key":"REST"},{"floor":12,"key":"REST"},{"data":"Streamline","floor":15,"key":"SMITH"},{"data":"Doom and Gloom","floor":24,"key":"SMITH"}],"neow_cost":"NONE","seed_source_timestamp":856920940857500,"circlet_count":0,"master_deck":["AscendersBane","Strike_B","Strike_B+1","Strike_B+1","Defend_B","Defend_B","Defend_B","Defend_B","Zap","Dualcast","Streamline+1","Leap","Conserve Battery","White Noise","Leap","Doubt","Undo","Consume","Creative AI","Ball Lightning+1","Necronomicurse","Doom and Gloom+1","Reinforced Body+1","Self Repair"],"relics":["Cracked Core","Ginger","Anchor","Pocketwatch","Sozu","Necronomicon","Pear","PreservedInsect","Juzu Bracelet","Bottled Tornado","Toxic Egg 2"],"potions_floor_usage":[7],"damage_taken":[{"damage":2,"enemies":"Cultist","floor":1,"turns":4},{"damage":9,"enemies":"2 Louse","floor":3,"turns":3},{"damage":3,"enemies":"Small Slimes","floor":4,"turns":3},{"damage":31,"enemies":"Gremlin Nob","floor":7,"turns":5},{"damage":8,"enemies":"Exordium Thugs","floor":10,"turns":4},{"damage":0,"enemies":"3 Louse","floor":13,"turns":2},{"damage":0,"enemies":"Exordium Wildlife","floor":14,"turns":5},{"damage":3,"enemies":"Slime Boss","floor":16,"turns":8},{"damage":0,"enemies":"Chosen","floor":18,"turns":5},{"damage":6,"enemies":"2 Thieves","floor":22,"turns":4},{"damage":19,"enemies":"Gremlin Leader","floor":23,"turns":6},{"damage":22,"enemies":"Colosseum Slavers","floor":25,"turns":4},{"damage":16,"enemies":"Sentry and Sphere","floor":29,"turns":3}],"seed_played":"-1365770224413353784","potions_obtained":[{"floor":3,"key":"Ancient Potion"},{"floor":4,"key":"Dexterity Potion"},{"floor":16,"key":"Explosive Potion"}],"is_trial":false,"path_per_floor":["M","?","M","M","?","R","E","$","T","M","?","R","M","M","R","B",null,"M","?","T","$","M","E","R","?","T","?","T","M"],"character_chosen":"DEFECT","items_purchased":["Anchor","PreservedInsect","Doom and Gloom"],"campfire_rested":2,"item_purchase_floors":[8,21,21],"current_hp_per_floor":[69,62,53,50,27,50,19,19,19,11,11,34,34,34,34,31,66,66,45,55,55,49,30,30,15,15,15,15,0],"gold":164,"neow_bonus":"TEN_PERCENT_HP_BONUS","is_prod":false,"is_daily":false,"chose_seed":false,"campfire_upgraded":2,"win_rate":0,"timestamp":1551797719,"path_taken":["M","?","M","M","?","R","E","$","T","M","?","R","M","M","R","BOSS","M","?","?","$","M","E","R","?","T","?","?","M"],"build_version":"2019-01-23","purchased_purges":0,"victory":false,"max_hp_per_floor":[78,78,78,78,78,78,78,78,78,78,78,78,78,78,78,78,78,78,78,88,88,88,88,88,88,88,88,88,88],"card_choices":[{"not_picked":["Hologram","Compile Driver"],"picked":"Streamline","floor":1},{"not_picked":["Coolheaded","Gash"],"picked":"Leap","floor":3},{"not_picked":["Barrage","Scrape"],"picked":"Conserve Battery","floor":4},{"not_picked":["Aggregate","Meteor Strike"],"picked":"White Noise","floor":7},{"not_picked":["Cold Snap","Consume"],"picked":"Leap","floor":10},{"not_picked":["Redo","Ball Lightning"],"picked":"Undo","floor":13},{"not_picked":["Stack","Conserve Battery"],"picked":"Consume","floor":14},{"not_picked":["Buffer","All For One"],"picked":"Creative AI","floor":16},{"not_picked":["Cold Snap","Redo"],"picked":"Ball Lightning+1","floor":18},{"not_picked":["Redo","Go for the Eyes"],"picked":"Reinforced Body+1","floor":22},{"not_picked":["Leap","Heatsinks"],"picked":"Self Repair","floor":23}],"player_experience":903703,"relics_obtained":[{"floor":7,"key":"Ginger"},{"floor":9,"key":"Pocketwatch"},{"floor":19,"key":"Necronomicon"},{"floor":20,"key":"Pear"},{"floor":23,"key":"Juzu Bracelet"},{"floor":26,"key":"Bottled Tornado"},{"floor":28,"key":"Toxic Egg 2"}],"event_choices":[{"cards_removed":["Strike_B"],"damage_healed":0,"gold_gain":0,"player_choice":"Card Removal","damage_taken":7,"max_hp_gain":0,"max_hp_loss":0,"event_name":"Golden Wing","floor":2,"gold_loss":0},{"damage_healed":0,"gold_gain":0,"player_choice":"Entered Light","damage_taken":23,"max_hp_gain":0,"max_hp_loss":0,"event_name":"Shining Light","floor":5,"gold_loss":0,"cards_upgraded":["Strike_B","Strike_B"]},{"damage_healed":0,"gold_gain":150,"player_choice":"AGREE","damage_taken":0,"max_hp_gain":0,"max_hp_loss":0,"event_name":"Liars Game","floor":11,"gold_loss":0,"cards_obtained":["Doubt"]},{"damage_healed":0,"gold_gain":0,"player_choice":"Obtained Book","damage_taken":21,"max_hp_gain":0,"max_hp_loss":0,"event_name":"Cursed Tome","floor":19,"gold_loss":0},{"damage_healed":0,"gold_gain":0,"player_choice":"Fight","damage_taken":0,"max_hp_gain":0,"max_hp_loss":0,"event_name":"Colosseum","floor":25,"gold_loss":0},{"damage_healed":0,"gold_gain":0,"player_choice":"Fled From Nobs","damage_taken":0,"max_hp_gain":0,"max_hp_loss":0,"event_name":"Colosseum","floor":25,"gold_loss":0},{"damage_healed":0,"gold_gain":0,"player_choice":"Got Potions","damage_taken":0,"max_hp_gain":0,"max_hp_loss":0,"event_name":"Lab","floor":27,"gold_loss":0}],"is_beta":false,"boss_relics":[{"not_picked":["Runic Dome","Snecko Eye"],"picked":"Sozu"}],"items_purged_floors":[],"is_endless":false,"potions_floor_spawned":[3,4,16],"killed_by":"Sentry and Sphere","ascension_level":18}