{"gold_per_floor":[109,109,109,121,308,320,364,376,388,435,458,495,526,390,390,390],"floor_reached":16,"playtime":322,"items_purged":["Doubt"],"score":282,"play_id":"8604bb00-b733-43b5-8b8f-8bca0c4a269a","local_time":"20190102145959","is_ascension_mode":true,"campfire_choices":[{"data":"Defragment","floor":6,"key":"SMITH"},{"data":"Zap","floor":8,"key":"SMITH"},{"data":"Defragment","floor":15,"key":"SMITH"}],"neow_cost":"NONE","seed_source_timestamp":1375323175943391,"circlet_count":0,"master_deck":["AscendersBane","Strike_B","Strike_B","Strike_B+1","Defend_B+1","Defend_B","Defend_B","Defend_B","Zap+1","Dualcast","Defragment+1","FTL","Capacitor","Double Energy","Leap","Defragment+1"],"relics":["Cracked Core","NeowsBlessing","MawBank","Question Card","Pantograph","Dream Catcher","Pen Nib"],"potions_floor_usage":[16],"damage_taken":[{"damage":0,"enemies":"Cultist","floor":1,"turns":1},{"damage":0,"enemies":"Lagavulin","floor":7,"turns":1},{"damage":0,"enemies":"Gremlin Nob","floor":10,"turns":1},{"damage":1,"enemies":"Jaw Worm","floor":11,"turns":4},{"damage":27,"enemies":"3 Sentries","floor":12,"turns":7},{"damage":5,"enemies":"Small Slimes","floor":13,"turns":3},{"damage":42,"enemies":"Slime Boss","floor":16,"turns":7}],"seed_played":"432456222636233688","potions_obtained":[{"floor":7,"key":"Weak Potion"},{"floor":10,"key":"FocusPotion"}],"is_trial":false,"path_per_floor":["M","?","?","?","?","R","E","R","T","E","M","E","M","$","R","B"],"character_chosen":"DEFECT","items_purchased":["Defragment"],"campfire_rested":0,"item_purchase_floors":[14],"current_hp_per_floor":[64,64,61,47,47,47,47,47,47,47,46,19,14,14,14,0],"gold":390,"neow_bonus":"THREE_ENEMY_KILL","is_prod":false,"is_daily":false,"chose_seed":false,"campfire_upgraded":3,"win_rate":0,"timestamp":1546408799,"path_taken":["M","?","?","?","?","R","E","R","T","E","M","E","M","$","R","BOSS"],"build_version":"2018-12-20","purchased_purges":1,"victory":false,"max_hp_per_floor":[71,71,71,71,71,71,71,71,71,71,71,71,71,71,71,71],"card_choices":[{"not_picked":["Streamline","Rebound"],"picked":"Defragment","floor":1},{"not_picked":["Streamline","Compile Driver","Force Field"],"picked":"SKIP","floor":7},{"not_picked":["All For One","Double Energy","Barrage"],"picked":"FTL","floor":10},{"not_picked":["Gash","Cold Snap","Conserve Battery"],"picked":"Capacitor","floor":11},{"not_picked":["Barrage","Aggregate","Hologram"],"picked":"Double Energy","floor":12},{"not_picked":["Rebound","Steam","Aggregate"],"picked":"Leap","floor":13}],"player_experience":699478,"relics_obtained":[{"floor":7,"key":"Question Card"},{"floor":9,"key":"Pantograph"},{"floor":10,"key":"Dream Catcher"},{"floor":12,"key":"Pen Nib"}],"event_choices":[{"cards_removed":["Strike_B"],"damage_healed":0,"gold_gain":0,"player_choice":"Forget","damage_taken":0,"max_hp_gain":0,"max_hp_loss":0,"event_name":"Living Wall","floor":2,"gold_loss":0},{"damage_healed":0,"gold_gain":0,"player_choice":"Success","damage_taken":3,"relics_obtained":["MawBank"],"max_hp_gain":0,"max_hp_loss":0,"event_name":"Scrap Ooze","floor":3,"gold_loss":0},{"damage_healed":0,"gold_gain":0,"player_choice":"Entered Light","damage_taken":14,"max_hp_gain":0,"max_hp_loss":0,"event_name":"Shining Light","floor":4,"gold_loss":0,"cards_upgraded":["Defend_B","Strike_B"]},{"damage_healed":0,"gold_gain":175,"player_choice":"AGREE","damage_taken":0,"max_hp_gain":0,"max_hp_loss":0,"event_name":"Liars Game","floor":5,"gold_loss":0,"cards_obtained":["Doubt"]}],"is_beta":false,"boss_relics":[],"items_purged_floors":[14],"is_endless":false,"potions_floor_spawned":[7,10,13],"killed_by":"Slime Boss","ascension_level":14}