{"gold_per_floor":[116,116,134,209,219,219,284,298,298,317,336,382,397,412,412,513,513,527,546,1,17,33,33,49,49,75,75,92,108,108,127,127,127],"floor_reached":33,"playtime":6081,"items_purged":[],"score":272,"play_id":"e3ff694b-5fe6-4ae9-bdff-f100bef9446b","local_time":"20181122213912","is_ascension_mode":false,"campfire_choices":[{"data":"Shrug It Off","floor":6.0,"key":"SMITH"},{"data":"Rage","floor":15.0,"key":"SMITH"},{"data":"Body Slam","floor":23,"key":"SMITH"},{"floor":30,"key":"REST"},{"data":"Body Slam","floor":32,"key":"SMITH"}],"neow_cost":"NONE","seed_source_timestamp":0,"circlet_count":0,"master_deck":["Defend_R","Defend_R","Defend_R","Defend_R","Bash","Anger","Shrug It Off","Shrug It Off+1","Clash","Rage+1","Headbutt","Flex","Body Slam+1","Flex","Impervious","Body Slam+1","Body Slam","Armaments","Deep Breath","Intimidate","Rage","Reaper","Bite","Bite","Bite","Bite","Bite","Clash+1","Heavy Blade","Anger"],"special_seed":0,"relics":["Burning Blood","Magic Flower","Incense Burner","Lizard Tail","Membership Card","Ornamental Fan","Bottled Flame","MutagenicStrength","Regal Pillow"],"potions_floor_usage":[19,19,21,24,33,33],"damage_taken":[{"damage":8.0,"enemies":"Small Slimes","floor":1.0,"turns":3.0},{"damage":5.0,"enemies":"2 Louse","floor":3.0,"turns":3.0},{"damage":7.0,"enemies":"Jaw Worm","floor":5.0,"turns":3.0},{"damage":35.0,"enemies":"Lagavulin Event","floor":7.0,"turns":7.0},{"damage":12.0,"enemies":"Exordium Wildlife","floor":8.0,"turns":5.0},{"damage":2.0,"enemies":"Exordium Thugs","floor":10.0,"turns":4.0},{"damage":0.0,"enemies":"Large Slime","floor":11.0,"turns":5.0},{"damage":0.0,"enemies":"3 Louse","floor":13.0,"turns":4.0},{"damage":1.0,"enemies":"Exordium Wildlife","floor":14.0,"turns":4.0},{"damage":35.0,"enemies":"The Guardian","floor":16.0,"turns":12.0},{"damage":8,"enemies":"3 Byrds","floor":18,"turns":8},{"damage":12,"enemies":"2 Thieves","floor":19,"turns":5},{"damage":27,"enemies":"Snake Plant","floor":21,"turns":5},{"damage":20,"enemies":"Shelled Parasite and Fungi","floor":22,"turns":11},{"damage":29,"enemies":"3 Cultists","floor":24,"turns":8},{"damage":45,"enemies":"Chosen and Byrds","floor":28,"turns":10},{"damage":33,"enemies":"Snecko","floor":29,"turns":8},{"damage":14,"enemies":"Snake Plant","floor":31,"turns":5},{"damage":225,"enemies":"Collector","floor":33,"turns":11}],"seed_played":"5468654237485252107","potions_obtained":[{"floor":0.0,"key":"EntropicBrew"},{"floor":0.0,"key":"SkillPotion"},{"floor":0.0,"key":"Strength Potion"},{"floor":7.0,"key":"Energy Potion"},{"floor":8.0,"key":"PowerPotion"},{"floor":11.0,"key":"SteroidPotion"},{"floor":14.0,"key":"Energy Potion"},{"floor":16.0,"key":"PowerPotion"},{"floor":24,"key":"FairyPotion"},{"floor":28,"key":"SpeedPotion"},{"floor":29,"key":"Fire Potion"}],"is_trial":false,"path_per_floor":["M","?","M","?","M","R","?","M","T","M","M","T","M","M","R","B",null,"M","M","$","M","M","R","M","?","T","?","M","M","R","M","R","B"],"character_chosen":"IRONCLAD","items_purchased":["Membership Card","Armaments","Deep Breath","Ornamental Fan","SteroidPotion","Bottled Flame"],"campfire_rested":1,"item_purchase_floors":[20,20,20,20,20,20],"current_hp_per_floor":[78,83,84,73,72,72,43,40,40,47,56,56,68,79,79,56,85,85,82,82,67,59,59,42,42,42,42,40,33,73,85,85,0],"gold":127,"neow_bonus":"THREE_SMALL_POTIONS","is_prod":false,"is_daily":false,"chose_seed":false,"campfire_upgraded":4,"win_rate":0.0,"timestamp":1542922752,"path_taken":["M","?","M","?","M","R","?","?","T","M","M","?","M","M","R","BOSS","M","M","$","M","M","R","M","?","T","?","M","M","R","M","R","BOSS"],"build_version":"2018-11-15","purchased_purges":0,"victory":false,"max_hp_per_floor":[80,85,85,85,85,85,85,85,85,85,85,85,85,85,85,85,85,85,85,85,85,85,85,85,85,85,85,85,85,85,85,85,85],"card_choices":[{"not_picked":["Pommel Strike","Perfected Strike"],"picked":"Anger","floor":1.0},{"not_picked":["Body Slam","Clothesline"],"picked":"Shrug It Off","floor":3.0},{"not_picked":["Flex","Hemokinesis"],"picked":"Shrug It Off","floor":5.0},{"not_picked":["Carnage","Dual Wield"],"picked":"Clash","floor":7.0},{"not_picked":["Uppercut","Thunderclap"],"picked":"Rage","floor":8.0},{"not_picked":["Dropkick","Dark Embrace"],"picked":"Headbutt","floor":10.0},{"not_picked":["Pummel","Feel No Pain"],"picked":"Flex","floor":11.0},{"not_picked":["Clothesline","Disarm"],"picked":"Body Slam","floor":13.0},{"not_picked":["Spot Weakness","Body Slam"],"picked":"Flex","floor":14.0},{"not_picked":["Limit Break","Fiend Fire"],"picked":"Impervious","floor":16.0},{"not_picked":["Ghostly Armor","True Grit"],"picked":"Body Slam","floor":18},{"not_picked":["Headbutt","Twin Strike+1"],"picked":"Body Slam","floor":19},{"not_picked":["Fire Breathing","Pommel Strike"],"picked":"Intimidate","floor":21},{"not_picked":["Clash","Hemokinesis+1"],"picked":"Rage","floor":22},{"not_picked":["Disarm+1","Twin Strike"],"picked":"Reaper","floor":24},{"not_picked":["Anger+1","Inflame"],"picked":"Clash+1","floor":28},{"not_picked":["Corruption","Intimidate"],"picked":"Heavy Blade","floor":29},{"not_picked":["Clothesline","True Grit"],"picked":"Anger","floor":31}],"player_experience":25244,"relics_obtained":[{"floor":7.0,"key":"Magic Flower"},{"floor":9.0,"key":"Incense Burner"},{"floor":12.0,"key":"Blood Vial"},{"floor":26,"key":"Regal Pillow"}],"event_choices":[{"damage_healed":0.0,"max_hp_gain":5.0,"max_hp_loss":0.0,"gold_gain":0.0,"event_name":"Big Fish","player_choice":"Donut","floor":2.0,"gold_loss":0.0,"damage_taken":0.0},{"damage_healed":0.0,"max_hp_gain":0.0,"max_hp_loss":0.0,"gold_gain":75.0,"event_name":"World of Goop","player_choice":"Gather Gold","floor":4.0,"gold_loss":0.0,"damage_taken":11.0},{"damage_healed":0.0,"max_hp_gain":0.0,"max_hp_loss":0.0,"gold_gain":0.0,"event_name":"Dead Adventurer","player_choice":"Searched \u00271\u0027 times","floor":7.0,"gold_loss":0.0,"damage_taken":0.0},{"damage_healed":0,"gold_gain":0,"player_choice":"Inject Mutagens","damage_taken":0,"relics_obtained":["MutagenicStrength"],"max_hp_gain":0,"max_hp_loss":0,"event_name":"Drug Dealer","floor":25,"gold_loss":0},{"damage_healed":0,"gold_gain":0,"player_choice":"Became a vampire (Vial)","damage_taken":0,"max_hp_gain":0,"max_hp_loss":0,"event_name":"Vampires","floor":27,"relics_lost":["Blood Vial"],"gold_loss":0,"cards_obtained":["Bite","Bite","Bite","Bite","Bite"]}],"is_beta":false,"boss_relics":[{"not_picked":["Runic Dome","Orrery"],"picked":"Lizard Tail"}],"items_purged_floors":[],"is_endless":false,"potions_floor_spawned":[7,8,11,14,16,18,24,28,29],"killed_by":"Collector","ascension_level":0}