{"gold_per_floor":[14,30,30,30,42,42,56,56,56,70,70,89,89,100,100,100],"floor_reached":16,"playtime":367,"items_purged":[],"score":94,"play_id":"ce1ffe26-1cd0-4010-b491-40e7b335b51a","local_time":"20181224010121","is_ascension_mode":false,"campfire_choices":[{"data":"Rage","floor":6,"key":"SMITH"},{"data":"Whirlwind","floor":8,"key":"SMITH"},{"floor":15,"key":"RECALL"}],"neow_cost":"NO_GOLD","seed_source_timestamp":547375845666630,"circlet_count":0,"master_deck":["Strike_R","Strike_R","Strike_R","Defend_R","Defend_R","Defend_R","Defend_R","Bash","Rage+1","Iron Wave","Whirlwind+1","Limit Break+1","Warcry+1"],"relics":["Burning Blood","Toxic Egg 2"],"potions_floor_usage":[],"damage_taken":[{"damage":2,"enemies":"2 Louse","floor":1,"turns":4},{"damage":3,"enemies":"Cultist","floor":2,"turns":4},{"damage":0,"enemies":"Jaw Worm","floor":5,"turns":4},{"damage":0,"enemies":"Large Slime","floor":7,"turns":6},{"damage":5,"enemies":"Lots of Slimes","floor":10,"turns":2},{"damage":8,"enemies":"Red Slaver","floor":12,"turns":3},{"damage":0,"enemies":"Exordium Wildlife","floor":14,"turns":2},{"damage":88,"enemies":"Hexaghost","floor":16,"turns":9}],"seed_played":"1876285418427860689","potions_obtained":[{"floor":12,"key":"Fire Potion"},{"floor":14,"key":"SpeedPotion"}],"is_trial":false,"path_per_floor":["M","M","$","?","M","R","M","R","T","M","?","M","?","M","R","B"],"character_chosen":"IRONCLAD","items_purchased":[],"campfire_rested":0,"item_purchase_floors":[],"current_hp_per_floor":[80,80,80,77,80,80,80,80,80,80,80,78,83,85,85,0],"gold":100,"neow_bonus":"REMOVE_TWO","is_prod":false,"is_daily":false,"chose_seed":false,"campfire_upgraded":2,"win_rate":0,"timestamp":1545580881,"path_taken":["M","M","$","?","M","R","M","R","T","M","?","?","?","M","R","BOSS"],"build_version":"2018-12-20","purchased_purges":0,"victory":false,"max_hp_per_floor":[80,80,80,80,80,80,80,80,80,80,80,80,85,85,85,85],"card_choices":[{"not_picked":["Wild Strike","Hemokinesis"],"picked":"Rage","floor":1},{"not_picked":["Clash","True Grit"],"picked":"Iron Wave","floor":2},{"not_picked":["Feel No Pain","Sword Boomerang","Pommel Strike"],"picked":"SKIP","floor":5},{"not_picked":["Reckless Charge","Perfected Strike"],"picked":"Whirlwind","floor":7},{"not_picked":["Shrug It Off+1","Wild Strike"],"picked":"Limit Break+1","floor":10},{"not_picked":["Wild Strike","Corruption"],"picked":"Warcry+1","floor":12},{"not_picked":["Havoc+1","Hemokinesis","Wild Strike"],"picked":"SKIP","floor":14}],"player_experience":657323,"relics_obtained":[],"event_choices":[{"damage_healed":0,"gold_gain":0,"player_choice":"Success","damage_taken":3,"relics_obtained":["Toxic Egg 2"],"max_hp_gain":0,"max_hp_loss":0,"event_name":"Scrap Ooze","floor":4,"gold_loss":0},{"damage_healed":0,"gold_gain":0,"player_choice":"Bought 0 Potions","damage_taken":0,"max_hp_gain":0,"max_hp_loss":0,"event_name":"The Woman in Blue","floor":11,"gold_loss":0},{"damage_healed":0,"gold_gain":0,"player_choice":"Donut","damage_taken":0,"max_hp_gain":5,"max_hp_loss":0,"event_name":"Big Fish","floor":13,"gold_loss":0}],"is_beta":false,"boss_relics":[],"items_purged_floors":[],"is_endless":false,"potions_floor_spawned":[12,14],"killed_by":"Hexaghost","ascension_level":0}