{"gold_per_floor":[18,18,31,31,41,41,75,75,122,155,166,86,86,111,111,188,188,201,218,143,12,12,12],"floor_reached":23,"playtime":1305,"items_purged":["Strike_G"],"score":393,"play_id":"75bdf409-df98-4ee5-8ebb-57164168a175","local_time":"20190210111515","is_ascension_mode":true,"campfire_choices":[{"data":"Poisoned Stab","floor":6.0,"key":"SMITH"},{"data":"Quick Slash","floor":8.0,"key":"SMITH"},{"floor":13.0,"key":"REST"},{"floor":15.0,"key":"REST"}],"neow_cost":"NO_GOLD","seed_source_timestamp":0,"circlet_count":0,"master_deck":["AscendersBane","Defend_G","Defend_G","Defend_G","Defend_G","Defend_G","Strike_G","Strike_G","Strike_G","Strike_G","Survivor","Neutralize","Bullet Time","Poisoned Stab+1","Quick Slash+1","Riddle With Holes","Backstab","Footwork","Escape Plan","Malaise","Malaise","Predator"],"special_seed":0,"relics":["Ring of the Snake","Potion Belt","Omamori","Strawberry","Mercury Hourglass","Pear","Snecko Eye"],"potions_floor_usage":[],"damage_taken":[{"damage":7.0,"enemies":"Jaw Worm","floor":1.0,"turns":8.0},{"damage":0.0,"enemies":"Cultist","floor":3.0,"turns":4.0},{"damage":0.0,"enemies":"Small Slimes","floor":5.0,"turns":3.0},{"damage":26.0,"enemies":"Gremlin Nob","floor":7.0,"turns":4.0},{"damage":20.0,"enemies":"3 Sentries","floor":10.0,"turns":10.0},{"damage":0.0,"enemies":"2 Fungi Beasts","floor":11.0,"turns":2.0},{"damage":26.0,"enemies":"Gremlin Nob","floor":14.0,"turns":4.0},{"damage":41.0,"enemies":"Slime Boss","floor":16.0,"turns":14.0},{"damage":16,"enemies":"Shell Parasite","floor":18,"turns":6},{"damage":6,"enemies":"Chosen","floor":19,"turns":4},{"damage":45,"enemies":"Gremlin Leader","floor":23,"turns":6}],"seed_played":"-3887559005518373170","potions_obtained":[{"floor":1.0,"key":"GamblersBrew"},{"floor":4.0,"key":"SpeedPotion"},{"floor":4.0,"key":"GhostInAJar"},{"floor":11.0,"key":"Ancient Potion"},{"floor":14.0,"key":"Weak Potion"},{"floor":16.0,"key":"Energy Potion"},{"floor":19,"key":"Energy Potion"}],"is_trial":false,"path_per_floor":["M","?","M","?","M","R","E","R","T","E","M","?","R","E","R","B",null,"M","M","$","$","?","E"],"character_chosen":"THE_SILENT","items_purchased":["Predator","SteroidPotion"],"campfire_rested":2,"item_purchase_floors":[21,21],"current_hp_per_floor":[52,52,52,52,52,52,26,26,26,13,13,13,34,18,42,1,63,47,41,41,41,41,0],"gold":12,"neow_bonus":"THREE_RARE_CARDS","is_prod":false,"is_daily":false,"chose_seed":false,"campfire_upgraded":2,"win_rate":0,"timestamp":1549790115,"path_taken":["M","?","M","?","?","R","E","R","T","E","?","?","R","E","R","BOSS","M","M","?","$","?","E"],"build_version":"2019-01-23","purchased_purges":1,"victory":false,"max_hp_per_floor":[66,66,66,66,66,66,66,66,66,73,73,73,73,83,83,83,83,83,83,83,83,83,83],"card_choices":[{"not_picked":["Wraith Form v2","Tools of the Trade"],"picked":"Bullet Time","floor":0.0},{"not_picked":["Tactician","Backflip"],"picked":"Poisoned Stab","floor":1.0},{"not_picked":["Finisher","Dodge and Roll"],"picked":"Quick Slash","floor":3.0},{"not_picked":["Outmaneuver","Masterful Stab"],"picked":"Riddle With Holes","floor":5.0},{"not_picked":["Sucker Punch","Accuracy"],"picked":"Backstab","floor":7.0},{"not_picked":["Setup","Deflect"],"picked":"Footwork","floor":10.0},{"not_picked":["Dagger Throw","Deflect"],"picked":"Escape Plan","floor":11.0},{"not_picked":["Footwork","Blade Dance"],"picked":"Malaise","floor":14.0},{"not_picked":["Corpse Explosion","Die Die Die"],"picked":"Malaise","floor":16.0},{"not_picked":["Quick Slash","Bane","Dagger Throw"],"picked":"SKIP","floor":18},{"not_picked":["Masterful Stab","Cloak And Dagger","Backstab"],"picked":"SKIP","floor":19}],"player_experience":876766,"relics_obtained":[{"floor":7.0,"key":"Potion Belt"},{"floor":9.0,"key":"Omamori"},{"floor":10.0,"key":"Strawberry"},{"floor":14.0,"key":"Pear"}],"event_choices":[{"damage_healed":0.0,"max_hp_gain":0.0,"max_hp_loss":0.0,"gold_gain":0.0,"event_name":"The Cleric","player_choice":"Leave","floor":2.0,"gold_loss":0.0,"damage_taken":0.0},{"damage_healed":0.0,"max_hp_gain":0.0,"max_hp_loss":0.0,"gold_gain":0.0,"event_name":"Lab","player_choice":"Got Potions","floor":4.0,"gold_loss":0.0,"damage_taken":0.0},{"damage_healed":0.0,"max_hp_gain":0.0,"max_hp_loss":0.0,"gold_gain":0.0,"event_name":"WeMeetAgain","player_choice":"Paid Gold","floor":12.0,"gold_loss":80.0,"damage_taken":0.0,"relics_obtained":["Mercury Hourglass"]}],"is_beta":false,"boss_relics":[{"not_picked":["Eternal Feather","HoveringKite"],"picked":"Snecko Eye"}],"items_purged_floors":[20],"is_endless":false,"potions_floor_spawned":[1,11,14,16,18,19],"killed_by":"Gremlin Leader","ascension_level":18}