{"gold_per_floor":[116,116,116,116,140,179,179,215,215,215,215],"floor_reached":11,"playtime":392,"items_purged":[],"score":158,"play_id":"de628c3d-c04e-4a8f-b037-545e826675a1","local_time":"20190625090353","is_ascension_mode":true,"campfire_choices":[{"data":"Streamline","floor":7,"key":"SMITH"},{"floor":10,"key":"REST"}],"neow_cost":"TEN_PERCENT_HP_LOSS","seed_source_timestamp":1036561366746100,"circlet_count":0,"master_deck":["AscendersBane","Strike_B","Strike_B","Strike_B","Strike_B","Defend_B","Defend_B","Defend_B","Defend_B","Zap+1","Dualcast","Ball Lightning","Undo","Streamline+1","Capacitor"],"relics":["Cracked Core","Incense Burner","Golden Idol","Matryoshka","Centennial Puzzle","Art of War","Shuriken"],"potions_floor_usage":[8],"damage_taken":[{"damage":0,"enemies":"2 Louse","floor":1,"turns":2},{"damage":4,"enemies":"Jaw Worm","floor":5,"turns":3},{"damage":33,"enemies":"Gremlin Nob","floor":6,"turns":4},{"damage":10,"enemies":"Lagavulin","floor":8,"turns":4},{"damage":33,"enemies":"3 Sentries","floor":11,"turns":4}],"seed_played":"-8518607982618706532","potions_obtained":[{"floor":6,"key":"Poison Potion"}],"is_trial":false,"path_per_floor":["M","?","?","?","M","E","R","E","T","R","E"],"character_chosen":"DEFECT","items_purchased":[],"campfire_rested":1,"item_purchase_floors":[],"current_hp_per_floor":[64,58,58,58,54,21,21,11,11,28,0],"gold":215,"neow_bonus":"ONE_RARE_RELIC","is_prod":false,"is_daily":false,"chose_seed":false,"campfire_upgraded":1,"win_rate":0,"timestamp":1561442633,"path_taken":["M","?","?","?","M","E","R","E","T","R","E"],"build_version":"2019-01-23","purchased_purges":0,"victory":false,"max_hp_per_floor":[64,58,58,58,58,58,58,58,58,58,58],"card_choices":[{"not_picked":["Conserve Battery","Hologram"],"picked":"Ball Lightning","floor":1},{"not_picked":["Heatsinks","Leap"],"picked":"Undo","floor":5},{"not_picked":["Beam Cell","Reboot"],"picked":"Streamline","floor":6},{"not_picked":["Undo","Leap"],"picked":"Capacitor","floor":8}],"player_experience":1177608,"relics_obtained":[{"floor":6,"key":"Matryoshka"},{"floor":8,"key":"Centennial Puzzle"},{"floor":9,"key":"Art of War"},{"floor":9,"key":"Shuriken"}],"event_choices":[{"damage_healed":0,"gold_gain":0,"player_choice":"Lose Max HP","damage_taken":0,"relics_obtained":["Golden Idol"],"max_hp_gain":0,"max_hp_loss":6,"event_name":"Golden Idol","floor":2,"gold_loss":0},{"damage_healed":0,"gold_gain":0,"player_choice":"Grow","damage_taken":0,"max_hp_gain":0,"max_hp_loss":0,"event_name":"Living Wall","floor":3,"gold_loss":0,"cards_upgraded":["Zap"]},{"damage_healed":0,"gold_gain":0,"player_choice":"Ignored","damage_taken":0,"max_hp_gain":0,"max_hp_loss":0,"event_name":"Liars Game","floor":4,"gold_loss":0}],"is_beta":false,"boss_relics":[],"items_purged_floors":[],"is_endless":false,"potions_floor_spawned":[6],"killed_by":"3 Sentries","ascension_level":20}