{"gold_per_floor":[215,215,225,185,202,231,231,260,286,303,303],"floor_reached":11,"playtime":442,"items_purged":[],"score":166,"play_id":"a1d2a117-5c34-486f-8ef4-2fd5f392cb24","local_time":"20190627100844","is_ascension_mode":true,"campfire_choices":[{"floor":7,"key":"REST"}],"neow_cost":"NONE","seed_source_timestamp":1213207872673600,"circlet_count":0,"master_deck":["AscendersBane","Strike_B","Strike_B","Strike_B","Strike_B","Defend_B","Defend_B","Defend_B","Defend_B","Zap","Dualcast","Rebound","Cold Snap","Cold Snap","Gash","Gash","Ball Lightning"],"relics":["Cracked Core","Bag of Marbles","Centennial Puzzle","Blood Vial","Omamori"],"potions_floor_usage":[6,6,11],"damage_taken":[{"damage":0,"enemies":"Cultist","floor":1,"turns":3},{"damage":15,"enemies":"Small Slimes","floor":3,"turns":3},{"damage":0,"enemies":"2 Louse","floor":5,"turns":2},{"damage":22,"enemies":"Lagavulin","floor":6,"turns":5},{"damage":6,"enemies":"Gremlin Nob","floor":8,"turns":3},{"damage":13,"enemies":"Gremlin Gang","floor":10,"turns":3},{"damage":9,"enemies":"Blue Slaver","floor":11,"turns":1}],"seed_played":"-3285713226278975410","potions_obtained":[{"floor":4,"key":"Strength Potion"},{"floor":4,"key":"SteroidPotion"},{"floor":5,"key":"Fire Potion"},{"floor":10,"key":"Weak Potion"}],"is_trial":false,"path_per_floor":["M","?","M","?","M","E","R","E","T","M","M"],"character_chosen":"DEFECT","items_purchased":[],"campfire_rested":1,"item_purchase_floors":[],"current_hp_per_floor":[64,38,23,23,23,1,22,16,16,5,0],"gold":303,"neow_bonus":"HUNDRED_GOLD","is_prod":false,"is_daily":false,"chose_seed":false,"campfire_upgraded":0,"win_rate":0,"timestamp":1561619324,"path_taken":["M","?","M","?","M","E","R","E","T","M","M"],"build_version":"2019-01-23","purchased_purges":0,"victory":false,"max_hp_per_floor":[71,71,71,71,71,71,71,71,71,71,71],"card_choices":[{"not_picked":["Stack","Sweeping Beam"],"picked":"Rebound","floor":1},{"not_picked":["Rebound","Hello World"],"picked":"Cold Snap","floor":3},{"not_picked":["White Noise","Conserve Battery"],"picked":"Cold Snap","floor":5},{"not_picked":["Rip and Tear","Fusion"],"picked":"Gash","floor":6},{"not_picked":["Beam Cell","Thunder Strike"],"picked":"Gash","floor":8},{"not_picked":["Barrage","Lockon"],"picked":"Ball Lightning","floor":10}],"player_experience":1182299,"relics_obtained":[{"floor":6,"key":"Centennial Puzzle"},{"floor":8,"key":"Blood Vial"},{"floor":9,"key":"Omamori"}],"event_choices":[{"damage_healed":0,"gold_gain":0,"player_choice":"Success","damage_taken":26,"relics_obtained":["Bag of Marbles"],"max_hp_gain":0,"max_hp_loss":0,"event_name":"Scrap Ooze","floor":2,"gold_loss":0},{"damage_healed":0,"gold_gain":0,"player_choice":"Bought 3 Potions","damage_taken":0,"max_hp_gain":0,"max_hp_loss":0,"event_name":"The Woman in Blue","floor":4,"gold_loss":0}],"is_beta":false,"boss_relics":[],"items_purged_floors":[],"is_endless":false,"potions_floor_spawned":[5,10],"killed_by":"Blue Slaver","ascension_level":20}