{"gold_per_floor":[362,62,75,87,101,101,101,132,132,144,185,217,303,328,340,451,463,492,504,217,228,9,9,36,36,62,62,79,112,42,52,52,153,153,166,76,5,25,25,58,58,89,169,169,181,212,224,243,243,243],"floor_reached":51,"playtime":4358,"items_purged":[],"score":864,"play_id":"b3641b2c-fc2f-4332-b5aa-215bd446d24c","local_time":"20190326001757","is_ascension_mode":true,"campfire_choices":[{"data":"Anger","floor":6,"key":"SMITH"},{"floor":10,"key":"REST"},{"floor":15,"key":"REST"},{"data":"Flame Barrier","floor":23,"key":"SMITH"},{"floor":25,"key":"REST"},{"data":"Intimidate","floor":27,"key":"SMITH"},{"data":"Inflame","floor":32,"key":"SMITH"},{"floor":41,"key":"REST"},{"floor":44,"key":"REST"},{"floor":49,"key":"REST"}],"neow_cost":"PERCENT_DAMAGE","seed_source_timestamp":3118684768289910,"circlet_count":0,"master_deck":["Strike_R+1","Strike_R","Strike_R","Defend_R","Defend_R","Defend_R","Bash+1","Flame Barrier+1","Cleave+1","Anger+1","Intimidate+1","Pommel Strike+1","Shrug It Off+1","Battle Trance+1","Feed+1","Spot Weakness+1","Impatience+1","Impervious+1","Impervious+1","Clash+1","Immolate+1","Inflame+1","Bludgeon+1","Infernal Blade+1","Body Slam+1","Whirlwind+1","Headbutt+1","Decay","Flex+1","Double Tap+1"],"relics":["Burning Blood","Bird Faced Urn","Dream Catcher","Darkstone Periapt","MawBank","Molten Egg 2","Toxic Egg 2","Empty Cage","MealTicket","Whetstone","Ginger","Lantern","Red Mask","Cursed Key","FossilizedHelix","Blood Vial","Bottled Lightning","Ancient Tea Set"],"potions_floor_usage":[8,11,18,29,33,40,42,50,50],"damage_taken":[{"damage":6,"enemies":"Cultist","floor":1,"turns":4},{"damage":7,"enemies":"Jaw Worm","floor":3,"turns":4},{"damage":0,"enemies":"2 Louse","floor":4,"turns":2},{"damage":2,"enemies":"2 Fungi Beasts","floor":5,"turns":3},{"damage":25,"enemies":"Gremlin Nob","floor":8,"turns":5},{"damage":9,"enemies":"Lagavulin","floor":11,"turns":6},{"damage":8,"enemies":"Blue Slaver","floor":12,"turns":3},{"damage":14,"enemies":"Gremlin Gang","floor":14,"turns":4},{"damage":39,"enemies":"The Guardian","floor":16,"turns":10},{"damage":26,"enemies":"2 Thieves","floor":18,"turns":4},{"damage":15,"enemies":"Shell Parasite","floor":21,"turns":8},{"damage":27,"enemies":"Gremlin Leader","floor":24,"turns":5},{"damage":5,"enemies":"Snecko","floor":28,"turns":6},{"damage":0,"enemies":"Masked Bandits","floor":29,"turns":3},{"damage":5,"enemies":"Snake Plant","floor":31,"turns":3},{"damage":82,"enemies":"Champ","floor":33,"turns":12},{"damage":20,"enemies":"3 Darklings","floor":35,"turns":4},{"damage":0,"enemies":"Orb Walker","floor":38,"turns":3},{"damage":45,"enemies":"Giant Head","floor":40,"turns":8},{"damage":59,"enemies":"Nemesis","floor":42,"turns":7},{"damage":0,"enemies":"Jaw Worm Horde","floor":45,"turns":3},{"damage":0,"enemies":"Reptomancer","floor":46,"turns":4},{"damage":30,"enemies":"Sphere and 2 Shapes","floor":47,"turns":4},{"damage":4,"enemies":"Maw","floor":48,"turns":6},{"damage":107,"enemies":"Awakened One","floor":50,"turns":13}],"seed_played":"6829369029889590314","potions_obtained":[{"floor":1,"key":"FairyPotion"},{"floor":3,"key":"GamblersBrew"},{"floor":4,"key":"Strength Potion"},{"floor":12,"key":"Fire Potion"},{"floor":24,"key":"Regen Potion"},{"floor":28,"key":"Energy Potion"},{"floor":31,"key":"PowerPotion"},{"floor":35,"key":"GamblersBrew"},{"floor":45,"key":"Fire Potion"},{"floor":47,"key":"Block Potion"}],"is_trial":false,"path_per_floor":["M","$","M","M","M","R","?","E","T","R","E","M","T","M","R","B",null,"M","?","$","M","$","R","E","R","T","R","M","?","$","M","R","B",null,"M","?","$","M","?","E","R","E","T","R","M","E","M","M","R","B",null],"character_chosen":"IRONCLAD","items_purchased":["Bird Faced Urn","Impatience+1","MealTicket","Impervious+1","Whetstone","Inflame","Infernal Blade+1"],"campfire_rested":6,"item_purchase_floors":[2,20,20,22,22,30,37],"current_hp_per_floor":[56,56,55,61,65,65,65,46,46,70,67,65,65,57,80,47,80,64,64,64,55,70,70,49,74,74,74,79,89,92,92,92,16,92,80,80,92,92,92,53,80,44,50,79,87,97,78,88,106,7],"gold":243,"neow_bonus":"TWO_FIFTY_GOLD","is_prod":false,"is_daily":false,"chose_seed":false,"campfire_upgraded":4,"win_rate":0,"timestamp":1553559477,"path_taken":["M","$","M","M","M","R","?","E","T","R","E","M","?","M","R","BOSS","M","?","$","M","$","R","E","R","T","R","M","?","$","M","R","BOSS","M","?","$","?","?","E","R","E","T","R","M","E","M","?","R","BOSS"],"build_version":"2019-01-23","purchased_purges":0,"victory":true,"max_hp_per_floor":[80,80,80,80,80,80,80,80,80,80,80,80,80,80,80,80,80,84,84,84,84,84,84,84,84,84,84,88,92,92,92,92,92,92,92,92,92,92,92,92,92,92,98,98,98,98,102,106,106,106],"card_choices":[{"not_picked":["Feel No Pain","Headbutt"],"picked":"Flame Barrier","floor":1},{"not_picked":["Seeing Red","Heavy Blade"],"picked":"Cleave","floor":3},{"not_picked":["Twin Strike","Burning Pact","True Grit"],"picked":"SKIP","floor":4},{"not_picked":["Perfected Strike","Pummel"],"picked":"Anger","floor":5},{"not_picked":["Thunderclap","Carnage","Searing Blow"],"picked":"SKIP","floor":8},{"not_picked":["Thunderclap","True Grit"],"picked":"Intimidate","floor":10},{"not_picked":["Clothesline","Sentinel"],"picked":"Pommel Strike","floor":11},{"not_picked":["Evolve","Warcry"],"picked":"Shrug It Off","floor":12},{"not_picked":["Heavy Blade+1","Sword Boomerang+1","Carnage+1"],"picked":"SKIP","floor":14},{"not_picked":["Ghostly Armor+1","Dark Embrace"],"picked":"Battle Trance+1","floor":15},{"not_picked":["Dark Embrace","Brutality"],"picked":"Feed+1","floor":16},{"not_picked":["Thunderclap+1","Clothesline+1"],"picked":"Spot Weakness+1","floor":18},{"not_picked":["Havoc+1","Sword Boomerang+1","Anger+1"],"picked":"SKIP","floor":21},{"not_picked":["Iron Wave+1","Headbutt+1"],"picked":"Impervious+1","floor":24},{"not_picked":["Body Slam+1","Evolve"],"picked":"Clash+1","floor":25},{"not_picked":["Spot Weakness+1","Flame Barrier+1","Cleave+1"],"picked":"SKIP","floor":28},{"not_picked":["Thunderclap+1","Anger+1"],"picked":"Immolate+1","floor":29},{"not_picked":["Clothesline+1","Reckless Charge+1","Sever Soul+1"],"picked":"SKIP","floor":31},{"not_picked":["Berserk","Feed+1"],"picked":"Bludgeon+1","floor":33},{"not_picked":["Burning Pact+1","Blood for Blood+1","Twin Strike+1"],"picked":"SKIP","floor":35},{"not_picked":["Clothesline+1","Perfected Strike+1"],"picked":"Body Slam+1","floor":38},{"not_picked":["Ghostly Armor+1","Thunderclap+1","Immolate+1"],"picked":"SKIP","floor":40},{"not_picked":["Feel No Pain","Ghostly Armor+1"],"picked":"Whirlwind+1","floor":41},{"not_picked":["Havoc+1","Heavy Blade+1"],"picked":"Headbutt+1","floor":42},{"not_picked":["Blood for Blood+1","Iron Wave+1","Armaments+1"],"picked":"SKIP","floor":45},{"not_picked":["Body Slam+1","Infernal Blade+1","Clash+1"],"picked":"SKIP","floor":46},{"not_picked":["Rupture","Hemokinesis+1"],"picked":"Flex+1","floor":47},{"not_picked":["Perfected Strike+1","Intimidate+1"],"picked":"Double Tap+1","floor":48}],"player_experience":209360,"relics_obtained":[{"floor":8,"key":"Darkstone Periapt"},{"floor":9,"key":"MawBank"},{"floor":11,"key":"Molten Egg 2"},{"floor":13,"key":"Toxic Egg 2"},{"floor":24,"key":"Ginger"},{"floor":26,"key":"Lantern"},{"floor":29,"key":"Red Mask"},{"floor":40,"key":"FossilizedHelix"},{"floor":42,"key":"Blood Vial"},{"floor":43,"key":"Bottled Lightning"},{"floor":46,"key":"Ancient Tea Set"}],"event_choices":[{"damage_healed":0,"gold_gain":0,"player_choice":"Searched \u00271\u0027 times","damage_taken":0,"relics_obtained":["Dream Catcher"],"max_hp_gain":0,"max_hp_loss":0,"event_name":"Dead Adventurer","floor":7,"gold_loss":0},{"damage_healed":0,"gold_gain":0,"player_choice":"Ignored","damage_taken":0,"max_hp_gain":0,"max_hp_loss":0,"event_name":"Ghosts","floor":19,"gold_loss":0},{"damage_healed":0,"gold_gain":0,"player_choice":"Fought Bandits","damage_taken":0,"max_hp_gain":0,"max_hp_loss":0,"event_name":"Masked Bandits","floor":29,"gold_loss":0},{"cards_removed":["Defend_R"],"damage_healed":0,"gold_gain":0,"player_choice":"Upgrade and Remove","damage_taken":0,"max_hp_gain":0,"max_hp_loss":0,"event_name":"Designer","floor":36,"gold_loss":90,"cards_upgraded":["Shrug It Off"]},{"damage_healed":0,"gold_gain":0,"player_choice":"Upgraded","damage_taken":0,"max_hp_gain":0,"max_hp_loss":0,"event_name":"Upgrade Shrine","floor":39,"gold_loss":0,"cards_upgraded":["Bash"]}],"is_beta":false,"boss_relics":[{"not_picked":["Busted Crown","Runic Dome"],"picked":"Empty Cage"},{"not_picked":["Fusion Hammer","Tiny House"],"picked":"Cursed Key"}],"items_purged_floors":[],"is_endless":false,"potions_floor_spawned":[1,3,4,12,24,28,31,35,45,47],"ascension_level":2}