{"gold_per_floor":[10,10,10,27,27,27,55,67,127,169,181,193,205,231,243,255],"floor_reached":16,"playtime":810,"items_purged":[],"score":212,"play_id":"d8b0a21b-6a9f-490d-9de5-58260109dd20","local_time":"20190531180056","is_ascension_mode":true,"campfire_choices":[{"data":"Poisoned Stab","floor":6,"key":"SMITH"},{"floor":8,"key":"REST"},{"floor":12,"key":"REST"},{"data":"Dagger Spray","floor":15,"key":"SMITH"}],"neow_cost":"NO_GOLD","seed_source_timestamp":811544236928600,"circlet_count":0,"master_deck":["AscendersBane","Defend_G","Defend_G+1","Defend_G","Defend_G","Defend_G+1","Strike_G","Strike_G","Strike_G","Strike_G","Survivor","Neutralize","Dagger Spray+1","Leg Sweep","Poisoned Stab+1","Footwork","Well Laid Plans","Cloak And Dagger","Crippling Poison","Dodge and Roll"],"relics":["Ring of the Snake","Prayer Wheel","MawBank","War Paint","Girya"],"potions_floor_usage":[16,16],"damage_taken":[{"damage":6,"enemies":"Jaw Worm","floor":1,"turns":8},{"damage":0,"enemies":"Small Slimes","floor":4,"turns":4},{"damage":48,"enemies":"Gremlin Nob","floor":7,"turns":6},{"damage":20,"enemies":"3 Sentries","floor":10,"turns":10},{"damage":0,"enemies":"2 Louse","floor":14,"turns":2},{"damage":20,"enemies":"Slime Boss","floor":16,"turns":14}],"seed_played":"-545349495620068366","potions_obtained":[{"floor":7,"key":"GhostInAJar"},{"floor":10,"key":"SkillPotion"}],"is_trial":false,"path_per_floor":["M","?","?","M","?","R","E","R","T","E","?","R","?","M","R","B"],"character_chosen":"THE_SILENT","items_purchased":[],"campfire_rested":2,"item_purchase_floors":[],"current_hp_per_floor":[53,53,53,53,58,58,10,31,31,11,6,27,20,20,20,0],"gold":255,"neow_bonus":"ONE_RARE_RELIC","is_prod":false,"is_daily":false,"chose_seed":false,"campfire_upgraded":2,"win_rate":0,"timestamp":1559314856,"path_taken":["M","?","?","M","?","R","E","R","T","E","?","R","?","?","R","BOSS"],"build_version":"2019-01-23","purchased_purges":0,"victory":false,"max_hp_per_floor":[66,66,66,66,71,71,71,71,71,71,71,71,71,71,71,71],"card_choices":[{"not_picked":["Heel Hook","Deflect"],"picked":"Dagger Spray","floor":1},{"not_picked":["Quick Slash","Terror"],"picked":"Leg Sweep","floor":1},{"not_picked":["Expertise","Finisher"],"picked":"Poisoned Stab","floor":4},{"not_picked":["Slice","Escape Plan"],"picked":"Footwork","floor":4},{"not_picked":["Flying Knee","Quick Slash"],"picked":"Well Laid Plans","floor":7},{"not_picked":["Deadly Poison","Prepared"],"picked":"Cloak And Dagger","floor":10},{"not_picked":["Poisoned Stab","Burst"],"picked":"Crippling Poison","floor":14},{"not_picked":["Blade Dance","Quick Slash"],"picked":"Dodge and Roll","floor":14}],"player_experience":1047668,"relics_obtained":[{"floor":7,"key":"MawBank"},{"floor":9,"key":"War Paint"},{"floor":10,"key":"Girya"}],"event_choices":[{"damage_healed":0,"gold_gain":0,"player_choice":"Ignored","damage_taken":0,"max_hp_gain":0,"max_hp_loss":0,"event_name":"Liars Game","floor":2,"gold_loss":0},{"damage_healed":0,"gold_gain":0,"player_choice":"Leave","damage_taken":0,"max_hp_gain":0,"max_hp_loss":0,"event_name":"The Cleric","floor":3,"gold_loss":0},{"damage_healed":0,"gold_gain":0,"player_choice":"Donut","damage_taken":0,"max_hp_gain":5,"max_hp_loss":0,"event_name":"Big Fish","floor":5,"gold_loss":0},{"damage_healed":0,"gold_gain":0,"player_choice":"Fled","damage_taken":5,"max_hp_gain":0,"max_hp_loss":0,"event_name":"Scrap Ooze","floor":11,"gold_loss":0},{"cards_removed":["Strike_G"],"damage_healed":0,"gold_gain":0,"player_choice":"Card Removal","damage_taken":7,"max_hp_gain":0,"max_hp_loss":0,"event_name":"Golden Wing","floor":13,"gold_loss":0}],"is_beta":false,"boss_relics":[],"items_purged_floors":[],"is_endless":false,"potions_floor_spawned":[7,10,14],"killed_by":"Slime Boss","ascension_level":20}