{"gold_per_floor":[146,161,161,174,23,49,68,68,117,132,132,146,167,186,186,284,284,304,304,61,331,351,351,370,370,395,406,416,416,434,451,451,546,546,560,610,624,644,657,657,672,672,672,699,799,79,79,91,91,91],"floor_reached":51,"playtime":2190,"items_purged":["Strike_B","Strike_B"],"score":730,"play_id":"0ca91c52-8c3a-473c-a36b-a10d44e2fcff","local_time":"20190620041530","is_ascension_mode":false,"campfire_choices":[{"data":"Zap","floor":11,"key":"SMITH"},{"data":"Dualcast","floor":15,"key":"SMITH"},{"data":"Amplify","floor":23,"key":"SMITH"},{"data":"Storm","floor":25,"key":"SMITH"},{"data":"Buffer","floor":29,"key":"SMITH"},{"data":"Defragment","floor":32,"key":"SMITH"},{"data":"Reboot","floor":40,"key":"SMITH"},{"data":"Capacitor","floor":42,"key":"SMITH"},{"data":"Thinking Ahead","floor":47,"key":"SMITH"},{"data":"Chill","floor":49,"key":"SMITH"}],"neow_cost":"NONE","seed_source_timestamp":49008644647071,"circlet_count":0,"master_deck":["Strike_B","Strike_B","Defend_B","Defend_B","Defend_B","Defend_B","Zap+1","Dualcast+1","Go for the Eyes","Self Repair","Capacitor+1","Storm+1","Ball Lightning","Amplify+1","Beam Cell","Hologram","Self Repair","Reboot+1","Chill+1","Coolheaded","Buffer+1","Coolheaded","Defragment+1","Defragment+1","Echo Form","Melter+1","Conserve Battery+1","FTL+1","Cold Snap+1","Chill","Defragment+1","Thinking Ahead+1","Loop+1"],"relics":["Cracked Core","Tiny Chest","Pantograph","Gremlin Horn","Pen Nib","Odd Mushroom","Coffee Dripper","Darkstone Periapt","Question Card","Potion Belt","Eternal Feather","Pocketwatch","Centennial Puzzle","PreservedInsect","Mango","Sundial","ClockworkSouvenir"],"potions_floor_usage":[13,18,22,30,38,38,50,50,50],"damage_taken":[{"damage":1,"enemies":"Small Slimes","floor":1,"turns":3},{"damage":0,"enemies":"Cultist","floor":2,"turns":4},{"damage":0,"enemies":"2 Louse","floor":4,"turns":2},{"damage":32,"enemies":"Lagavulin","floor":6,"turns":8},{"damage":5,"enemies":"Large Slime","floor":7,"turns":5},{"damage":7,"enemies":"Looter","floor":10,"turns":3},{"damage":13,"enemies":"Lots of Slimes","floor":12,"turns":4},{"damage":11,"enemies":"The Mushroom Lair","floor":13,"turns":4},{"damage":9,"enemies":"Blue Slaver","floor":14,"turns":3},{"damage":29,"enemies":"Slime Boss","floor":16,"turns":8},{"damage":4,"enemies":"Shell Parasite","floor":18,"turns":3},{"damage":17,"enemies":"3 Byrds","floor":22,"turns":4},{"damage":7,"enemies":"Centurion and Healer","floor":24,"turns":6},{"damage":31,"enemies":"Snake Plant","floor":27,"turns":5},{"damage":10,"enemies":"Sentry and Sphere","floor":28,"turns":4},{"damage":0,"enemies":"3 Cultists","floor":30,"turns":4},{"damage":0,"enemies":"Shelled Parasite and Fungi","floor":31,"turns":3},{"damage":0,"enemies":"Automaton","floor":33,"turns":5},{"damage":25,"enemies":"3 Darklings","floor":35,"turns":4},{"damage":35,"enemies":"2 Orb Walkers","floor":36,"turns":3},{"damage":20,"enemies":"3 Shapes","floor":37,"turns":3},{"damage":16,"enemies":"3 Darklings","floor":38,"turns":4},{"damage":1,"enemies":"Maw","floor":39,"turns":7},{"damage":21,"enemies":"Writhing Mass","floor":41,"turns":6},{"damage":7,"enemies":"Mind Bloom Boss Battle","floor":45,"turns":5},{"damage":0,"enemies":"Transient","floor":48,"turns":5},{"damage":12,"enemies":"Donu and Deca","floor":50,"turns":8}],"seed_played":"-1225236901581733828","potions_obtained":[{"floor":6,"key":"PowerPotion"},{"floor":10,"key":"SkillPotion"},{"floor":12,"key":"Energy Potion"},{"floor":13,"key":"PowerPotion"},{"floor":14,"key":"FocusPotion"},{"floor":18,"key":"Explosive Potion"},{"floor":27,"key":"SpeedPotion"},{"floor":30,"key":"SpeedPotion"},{"floor":33,"key":"FocusPotion"},{"floor":37,"key":"Energy Potion"},{"floor":38,"key":"SteroidPotion"},{"floor":41,"key":"Regen Potion"}],"is_trial":false,"path_per_floor":["M","M","?","M","$","E","M","T","T","M","R","M","?","M","R","B",null,"M","?","$","?","M","R","M","R","T","M","M","R","M","M","R","B",null,"M","?","M","M","M","R","M","R","T","T","?","$","R","M","R","B",null],"character_chosen":"DEFECT","items_purchased":["Storm","Question Card","Sundial","ClockworkSouvenir","Thinking Ahead"],"campfire_rested":0,"item_purchase_floors":[5,20,46,46,46],"current_hp_per_floor":[74,74,74,74,74,49,51,51,51,51,51,52,55,60,60,60,75,71,71,71,43,47,47,54,54,54,30,41,41,55,62,62,75,75,57,29,37,35,55,73,66,75,75,75,89,89,89,89,89,89],"gold":91,"neow_bonus":"RANDOM_COMMON_RELIC","is_prod":false,"is_daily":false,"chose_seed":false,"campfire_upgraded":10,"win_rate":0,"timestamp":1560971730,"path_taken":["M","M","?","M","$","E","?","?","T","M","R","?","?","M","R","BOSS","M","?","$","?","M","R","M","R","T","M","M","R","M","?","R","BOSS","M","?","M","M","M","R","M","R","T","?","?","$","R","M","R","BOSS"],"build_version":"2019-01-23","purchased_purges":2,"victory":true,"max_hp_per_floor":[75,75,75,75,75,75,75,75,75,75,75,75,75,75,75,75,75,75,75,75,75,75,75,75,75,75,75,75,75,75,75,75,75,75,75,75,75,75,75,75,75,75,75,75,89,89,89,89,89,89],"card_choices":[{"not_picked":["Barrage","Beam Cell"],"picked":"Go for the Eyes","floor":1},{"not_picked":["Chill","Reinforced Body"],"picked":"Self Repair","floor":2},{"not_picked":["Gash","Sweeping Beam"],"picked":"Capacitor","floor":4},{"not_picked":["Gash","Darkness"],"picked":"Ball Lightning","floor":6},{"not_picked":["Storm","Hologram"],"picked":"Amplify","floor":7},{"not_picked":["Compile Driver","Darkness"],"picked":"Beam Cell","floor":10},{"not_picked":["Steam","Redo","Rip and Tear"],"picked":"SKIP","floor":12},{"not_picked":["Auto Shields","Conserve Battery"],"picked":"Hologram","floor":13},{"not_picked":["Streamline","Barrage"],"picked":"Self Repair","floor":14},{"not_picked":["Multi-Cast","Meteor Strike"],"picked":"Reboot","floor":16},{"not_picked":["Gash+1","Beam Cell","Stack"],"picked":"SKIP","floor":18},{"not_picked":["Sweeping Beam+1","Barrage+1","Aggregate+1"],"picked":"Chill","floor":22},{"not_picked":["Streamline","Stack","Steam+1"],"picked":"Coolheaded","floor":24},{"not_picked":["Rebound","Conserve Battery","Heatsinks+1"],"picked":"Buffer","floor":27},{"not_picked":["Beam Cell+1","Redo","Reinforced Body+1"],"picked":"Coolheaded","floor":28},{"not_picked":["Stack","Doom and Gloom","Go for the Eyes"],"picked":"Defragment","floor":30},{"not_picked":["Conserve Battery","BootSequence","Redo"],"picked":"Defragment+1","floor":31},{"not_picked":["Seek","Core Surge","Buffer"],"picked":"Echo Form","floor":33},{"not_picked":["Conserve Battery+1","Coolheaded","Streamline"],"picked":"Melter+1","floor":35},{"not_picked":["Leap","Aggregate+1","Hello World+1"],"picked":"Conserve Battery+1","floor":36},{"not_picked":["Hologram","Conserve Battery","Coolheaded"],"picked":"FTL+1","floor":37},{"not_picked":["Genetic Algorithm","Redo","Reboot"],"picked":"Cold Snap+1","floor":38},{"not_picked":["Hologram+1","Leap","Turbo"],"picked":"Chill","floor":39},{"not_picked":["Gash","Streamline","Redo"],"picked":"Defragment+1","floor":41},{"not_picked":["Blizzard","Cold Snap+1","Undo"],"picked":"Loop+1","floor":48}],"player_experience":1052240,"relics_obtained":[{"floor":6,"key":"Pantograph"},{"floor":8,"key":"Gremlin Horn"},{"floor":9,"key":"Pen Nib"},{"floor":13,"key":"Odd Mushroom"},{"floor":26,"key":"Potion Belt"},{"floor":36,"key":"Pocketwatch"},{"floor":43,"key":"Centennial Puzzle"},{"floor":44,"key":"PreservedInsect"},{"floor":45,"key":"Mango"}],"event_choices":[{"damage_healed":0,"gold_gain":0,"player_choice":"0 cards matched","damage_taken":0,"max_hp_gain":0,"max_hp_loss":0,"event_name":"Match and Keep!","floor":3,"gold_loss":0,"cards_obtained":[]},{"damage_healed":0,"gold_gain":0,"player_choice":"Fought Mushrooms","damage_taken":0,"max_hp_gain":0,"max_hp_loss":0,"event_name":"Mushrooms","floor":13,"gold_loss":0},{"damage_healed":0,"gold_gain":0,"player_choice":"Opened","damage_taken":0,"relics_obtained":["Darkstone Periapt"],"max_hp_gain":0,"max_hp_loss":0,"event_name":"The Mausoleum","floor":19,"gold_loss":0},{"damage_healed":0,"gold_gain":270,"player_choice":"GOLD GOLD GOLD ","damage_taken":28,"max_hp_gain":0,"max_hp_loss":0,"event_name":"Knowing Skull","floor":21,"potions_obtained":[],"gold_loss":0,"cards_obtained":[]},{"damage_healed":0,"gold_gain":0,"player_choice":"Fight","damage_taken":0,"max_hp_gain":0,"max_hp_loss":0,"event_name":"Mysterious Sphere","floor":36,"gold_loss":0},{"damage_healed":0,"gold_gain":0,"player_choice":"Fight","damage_taken":0,"max_hp_gain":0,"max_hp_loss":0,"event_name":"MindBloom","floor":45,"gold_loss":0}],"is_beta":false,"boss_relics":[{"not_picked":["Calling Bell","Orrery"],"picked":"Coffee Dripper"},{"not_picked":["FrozenCore","Fusion Hammer"],"picked":"Eternal Feather"}],"items_purged_floors":[5,46],"is_endless":false,"potions_floor_spawned":[6,10,12,13,14,18,27,30,33,37,38,41],"ascension_level":0}