{"gold_per_floor":[110,129,72,72,72,72,106,118,118,118,118,147,147],"floor_reached":13,"playtime":476,"items_purged":[],"score":182,"play_id":"a0cb43bc-3a91-44b8-96e4-61946da70fba","local_time":"20190615154124","is_ascension_mode":true,"campfire_choices":[{"floor":6,"key":"REST"},{"data":"Coolheaded","floor":11,"key":"SMITH"}],"neow_cost":"PERCENT_DAMAGE","seed_source_timestamp":196316224105600,"circlet_count":0,"master_deck":["AscendersBane","Strike_B","Strike_B","Strike_B+1","Defend_B","Defend_B","Defend_B+1","Defend_B","Zap+1","Dualcast","Melter","Conserve Battery","Gash","Coolheaded+1","Auto Shields"],"relics":["Cracked Core","Ornamental Fan","Potion Belt","Happy Flower"],"potions_floor_usage":[7,13],"damage_taken":[{"damage":21,"enemies":"Small Slimes","floor":1,"turns":4},{"damage":0,"enemies":"Cultist","floor":2,"turns":3},{"damage":3,"enemies":"Gremlin Nob","floor":7,"turns":3},{"damage":0,"enemies":"2 Louse","floor":8,"turns":3},{"damage":8,"enemies":"Lagavulin","floor":12,"turns":8},{"damage":44,"enemies":"Gremlin Gang","floor":13,"turns":4}],"seed_played":"-1086458663062252824","potions_obtained":[{"floor":12,"key":"FocusPotion"}],"is_trial":false,"path_per_floor":["M","M","$","?","?","R","E","M","T","?","R","E","M"],"character_chosen":"DEFECT","items_purchased":["Fire Potion"],"campfire_rested":1,"item_purchase_floors":[3],"current_hp_per_floor":[39,39,39,13,13,38,35,35,35,35,35,27,0],"gold":147,"neow_bonus":"TWENTY_PERCENT_HP_BONUS","is_prod":false,"is_daily":false,"chose_seed":false,"campfire_upgraded":1,"win_rate":0,"timestamp":1560602484,"path_taken":["M","M","$","?","?","R","E","?","T","?","R","E","?"],"build_version":"2019-01-23","purchased_purges":0,"victory":false,"max_hp_per_floor":[85,85,85,85,85,85,85,85,85,85,85,85,85],"card_choices":[{"not_picked":["Barrage","Cold Snap"],"picked":"Melter","floor":1},{"not_picked":["Ball Lightning","Leap"],"picked":"Conserve Battery","floor":2},{"not_picked":["Cold Snap","Compile Driver"],"picked":"Gash","floor":7},{"not_picked":["Stack","Reboot"],"picked":"Coolheaded","floor":8},{"not_picked":["Hello World","Reprogram"],"picked":"Auto Shields","floor":12}],"player_experience":1116727,"relics_obtained":[{"floor":7,"key":"Ornamental Fan"},{"floor":9,"key":"Potion Belt"},{"floor":12,"key":"Happy Flower"}],"event_choices":[{"damage_healed":0,"gold_gain":0,"player_choice":"Entered Light","damage_taken":26,"max_hp_gain":0,"max_hp_loss":0,"event_name":"Shining Light","floor":4,"gold_loss":0,"cards_upgraded":["Defend_B","Strike_B"]},{"damage_healed":0,"gold_gain":0,"player_choice":"Upgraded","damage_taken":0,"max_hp_gain":0,"max_hp_loss":0,"event_name":"Upgrade Shrine","floor":5,"gold_loss":0,"cards_upgraded":["Zap"]},{"cards_removed":["Strike_B"],"damage_healed":0,"gold_gain":0,"player_choice":"Card Removal","damage_taken":0,"max_hp_gain":0,"max_hp_loss":0,"event_name":"Wheel of Change","floor":10,"gold_loss":0}],"is_beta":false,"boss_relics":[],"items_purged_floors":[],"is_endless":false,"potions_floor_spawned":[12],"killed_by":"Gremlin Gang","ascension_level":20}