{"gold_per_floor":[112,92,17,27,202,233,251,251,251,265,300,312,338,400,412,525,537,559,589,601,712,724,736,748,760,772,784,816,828],"floor_reached":29,"playtime":1238,"items_purged":["Strike_G"],"score":373,"play_id":"3abbbf48-3123-4200-b782-1e2a03d75ffb","local_time":"20190201185552","is_ascension_mode":true,"campfire_choices":[{"data":"Neutralize","floor":8.0,"key":"SMITH"},{"data":"Setup","floor":15.0,"key":"SMITH"},{"data":"Dash","floor":23.0,"key":"SMITH"},{"data":"Dash","floor":25.0,"key":"SMITH"},{"data":"Bouncing Flask","floor":27.0,"key":"SMITH"}],"neow_cost":"NONE","seed_source_timestamp":200500185977652,"circlet_count":0,"master_deck":["Defend_G","Defend_G","Defend_G","Defend_G","Defend_G","Strike_G","Strike_G","Strike_G","Strike_G","Survivor","Neutralize+1","Setup+1","Choke","Doubt","Dash+1","Dash+1","Bouncing Flask+1","Flying Knee","Underhanded Strike","Malaise+1","Acrobatics","Reflex+1","Footwork"],"special_seed":0,"relics":["Ring of the Snake","NeowsBlessing","Shuriken","Vajra","MawBank","Art of War","HoveringKite","Boot"],"potions_floor_usage":[29,29,29],"damage_taken":[{"damage":0.0,"enemies":"Small Slimes","floor":1.0,"turns":1.0},{"damage":0.0,"enemies":"Cultist","floor":4.0,"turns":1.0},{"damage":0.0,"enemies":"Lagavulin","floor":6.0,"turns":1.0},{"damage":9.0,"enemies":"Jaw Worm","floor":7.0,"turns":6.0},{"damage":0.0,"enemies":"Blue Slaver","floor":10.0,"turns":3.0},{"damage":32.0,"enemies":"3 Sentries","floor":11.0,"turns":9.0},{"damage":0.0,"enemies":"Looter","floor":13.0,"turns":3.0},{"damage":20.0,"enemies":"Hexaghost","floor":16.0,"turns":10.0},{"damage":2.0,"enemies":"Chosen","floor":18.0,"turns":5.0},{"damage":13.0,"enemies":"Shell Parasite","floor":19.0,"turns":7.0},{"damage":0.0,"enemies":"Slavers","floor":24.0,"turns":1.0},{"damage":6.0,"enemies":"Snecko","floor":28.0,"turns":5.0},{"damage":33,"enemies":"Gremlin Leader","floor":29,"turns":4}],"seed_played":"-7564074244624439403","potions_obtained":[{"floor":1.0,"key":"Weak Potion"},{"floor":2.0,"key":"SmokeBomb"},{"floor":6.0,"key":"EssenceOfSteel"},{"floor":7.0,"key":"PowerPotion"},{"floor":11.0,"key":"PowerPotion"},{"floor":28.0,"key":"SneckoOil"}],"is_trial":false,"path_per_floor":["M","?","$","M","?","E","M","R","T","M","E","$","M","T","R","B",null,"M","M","$","?","?","R","E","R","T","R","M","E"],"character_chosen":"THE_SILENT","items_purchased":[],"campfire_rested":0,"item_purchase_floors":[],"current_hp_per_floor":[63,63,63,63,63,63,54,54,54,54,22,22,22,22,22,2,53,51,38,38,38,38,38,38,38,38,38,32,0],"gold":828,"neow_bonus":"THREE_ENEMY_KILL","is_prod":false,"is_daily":false,"chose_seed":false,"campfire_upgraded":5,"win_rate":0,"timestamp":1549014952,"path_taken":["M","?","?","M","?","E","M","R","T","M","E","$","M","?","R","BOSS","M","M","$","?","?","R","E","R","T","R","?","E"],"build_version":"2019-01-23","purchased_purges":1,"victory":false,"max_hp_per_floor":[70,70,70,70,70,70,70,70,70,70,70,70,70,70,70,70,70,70,70,70,70,70,70,70,70,70,70,70,70],"card_choices":[{"not_picked":["Skewer","Tactician"],"picked":"Setup","floor":1.0},{"not_picked":["Deadly Poison","Dodge and Roll"],"picked":"Choke","floor":4.0},{"not_picked":["Choke","Noxious Fumes"],"picked":"Dash","floor":6.0},{"not_picked":["Calculated Gamble","Noxious Fumes"],"picked":"Dash","floor":7.0},{"not_picked":["Concentrate","Deadly Poison"],"picked":"Bouncing Flask","floor":10.0},{"not_picked":["Accuracy","Masterful Stab"],"picked":"Flying Knee","floor":11.0},{"not_picked":["Bane","All Out Attack"],"picked":"Underhanded Strike","floor":13.0},{"not_picked":["Envenom","Grand Finale"],"picked":"Malaise","floor":16.0},{"not_picked":["Flying Knee","Riddle With Holes"],"picked":"Acrobatics","floor":18.0},{"not_picked":["Cloak And Dagger","Crippling Poison"],"picked":"Reflex+1","floor":19.0},{"not_picked":["Expertise","Flying Knee"],"picked":"Footwork","floor":28.0}],"player_experience":873481,"relics_obtained":[{"floor":6.0,"key":"Shuriken"},{"floor":9.0,"key":"Vajra"},{"floor":11.0,"key":"MawBank"},{"floor":14.0,"key":"Art of War"},{"floor":26.0,"key":"Boot"}],"event_choices":[{"damage_healed":0.0,"max_hp_gain":0.0,"max_hp_loss":0.0,"gold_gain":0.0,"event_name":"The Woman in Blue","player_choice":"Bought 1 Potion","floor":2.0,"gold_loss":0.0,"damage_taken":0.0},{"damage_healed":0.0,"max_hp_gain":0.0,"max_hp_loss":0.0,"gold_gain":175.0,"event_name":"Liars Game","player_choice":"AGREE","floor":5.0,"gold_loss":0.0,"damage_taken":0.0,"cards_obtained":["Doubt"]},{"damage_healed":0.0,"max_hp_gain":0.0,"max_hp_loss":0.0,"gold_gain":99.0,"event_name":"Nest","player_choice":"Stole From Cult","floor":21.0,"gold_loss":0.0,"damage_taken":0.0},{"damage_healed":0.0,"max_hp_gain":0.0,"max_hp_loss":0.0,"gold_gain":0.0,"event_name":"Accursed Blacksmith","player_choice":"Forge","floor":22.0,"gold_loss":0.0,"damage_taken":0.0,"cards_upgraded":["Malaise"]}],"is_beta":false,"boss_relics":[{"not_picked":["WristBlade","Empty Cage"],"picked":"HoveringKite"}],"items_purged_floors":[3],"is_endless":false,"potions_floor_spawned":[1,6,7,11,18,24,28],"killed_by":"Gremlin Leader","ascension_level":7}