{"gold_per_floor":[110,125,54,72,72,72,96,96,96,27,27,41,70,82,82,177,177,187,200,218,235,150,175,175,49,49,49,81,100,100,113,113,216,266,280,380,380,65,82,82,114,114,114,114,133,148,148,161,161,161],"floor_reached":51,"playtime":3167,"items_purged":["Strike_G"],"score":1030,"play_id":"d75698a6-0eda-40f8-86b5-f79fa5ee07da","local_time":"20190211005456","is_ascension_mode":true,"campfire_choices":[{"data":"Choke","floor":6.0,"key":"SMITH"},{"data":"Dash","floor":8.0,"key":"SMITH"},{"data":"Predator","floor":15.0,"key":"SMITH"},{"floor":24.0,"key":"REST"},{"data":"After Image","floor":27.0,"key":"SMITH"},{"data":"Storm of Steel","floor":32,"key":"SMITH"},{"data":"Footwork","floor":40,"key":"SMITH"},{"floor":42,"key":"REST"},{"data":"Burst","floor":44,"key":"SMITH"},{"data":"Crippling Poison","floor":47,"key":"SMITH"},{"floor":49,"key":"REST"}],"neow_cost":"NONE","seed_source_timestamp":4120717742266,"circlet_count":0,"master_deck":["Defend_G","Defend_G","Defend_G","Defend_G","Defend_G","Strike_G","Strike_G","Strike_G","Survivor","Neutralize","All Out Attack","Choke+1","Dash+1","Acrobatics","Predator+1","Acrobatics","Storm of Steel+1","Cloak And Dagger","After Image+1","Flying Knee+1","Riddle With Holes","Backflip","Underhanded Strike","Blur","Riddle With Holes","Envenom","Underhanded Strike","Bullet Time","Burst+1","Distraction","Crippling Poison+1","Choke+1","Footwork+1","Riddle With Holes","Expertise+1","Underhanded Strike+1","Leg Sweep+1","Choke+1"],"special_seed":0,"relics":["Snecko Eye","Dodecahedron","Bag of Marbles","MawBank","Odd Mushroom","Orrery","Oddly Smooth Stone","Kunai","Pear","Anchor","Tiny House","Turnip","Shuriken","Question Card","StoneCalendar"],"potions_floor_usage":[33,33,41,50,50,50],"damage_taken":[{"damage":5.0,"enemies":"Small Slimes","floor":1.0,"turns":5.0},{"damage":7.0,"enemies":"Jaw Worm","floor":2.0,"turns":6.0},{"damage":0.0,"enemies":"2 Louse","floor":4.0,"turns":2.0},{"damage":0.0,"enemies":"Large Slime","floor":12.0,"turns":2.0},{"damage":0.0,"enemies":"The Mushroom Lair","floor":13.0,"turns":3.0},{"damage":0.0,"enemies":"Looter","floor":14.0,"turns":1.0},{"damage":19.0,"enemies":"The Guardian","floor":16.0,"turns":9.0},{"damage":15.0,"enemies":"3 Byrds","floor":18.0,"turns":4.0},{"damage":4.0,"enemies":"2 Thieves","floor":19.0,"turns":3.0},{"damage":26.0,"enemies":"Snake Plant","floor":20.0,"turns":3.0},{"damage":0.0,"enemies":"3 Cultists","floor":21.0,"turns":4.0},{"damage":0.0,"enemies":"Book of Stabbing","floor":23.0,"turns":4.0},{"damage":2,"enemies":"Slavers","floor":28,"turns":4},{"damage":6,"enemies":"Chosen and Byrds","floor":29,"turns":5},{"damage":0,"enemies":"Centurion and Healer","floor":31,"turns":4},{"damage":9,"enemies":"Collector","floor":33,"turns":9},{"damage":0,"enemies":"3 Shapes","floor":35,"turns":6},{"damage":0,"enemies":"Mind Bloom Boss Battle","floor":36,"turns":6},{"damage":5,"enemies":"3 Darklings","floor":39,"turns":4},{"damage":13,"enemies":"Reptomancer","floor":41,"turns":8},{"damage":1,"enemies":"Spire Growth","floor":45,"turns":5},{"damage":0,"enemies":"Maw","floor":46,"turns":7},{"damage":0,"enemies":"Sphere and 2 Shapes","floor":48,"turns":6},{"damage":12,"enemies":"Donu and Deca","floor":50,"turns":8}],"seed_played":"-6611693628210644659","potions_obtained":[{"floor":2.0,"key":"EssenceOfSteel"},{"floor":4.0,"key":"LiquidBronze"},{"floor":16.0,"key":"GhostInAJar"},{"floor":20.0,"key":"EssenceOfSteel"},{"floor":23.0,"key":"EssenceOfSteel"},{"floor":33,"key":"SteroidPotion"},{"floor":34,"key":"Dexterity Potion"},{"floor":35,"key":"Energy Potion"},{"floor":36,"key":"Block Potion"},{"floor":41,"key":"Ancient Potion"}],"is_trial":false,"path_per_floor":["M","M","$","M","?","R","T","R","T","$","?","M","?","M","R","B",null,"M","M","M","M","?","E","R","$","T","R","E","M","?","M","R","B",null,"M","?","?","$","M","R","E","R","T","R","M","M","R","M","R","B",null],"character_chosen":"THE_SILENT","items_purchased":["Dash","Predator","Underhanded Strike","Footwork","Shuriken"],"campfire_rested":3,"item_purchase_floors":[3,10,25,38,38],"current_hp_per_floor":[58,51,51,51,33,33,33,33,33,33,26,26,26,26,26,7,54,39,35,9,9,9,9,30,30,40,40,38,32,32,32,32,23,71,71,71,63,63,58,58,45,70,70,70,69,69,69,69,85,73],"gold":161,"neow_bonus":"BOSS_RELIC","is_prod":false,"is_daily":false,"chose_seed":false,"campfire_upgraded":8,"win_rate":0,"timestamp":1549814096,"path_taken":["M","M","$","M","?","R","?","R","T","$","?","M","?","M","R","BOSS","M","M","M","M","?","E","R","$","T","R","E","M","?","?","R","BOSS","M","?","?","$","?","R","E","R","T","R","M","?","R","M","R","BOSS"],"build_version":"2019-01-23","purchased_purges":1,"victory":true,"max_hp_per_floor":[70,70,70,70,70,70,70,70,70,70,70,70,70,70,70,70,70,70,70,70,70,70,70,70,70,80,80,80,80,80,80,80,80,85,85,85,85,85,85,85,85,85,85,85,85,85,85,85,85,85],"card_choices":[{"not_picked":["Outmaneuver","PiercingWail"],"picked":"All Out Attack","floor":1.0},{"not_picked":["Finisher","Blur"],"picked":"Choke","floor":2.0},{"not_picked":["Heel Hook","Blur"],"picked":"Acrobatics","floor":4.0},{"not_picked":["Prepared","Dagger Throw"],"picked":"Acrobatics","floor":12.0},{"not_picked":["PiercingWail","Cloak And Dagger"],"picked":"Storm of Steel","floor":13.0},{"not_picked":["Tactician","Deflect"],"picked":"Cloak And Dagger","floor":14.0},{"not_picked":["Phantasmal Killer","Doppelganger"],"picked":"After Image","floor":16.0},{"not_picked":["Dagger Throw","Bane"],"picked":"Flying Knee","floor":17.0},{"not_picked":["All Out Attack","Flying Knee"],"picked":"Riddle With Holes","floor":17.0},{"not_picked":["Acrobatics","Deadly Poison"],"picked":"Backflip","floor":17.0},{"not_picked":["Concentrate","Dagger Throw"],"picked":"Underhanded Strike","floor":17.0},{"not_picked":["Deflect","PiercingWail"],"picked":"Blur","floor":18.0},{"not_picked":["PiercingWail","Quick Slash","Flying Knee+1"],"picked":"SKIP","floor":19.0},{"not_picked":["Dodge and Roll","Acrobatics"],"picked":"Riddle With Holes","floor":20.0},{"not_picked":["Sucker Punch","Calculated Gamble","Bane"],"picked":"SKIP","floor":21.0},{"not_picked":["Endless Agony","Dagger Throw"],"picked":"Envenom","floor":23.0},{"not_picked":["Escape Plan","Cloak And Dagger"],"picked":"Bullet Time","floor":28},{"not_picked":["Deflect+1","Tactician","Escape Plan"],"picked":"SKIP","floor":29},{"not_picked":["Outmaneuver","Dagger Throw","Reflex"],"picked":"SKIP","floor":31},{"not_picked":["Venomology","Grand Finale"],"picked":"Burst","floor":33},{"not_picked":["Underhanded Strike","Prepared"],"picked":"Distraction","floor":34},{"not_picked":["Underhanded Strike+1","Deflect"],"picked":"Crippling Poison","floor":35},{"not_picked":["Masterful Stab+1","Deflect"],"picked":"Choke+1","floor":36},{"not_picked":["Blade Dance+1","Poisoned Stab+1"],"picked":"Riddle With Holes","floor":39},{"not_picked":["Calculated Gamble+1","Dagger Spray+1"],"picked":"Expertise+1","floor":41},{"not_picked":["Finisher","Flying Knee","Dagger Spray"],"picked":"Underhanded Strike+1","floor":45},{"not_picked":["Bane","Skewer","Expertise+1"],"picked":"Leg Sweep+1","floor":46},{"not_picked":["Dodge and Roll+1","Wraith Form v2","PiercingWail+1"],"picked":"Choke+1","floor":48}],"player_experience":897255,"relics_obtained":[{"floor":7.0,"key":"Bag of Marbles"},{"floor":9.0,"key":"MawBank"},{"floor":13.0,"key":"Odd Mushroom"},{"floor":23.0,"key":"Kunai"},{"floor":26.0,"key":"Pear"},{"floor":28,"key":"Anchor"},{"floor":36,"key":"Turnip"},{"floor":41,"key":"Question Card"},{"floor":43,"key":"StoneCalendar"}],"event_choices":[{"damage_healed":0.0,"max_hp_gain":0.0,"max_hp_loss":0.0,"gold_gain":0.0,"event_name":"Scrap Ooze","player_choice":"Success","floor":5.0,"gold_loss":0.0,"damage_taken":18.0,"relics_obtained":["Dodecahedron"]},{"cards_removed":["Strike_G"],"damage_healed":0.0,"max_hp_gain":0.0,"max_hp_loss":0.0,"gold_gain":0.0,"event_name":"Golden Wing","player_choice":"Card Removal","floor":11.0,"gold_loss":0.0,"damage_taken":7.0},{"damage_healed":0.0,"max_hp_gain":0.0,"max_hp_loss":0.0,"gold_gain":0.0,"event_name":"Mushrooms","player_choice":"Fought Mushrooms","floor":13.0,"gold_loss":0.0,"damage_taken":0.0},{"damage_healed":0.0,"max_hp_gain":0.0,"max_hp_loss":0.0,"gold_gain":0.0,"event_name":"Addict","player_choice":"Obtained Relic","floor":22.0,"gold_loss":85.0,"damage_taken":0.0,"relics_obtained":["Oddly Smooth Stone"]},{"damage_healed":0,"gold_gain":0,"player_choice":"Ignored","damage_taken":0,"max_hp_gain":0,"max_hp_loss":0,"event_name":"N\u0027loth","floor":30,"gold_loss":0},{"damage_healed":0,"gold_gain":0,"player_choice":"Fight","damage_taken":0,"max_hp_gain":0,"max_hp_loss":0,"event_name":"MindBloom","floor":36,"gold_loss":0},{"damage_healed":0,"gold_gain":0,"player_choice":"Damaged","damage_taken":8,"max_hp_gain":0,"max_hp_loss":0,"event_name":"Wheel of Change","floor":37,"gold_loss":0}],"is_beta":false,"boss_relics":[{"not_picked":["Runic Dome","Lizard Tail"],"picked":"Orrery"},{"not_picked":["Velvet Choker","Coffee Dripper"],"picked":"Tiny House"}],"items_purged_floors":[25],"is_endless":false,"potions_floor_spawned":[2,4,16,20,23,33,35,36,41,45],"ascension_level":8}