{"gold_per_floor":[111,111,122,134,148,175,187,228,240,264,276,288,318,349,361,478,490,488,599,611,671,703,715,746,773,812,840,852,864],"floor_reached":29,"playtime":1704,"items_purged":[],"score":239,"play_id":"a3929ef2-5653-4594-ae2f-09fdde261ae4","local_time":"20181224005449","is_ascension_mode":false,"campfire_choices":[{"data":"Flame Barrier","floor":7.0,"key":"SMITH"},{"floor":15.0,"key":"RECALL"},{"data":"Double Tap","floor":23,"key":"SMITH"},{"floor":28,"key":"REST"}],"neow_cost":"TEN_PERCENT_HP_LOSS","seed_source_timestamp":545592982439045,"circlet_count":0,"master_deck":["Strike_R","Defend_R+1","Defend_R","Defend_R+1","Bash","Cleave","Clothesline","Flame Barrier+1","Ghostly Armor","Heavy Blade+1","Cleave+1","Double Tap+1","Dark Embrace+1","Berserk+1","Juggernaut+1","Entrench+1","Writhe","Armaments+1","Ghostly Armor+1","Iron Wave+1"],"special_seed":0,"relics":["Burning Blood","Unceasing Top","MawBank","War Paint","Molten Egg 2","Mango","Astrolabe","Dream Catcher","Anchor"],"potions_floor_usage":[],"damage_taken":[{"damage":0.0,"enemies":"2 Louse","floor":1.0,"turns":4.0},{"damage":15.0,"enemies":"Cultist","floor":3.0,"turns":4.0},{"damage":4.0,"enemies":"Small Slimes","floor":4.0,"turns":3.0},{"damage":6.0,"enemies":"Blue Slaver","floor":5.0,"turns":5.0},{"damage":38.0,"enemies":"3 Sentries","floor":6.0,"turns":13.0},{"damage":19.0,"enemies":"Gremlin Nob","floor":8.0,"turns":5.0},{"damage":0.0,"enemies":"Large Slime","floor":10.0,"turns":5.0},{"damage":0.0,"enemies":"Looter","floor":13.0,"turns":4.0},{"damage":1.0,"enemies":"Blue Slaver","floor":14.0,"turns":4.0},{"damage":43.0,"enemies":"Hexaghost","floor":16.0,"turns":14.0},{"damage":14,"enemies":"2 Thieves","floor":18,"turns":4},{"damage":15,"enemies":"3 Byrds","floor":22,"turns":4},{"damage":24,"enemies":"Shelled Parasite and Fungi","floor":24,"turns":7},{"damage":18,"enemies":"Snecko","floor":25,"turns":7},{"damage":38,"enemies":"Centurion and Healer","floor":27,"turns":12},{"damage":38,"enemies":"Sentry and Sphere","floor":29,"turns":5}],"seed_played":"8795301574284776838","potions_obtained":[{"floor":4.0,"key":"Fire Potion"},{"floor":5.0,"key":"Regen Potion"},{"floor":8.0,"key":"AttackPotion"},{"floor":10.0,"key":"FearPotion"},{"floor":22,"key":"AttackPotion"},{"floor":24,"key":"FearPotion"}],"is_trial":false,"path_per_floor":["M","?","M","M","M","E","R","E","T","M","?","?","M","M","R","B",null,"M","?","?","T","M","R","M","M","T","M","R","M"],"character_chosen":"IRONCLAD","items_purchased":[],"campfire_rested":1,"item_purchase_floors":[],"current_hp_per_floor":[72,72,63,65,65,33,33,34,34,40,54,47,53,58,58,21,86,78,78,78,78,69,69,51,39,39,7,32,0],"gold":864,"neow_bonus":"ONE_RARE_RELIC","is_prod":false,"is_daily":false,"chose_seed":false,"campfire_upgraded":2,"win_rate":0,"timestamp":1545580489,"path_taken":["M","?","?","M","M","E","R","E","T","M","?","?","M","M","R","BOSS","M","?","?","?","M","R","M","M","T","M","R","M"],"build_version":"2018-12-20","purchased_purges":0,"victory":false,"max_hp_per_floor":[72,72,72,72,72,72,72,72,72,72,86,86,86,86,86,86,86,86,86,86,86,86,86,86,86,86,86,86,86],"card_choices":[{"not_picked":["Clothesline","Flex"],"picked":"Cleave","floor":1.0},{"not_picked":["Feel No Pain","Hemokinesis"],"picked":"Clothesline","floor":3.0},{"not_picked":["Carnage","Iron Wave"],"picked":"Flame Barrier","floor":4.0},{"not_picked":["Pommel Strike","Headbutt","Anger"],"picked":"SKIP","floor":5.0},{"not_picked":["Perfected Strike","Wild Strike","Clash"],"picked":"SKIP","floor":6.0},{"not_picked":["Blood for Blood","Infernal Blade","Anger"],"picked":"SKIP","floor":8.0},{"not_picked":["Flex","Body Slam+1"],"picked":"Ghostly Armor","floor":10.0},{"not_picked":["Shrug It Off","Infernal Blade"],"picked":"Heavy Blade+1","floor":13.0},{"not_picked":["Dark Embrace","Body Slam+1"],"picked":"Cleave+1","floor":14.0},{"not_picked":["Exhume","Fiend Fire+1"],"picked":"Double Tap","floor":16.0},{"not_picked":["Wild Strike+1","Iron Wave+1"],"picked":"Entrench+1","floor":18},{"not_picked":["Pommel Strike+1","Wild Strike+1"],"picked":"Armaments+1","floor":22},{"not_picked":["Blood for Blood+1","Clash+1"],"picked":"Ghostly Armor+1","floor":24},{"not_picked":["Headbutt+1","Searing Blow+1","Feel No Pain"],"picked":"SKIP","floor":25},{"not_picked":["True Grit","Perfected Strike+1","Headbutt+1"],"picked":"SKIP","floor":27},{"not_picked":["Thunderclap+1","Warcry"],"picked":"Iron Wave+1","floor":28}],"player_experience":655619,"relics_obtained":[{"floor":6.0,"key":"MawBank"},{"floor":8.0,"key":"War Paint"},{"floor":9.0,"key":"Molten Egg 2"},{"floor":26,"key":"Anchor"}],"event_choices":[{"cards_removed":["Strike_R"],"damage_healed":0.0,"max_hp_gain":0.0,"max_hp_loss":0.0,"gold_gain":0.0,"event_name":"Bonfire Elementals","player_choice":"Offered Basic","floor":2.0,"gold_loss":0.0,"damage_taken":0.0},{"damage_healed":0.0,"max_hp_gain":0.0,"max_hp_loss":0.0,"gold_gain":0.0,"event_name":"Dead Adventurer","player_choice":"Searched \u00272\u0027 times","floor":11.0,"gold_loss":0.0,"damage_taken":0.0,"relics_obtained":["Mango"]},{"cards_removed":["Strike_R"],"damage_healed":0.0,"max_hp_gain":0.0,"max_hp_loss":0.0,"gold_gain":0.0,"event_name":"Golden Wing","player_choice":"Card Removal","floor":12.0,"gold_loss":0.0,"damage_taken":7.0},{"damage_healed":0,"gold_gain":99,"player_choice":"Stole From Cult","damage_taken":0,"max_hp_gain":0,"max_hp_loss":0,"event_name":"Nest","floor":19,"gold_loss":0},{"damage_healed":0,"gold_gain":0,"player_choice":"Opened","damage_taken":0,"relics_obtained":["Dream Catcher"],"max_hp_gain":0,"max_hp_loss":0,"event_name":"The Mausoleum","floor":20,"gold_loss":0,"cards_obtained":["Writhe"]}],"is_beta":false,"boss_relics":[{"not_picked":["Busted Crown","Cursed Key"],"picked":"Astrolabe"}],"items_purged_floors":[],"is_endless":false,"potions_floor_spawned":[4,5,8,10,22,24],"killed_by":"Sentry and Sphere","ascension_level":0}