{"gold_per_floor":[116,116,129,129,143,143,158,189,189,189,50,82,97,22,22,99,99,114,29,60,80,95,129,129,154,180,180,47,79,96,96,96,173,223,238,57,103,103,114,114,126,126,149,371,371,13,32,48,48,48,48],"floor_reached":52,"playtime":2660,"items_purged":["Strike_R","Strike_R","Strike_R"],"score":2086,"play_id":"107a98ae-7894-41d4-b9a5-4a0939ac9013","local_time":"20190405122152","is_ascension_mode":true,"campfire_choices":[{"data":"Whirlwind","floor":6.0,"key":"SMITH"},{"floor":15.0,"key":"REST"},{"floor":24.0,"key":"RECALL"},{"data":"Perfected Strike","floor":27,"key":"SMITH"},{"floor":32,"key":"REST"},{"data":"Headbutt","floor":40,"key":"SMITH"},{"data":"Headbutt","floor":49,"key":"SMITH"}],"neow_cost":"NONE","seed_source_timestamp":0,"circlet_count":0,"master_deck":["AscendersBane","Strike_R+1","Defend_R","Defend_R","Defend_R","Defend_R","Bash+1","Whirlwind+1","Thunderclap","Headbutt+1","Perfected Strike+1","Corruption","Flame Barrier+1","Shrug It Off+1","Offering+1","Seeing Red+1","Limit Break+1","Armaments+1","Flame Barrier+1","Double Tap+1","Armaments+1","Shockwave+1","Shrug It Off+1","Entrench+1","Barricade+1","True Grit+1","Body Slam","Feel No Pain+1","Headbutt+1","Spot Weakness+1","Entrench+1","Entrench+1","Spot Weakness+1","Inflame+1","Parasite","Clothesline+1","Headbutt+1"],"special_seed":0,"relics":["Burning Blood","Anchor","Toxic Egg 2","Unceasing Top","Paper Frog","Snecko Eye","Bag of Preparation","Red Mask","Matryoshka","PreservedInsect","Smiling Mask","Frozen Egg 2","Tiny House","Pocketwatch","Lantern","Oddly Smooth Stone","Molten Egg 2"],"potions_floor_usage":[37,51,51],"damage_taken":[{"damage":5.0,"enemies":"2 Louse","floor":1.0,"turns":2.0},{"damage":8.0,"enemies":"Cultist","floor":3.0,"turns":5.0},{"damage":7.0,"enemies":"Jaw Worm","floor":5.0,"turns":3.0},{"damage":18.0,"enemies":"3 Louse","floor":7.0,"turns":3.0},{"damage":5.0,"enemies":"3 Sentries","floor":8.0,"turns":3.0},{"damage":8.0,"enemies":"Gremlin Nob","floor":12.0,"turns":3.0},{"damage":8.0,"enemies":"Blue Slaver","floor":13.0,"turns":3.0},{"damage":38.0,"enemies":"The Guardian","floor":16.0,"turns":13.0},{"damage":6.0,"enemies":"3 Byrds","floor":18.0,"turns":3.0},{"damage":6.0,"enemies":"Masked Bandits","floor":20.0,"turns":2.0},{"damage":0.0,"enemies":"2 Thieves","floor":21.0,"turns":2.0},{"damage":0.0,"enemies":"Snake Plant","floor":22.0,"turns":3.0},{"damage":6.0,"enemies":"Book of Stabbing","floor":23.0,"turns":3.0},{"damage":6,"enemies":"Gremlin Leader","floor":25,"turns":4},{"damage":11,"enemies":"Book of Stabbing","floor":29,"turns":3},{"damage":0,"enemies":"3 Cultists","floor":30,"turns":3},{"damage":15,"enemies":"Champ","floor":33,"turns":13},{"damage":0,"enemies":"3 Shapes","floor":35,"turns":2},{"damage":7,"enemies":"2 Orb Walkers","floor":37,"turns":3},{"damage":2,"enemies":"Orb Walker","floor":39,"turns":3},{"damage":6,"enemies":"Spire Growth","floor":41,"turns":3},{"damage":0,"enemies":"Writhing Mass","floor":47,"turns":9},{"damage":0,"enemies":"Maw","floor":48,"turns":4},{"damage":33,"enemies":"Donu and Deca","floor":50,"turns":7},{"damage":0,"enemies":"Time Eater","floor":51,"turns":8}],"seed_played":"-3267924675994459265","potions_obtained":[{"floor":1.0,"key":"Fire Potion"},{"floor":2.0,"key":"Fire Potion"},{"floor":13.0,"key":"SkillPotion"},{"floor":21.0,"key":"Swift Potion"},{"floor":25,"key":"Fire Potion"},{"floor":41,"key":"Swift Potion"}],"is_trial":false,"path_per_floor":["M","?","M","?","M","R","M","E","T","?","$","E","M","$","R","B",null,"M","?","?","M","M","E","R","E","T","R","$","E","M","?","R","B",null,"M","$","?","?","M","R","M","?","T","?","T","$","M","M","R","B","B",null],"character_chosen":"IRONCLAD","items_purchased":["Flame Barrier+1","Shrug It Off+1","Shockwave+1","Feel No Pain+1","Headbutt","Entrench+1","SpeedPotion","Ancient Potion","Spot Weakness+1","Inflame+1"],"campfire_rested":2,"item_purchase_floors":[11,11,28,36,36,46,46,46,46,46],"current_hp_per_floor":[69,69,67,44,43,43,31,32,32,21,21,19,17,17,39,7,58,58,58,58,64,70,70,70,70,70,70,70,65,71,50,74,65,81,85,85,84,84,85,85,85,81,81,81,81,81,81,81,81,54,60],"gold":48,"neow_bonus":"THREE_CARDS","is_prod":false,"is_daily":false,"chose_seed":false,"campfire_upgraded":4,"win_rate":0,"timestamp":1554456112,"path_taken":["M","?","?","?","M","R","M","E","T","?","$","E","M","$","R","BOSS","M","?","?","M","M","E","R","E","T","R","$","E","M","?","R","BOSS","M","$","?","?","?","R","M","?","T","?","?","?","?","M","R","BOSS","BOSS"],"build_version":"2019-01-23","purchased_purges":3,"victory":true,"max_hp_per_floor":[75,75,75,75,75,75,75,75,75,75,75,75,75,75,75,75,75,75,75,75,75,75,75,75,75,75,75,75,75,75,80,80,80,85,85,85,85,85,85,85,85,81,81,81,81,81,81,81,81,81,81],"card_choices":[{"not_picked":["True Grit","Anger"],"picked":"Whirlwind","floor":0.0},{"not_picked":["Evolve","Heavy Blade"],"picked":"Thunderclap","floor":1.0},{"not_picked":["Clash","Thunderclap","Body Slam"],"picked":"SKIP","floor":3.0},{"not_picked":["Body Slam","Power Through"],"picked":"Headbutt","floor":5.0},{"not_picked":["Rupture","Cleave"],"picked":"Perfected Strike","floor":7.0},{"not_picked":["Warcry","Ghostly Armor"],"picked":"Corruption","floor":8.0},{"not_picked":["Body Slam","Wild Strike"],"picked":"Offering+1","floor":12.0},{"not_picked":["Headbutt","Twin Strike"],"picked":"Seeing Red+1","floor":13.0},{"not_picked":["Reaper","Exhume+1"],"picked":"Limit Break+1","floor":16.0},{"not_picked":["Whirlwind","Havoc+1"],"picked":"Armaments+1","floor":18.0},{"not_picked":["Shrug It Off+1","Flex+1"],"picked":"Flame Barrier+1","floor":20.0},{"not_picked":["Pommel Strike","True Grit+1"],"picked":"Double Tap+1","floor":21.0},{"not_picked":["Heavy Blade","Sever Soul"],"picked":"Armaments+1","floor":22.0},{"not_picked":["Corruption","Anger","Havoc+1"],"picked":"SKIP","floor":23.0},{"not_picked":["Twin Strike","Thunderclap","Rampage"],"picked":"SKIP","floor":25},{"not_picked":["Heavy Blade","Sword Boomerang+1"],"picked":"Shrug It Off+1","floor":29},{"not_picked":["Heavy Blade+1","Havoc+1"],"picked":"Entrench+1","floor":30},{"not_picked":["Berserk+1","Exhume+1"],"picked":"Barricade+1","floor":33},{"not_picked":["Shrug It Off+1","Thunderclap"],"picked":"True Grit+1","floor":34},{"not_picked":["Sword Boomerang+1","Armaments+1"],"picked":"Body Slam","floor":35},{"not_picked":["Heavy Blade+1","Clothesline+1"],"picked":"Spot Weakness+1","floor":37},{"not_picked":["Dropkick","Uppercut","Perfected Strike+1"],"picked":"SKIP","floor":39},{"not_picked":["Searing Blow","Bludgeon"],"picked":"Entrench+1","floor":41},{"not_picked":["Havoc+1","Perfected Strike+1"],"picked":"Clothesline+1","floor":47},{"not_picked":["Havoc+1","Wild Strike+1"],"picked":"Headbutt+1","floor":48}],"player_experience":958753,"relics_obtained":[{"floor":8.0,"key":"Anchor"},{"floor":9.0,"key":"Toxic Egg 2"},{"floor":12.0,"key":"Paper Frog"},{"floor":20.0,"key":"Red Mask"},{"floor":23.0,"key":"Matryoshka"},{"floor":25,"key":"PreservedInsect"},{"floor":26,"key":"Smiling Mask"},{"floor":29,"key":"Frozen Egg 2"},{"floor":37,"key":"Pocketwatch"},{"floor":43,"key":"Lantern"},{"floor":43,"key":"Oddly Smooth Stone"},{"floor":45,"key":"Molten Egg 2"}],"event_choices":[{"damage_healed":0.0,"max_hp_gain":0.0,"max_hp_loss":0.0,"gold_gain":0.0,"event_name":"Lab","player_choice":"Got Potions","floor":2.0,"gold_loss":0.0,"damage_taken":0.0},{"damage_healed":0.0,"max_hp_gain":0.0,"max_hp_loss":0.0,"gold_gain":0.0,"event_name":"Shining Light","player_choice":"Entered Light","floor":4.0,"gold_loss":0.0,"damage_taken":23.0,"cards_upgraded":["Strike_R","Bash"]},{"damage_healed":0.0,"max_hp_gain":0.0,"max_hp_loss":0.0,"gold_gain":0.0,"event_name":"Scrap Ooze","player_choice":"Success","floor":10.0,"gold_loss":0.0,"damage_taken":11.0,"relics_obtained":["Unceasing Top"]},{"damage_healed":0.0,"max_hp_gain":0.0,"max_hp_loss":0.0,"gold_gain":0.0,"event_name":"Addict","player_choice":"Obtained Relic","floor":19.0,"gold_loss":85.0,"damage_taken":0.0,"relics_obtained":["Bag of Preparation"]},{"damage_healed":0.0,"max_hp_gain":0.0,"max_hp_loss":0.0,"gold_gain":0.0,"event_name":"Masked Bandits","player_choice":"Fought Bandits","floor":20.0,"gold_loss":0.0,"damage_taken":0.0},{"damage_healed":0,"gold_gain":0,"player_choice":"Shed Blood","damage_taken":26,"max_hp_gain":5,"max_hp_loss":0,"event_name":"Forgotten Altar","floor":31,"gold_loss":0},{"damage_healed":0,"gold_gain":0,"player_choice":"Fight","damage_taken":0,"max_hp_gain":0,"max_hp_loss":0,"event_name":"Mysterious Sphere","floor":37,"gold_loss":0},{"cards_removed":["Strike_R"],"damage_healed":0,"gold_gain":0,"player_choice":"Purged","damage_taken":0,"max_hp_gain":0,"max_hp_loss":0,"event_name":"Purifier","floor":38,"gold_loss":0},{"damage_healed":0,"gold_gain":0,"player_choice":"Max HP","damage_taken":0,"max_hp_gain":0,"max_hp_loss":4,"event_name":"Winding Halls","floor":42,"gold_loss":0},{"damage_healed":0,"gold_gain":222,"player_choice":"Wore Mask","damage_taken":0,"max_hp_gain":0,"max_hp_loss":0,"event_name":"Tomb of Lord Red Mask","floor":44,"gold_loss":0}],"is_beta":false,"boss_relics":[{"not_picked":["Astrolabe","Mark of Pain"],"picked":"Snecko Eye"},{"not_picked":["White Beast Statue","Calling Bell"],"picked":"Tiny House"}],"items_purged_floors":[14,28,36],"is_endless":false,"potions_floor_spawned":[1,3,13,21,25,30,33,41,47,48],"ascension_level":20}