{"gold_per_floor":[114,129,144,144,144,144,182,182,207,226,176,176,195,233,233,358,358,377,27,27,46,65,65,65],"floor_reached":24,"playtime":1527,"items_purged":[],"score":256,"play_id":"5229beb9-12ac-459d-a56c-31985eaaedb2","local_time":"20190316001621","daily_mods":["Heirloom","ControlledChaos","Night Terrors"],"is_ascension_mode":false,"campfire_choices":[{"data":"Fission","floor":6,"key":"SMITH"},{"data":"Machine Learning","floor":8,"key":"SMITH"},{"data":"Defragment","floor":15,"key":"SMITH"},{"floor":23,"key":"REST"}],"neow_cost":"","seed_source_timestamp":0,"circlet_count":0,"master_deck":["Strike_B+1","Strike_B+1","Defend_B","Defend_B","Defend_B","Defend_B","Zap","Dualcast","Rebound","Ball Lightning","Fission+1","Machine Learning+1","Cold Snap","Dark Shackles","Injury","Defragment+1","Seek","Turbo+1","Doom and Gloom"],"special_seed":17970,"relics":["Cracked Core","Frozen Eye","Incense Burner","Golden Idol","Dodecahedron","Whetstone","Pear","Snecko Eye","Membership Card","Ice Cream"],"potions_floor_usage":[24],"damage_taken":[{"damage":6,"enemies":"Jaw Worm","floor":1,"turns":3},{"damage":3,"enemies":"Small Slimes","floor":2,"turns":2},{"damage":0,"enemies":"Cultist","floor":3,"turns":2},{"damage":11,"enemies":"3 Sentries","floor":7,"turns":6},{"damage":2,"enemies":"3 Louse","floor":10,"turns":2},{"damage":0,"enemies":"Large Slime","floor":13,"turns":3},{"damage":5,"enemies":"Lagavulin","floor":14,"turns":7},{"damage":0,"enemies":"Slime Boss","floor":16,"turns":6},{"damage":41,"enemies":"2 Thieves","floor":18,"turns":4},{"damage":0,"enemies":"3 Byrds","floor":21,"turns":4},{"damage":14,"enemies":"Centurion and Healer","floor":22,"turns":7},{"damage":96,"enemies":"Slavers","floor":24,"turns":6}],"seed_played":"1956191728071383589","potions_obtained":[{"floor":1,"key":"SpeedPotion"},{"floor":2,"key":"Regen Potion"},{"floor":16,"key":"Dexterity Potion"},{"floor":21,"key":"EntropicBrew"}],"is_trial":false,"path_per_floor":["M","M","M","?","?","R","E","R","T","M","?","?","M","E","R","B",null,"M","$","?","M","M","R","E"],"character_chosen":"DEFECT","items_purchased":["Membership Card","Ice Cream"],"campfire_rested":1,"item_purchase_floors":[19,19],"current_hp_per_floor":[69,66,66,66,66,66,55,55,55,53,53,53,53,58,58,58,79,38,38,38,38,24,74,0],"gold":65,"neow_bonus":"","is_prod":false,"is_daily":true,"chose_seed":false,"campfire_upgraded":3,"win_rate":0,"timestamp":1552688181,"path_taken":["M","M","M","?","?","R","E","R","T","?","?","?","?","E","R","BOSS","M","$","?","M","M","R","E"],"build_version":"2019-01-23","purchased_purges":0,"victory":false,"max_hp_per_floor":[75,75,75,69,69,69,69,69,69,69,69,69,69,79,79,79,79,79,79,79,79,79,74,74],"card_choices":[{"not_picked":["Leap","Reprogram"],"picked":"Rebound","floor":1},{"not_picked":["Barrage","Compile Driver"],"picked":"Ball Lightning","floor":2},{"not_picked":["Beam Cell","Compile Driver"],"picked":"Fission","floor":3},{"not_picked":["Hologram","Conserve Battery"],"picked":"Machine Learning","floor":7},{"not_picked":["Stack","Turbo"],"picked":"Cold Snap","floor":10},{"not_picked":["Hologram","White Noise"],"picked":"Defragment","floor":13},{"not_picked":["Hologram","Stack","Sweeping Beam"],"picked":"SKIP","floor":14},{"not_picked":["Fission","Machine Learning"],"picked":"Seek","floor":16},{"not_picked":["Compile Driver","Auto Shields+1","Streamline"],"picked":"SKIP","floor":18},{"not_picked":["Aggregate","Auto Shields"],"picked":"Turbo+1","floor":21},{"not_picked":["Streamline","Genetic Algorithm"],"picked":"Doom and Gloom","floor":22}],"player_experience":922181,"relics_obtained":[{"floor":7,"key":"Dodecahedron"},{"floor":9,"key":"Whetstone"},{"floor":14,"key":"Pear"}],"event_choices":[{"damage_healed":0,"gold_gain":0,"player_choice":"Lose Max HP","damage_taken":0,"relics_obtained":["Golden Idol"],"max_hp_gain":0,"max_hp_loss":6,"event_name":"Golden Idol","floor":4,"gold_loss":0},{"cards_removed":["Strike_B"],"damage_healed":0,"gold_gain":0,"player_choice":"Offered Basic","damage_taken":0,"max_hp_gain":0,"max_hp_loss":0,"event_name":"Bonfire Elementals","floor":5,"gold_loss":0},{"cards_removed":["Strike_B"],"damage_healed":0,"gold_gain":0,"player_choice":"Card Removal","damage_taken":0,"max_hp_gain":0,"max_hp_loss":0,"event_name":"The Cleric","floor":11,"gold_loss":50},{"damage_healed":0,"gold_gain":0,"player_choice":"2 cards matched","damage_taken":0,"max_hp_gain":0,"max_hp_loss":0,"event_name":"Match and Keep!","floor":12,"gold_loss":0,"cards_obtained":["Dark Shackles","Injury"]},{"damage_healed":0,"gold_gain":0,"player_choice":"Ignored","damage_taken":0,"max_hp_gain":0,"max_hp_loss":0,"event_name":"Beggar","floor":20,"gold_loss":0}],"is_beta":false,"boss_relics":[{"not_picked":["Inserter","Black Star"],"picked":"Snecko Eye"}],"items_purged_floors":[],"is_endless":false,"potions_floor_spawned":[1,2,16,21],"killed_by":"Slavers","ascension_level":0}