{"gold_per_floor":[111,111,126,126,96,96,130,130,155,190,210,210,223,258,258,330,330,350,350,18,34,49,49,68,68,68,84,84,104,104,122,122,122],"floor_reached":33,"playtime":1201,"items_purged":[],"score":521,"play_id":"25c1d026-f9f7-450d-8a87-72851a60845c","local_time":"20190318235638","is_ascension_mode":true,"campfire_choices":[{"data":"Streamline","floor":6,"key":"SMITH"},{"data":"Zap","floor":8,"key":"SMITH"},{"floor":12,"key":"REST"},{"floor":15,"key":"REST"},{"floor":23,"key":"REST"},{"floor":25,"key":"REST"},{"floor":32,"key":"DIG"}],"neow_cost":"NONE","seed_source_timestamp":315063990593700,"circlet_count":0,"master_deck":["AscendersBane","Defend_B","Defend_B","Defend_B","Zap+1","Dualcast","Streamline+1","Undo","Gash","Biased Cognition","Conserve Battery","FTL","Fission","Ball Lightning+1","Biased Cognition+1","Ball Lightning+1","Reinforced Body","Doom and Gloom","Conserve Battery","Sweeping Beam","Sunder","Beam Cell","Decay","Leap+1","Ghostly","Ghostly","Ghostly","Scrape"],"relics":["Cracked Core","Ancient Tea Set","Shuriken","Pen Nib","Anchor","Bag of Marbles","Bronze Scales","Astrolabe","Shovel","Matryoshka","DataDisk"],"potions_floor_usage":[7,7,10,14,16,33,33],"damage_taken":[{"damage":12,"enemies":"Jaw Worm","floor":1,"turns":3},{"damage":14,"enemies":"Small Slimes","floor":3,"turns":3},{"damage":10,"enemies":"3 Sentries","floor":7,"turns":7},{"damage":23,"enemies":"Gremlin Nob","floor":10,"turns":4},{"damage":0,"enemies":"Cultist","floor":11,"turns":3},{"damage":6,"enemies":"Lots of Slimes","floor":13,"turns":3},{"damage":10,"enemies":"3 Sentries","floor":14,"turns":7},{"damage":7,"enemies":"Slime Boss","floor":16,"turns":8},{"damage":21,"enemies":"2 Thieves","floor":18,"turns":3},{"damage":2,"enemies":"3 Byrds","floor":21,"turns":3},{"damage":19,"enemies":"Shelled Parasite and Fungi","floor":22,"turns":5},{"damage":2,"enemies":"Centurion and Healer","floor":24,"turns":5},{"damage":0,"enemies":"Snake Plant","floor":27,"turns":2},{"damage":18,"enemies":"Snecko","floor":29,"turns":4},{"damage":5,"enemies":"Centurion and Healer","floor":31,"turns":6},{"damage":44,"enemies":"Collector","floor":33,"turns":6}],"seed_played":"4979727330870348815","potions_obtained":[{"floor":5,"key":"Regen Potion"},{"floor":5,"key":"Strength Potion"},{"floor":7,"key":"SpeedPotion"},{"floor":10,"key":"FearPotion"},{"floor":11,"key":"Fire Potion"},{"floor":21,"key":"Explosive Potion"},{"floor":24,"key":"Energy Potion"}],"is_trial":false,"path_per_floor":["M","?","M","T","?","R","E","R","T","E","M","R","M","E","R","B",null,"M","?","$","M","M","R","M","R","T","M","?","M","?","M","R","B"],"character_chosen":"DEFECT","items_purchased":["Shovel"],"campfire_rested":4,"item_purchase_floors":[20],"current_hp_per_floor":[52,45,31,31,31,31,36,36,36,13,13,34,28,18,39,32,61,40,40,40,38,19,40,38,59,59,59,59,41,35,30,30,0],"gold":122,"neow_bonus":"RANDOM_COMMON_RELIC","is_prod":false,"is_daily":false,"chose_seed":false,"campfire_upgraded":2,"win_rate":0,"timestamp":1552946198,"path_taken":["M","?","M","?","?","R","E","R","T","E","M","R","M","E","R","BOSS","M","?","$","M","M","R","?","R","T","?","?","M","?","M","R","BOSS"],"build_version":"2019-01-23","purchased_purges":0,"victory":false,"max_hp_per_floor":[71,71,71,71,71,71,71,71,71,71,71,71,71,71,71,71,71,71,71,71,71,71,71,71,71,71,71,71,71,35,35,35,35],"card_choices":[{"not_picked":["Conserve Battery","Fusion"],"picked":"Streamline","floor":1},{"not_picked":["Streamline","Rebound"],"picked":"Undo","floor":3},{"not_picked":["Lockon","Redo"],"picked":"Gash","floor":7},{"not_picked":["Auto Shields","Streamline"],"picked":"Biased Cognition","floor":10},{"not_picked":["Barrage","Reinforced Body"],"picked":"Conserve Battery","floor":11},{"not_picked":["Streamline","Recycle","Leap"],"picked":"SKIP","floor":13},{"not_picked":["Ball Lightning","Go for the Eyes"],"picked":"FTL","floor":14},{"not_picked":["Biased Cognition","Multi-Cast"],"picked":"Fission","floor":16},{"not_picked":["Compile Driver","Rebound"],"picked":"Reinforced Body","floor":18},{"not_picked":["Barrage","Double Energy"],"picked":"Conserve Battery","floor":21},{"not_picked":["Doom and Gloom","Stack"],"picked":"Sweeping Beam","floor":22},{"not_picked":["Sweeping Beam","Rebound"],"picked":"Sunder","floor":24},{"not_picked":["Reprogram","Rebound"],"picked":"Beam Cell","floor":27},{"not_picked":["Skim","BootSequence"],"picked":"Leap+1","floor":29},{"not_picked":["Meteor Strike","Chaos"],"picked":"Scrape","floor":31}],"player_experience":930634,"relics_obtained":[{"floor":4,"key":"Shuriken"},{"floor":7,"key":"Pen Nib"},{"floor":9,"key":"Anchor"},{"floor":10,"key":"Bag of Marbles"},{"floor":14,"key":"Bronze Scales"},{"floor":26,"key":"Matryoshka"},{"floor":32,"key":"DataDisk"}],"event_choices":[{"cards_removed":["Strike_B"],"damage_healed":0,"gold_gain":0,"player_choice":"Card Removal","damage_taken":7,"max_hp_gain":0,"max_hp_loss":0,"event_name":"Golden Wing","floor":2,"gold_loss":0},{"damage_healed":0,"gold_gain":0,"player_choice":"Bought 2 Potions","damage_taken":0,"max_hp_gain":0,"max_hp_loss":0,"event_name":"The Woman in Blue","floor":5,"gold_loss":0},{"damage_healed":0,"gold_gain":0,"cards_transformed":["Defend_B"],"player_choice":"Transformed","damage_taken":0,"max_hp_gain":0,"max_hp_loss":0,"event_name":"Transmorgrifier","floor":19,"gold_loss":0,"cards_obtained":["Doom and Gloom"]},{"damage_healed":0,"gold_gain":0,"player_choice":"Smashed Altar","damage_taken":0,"max_hp_gain":0,"max_hp_loss":0,"event_name":"Forgotten Altar","floor":28,"gold_loss":0,"cards_obtained":["Decay"]},{"damage_healed":0,"gold_gain":0,"player_choice":"Became a Ghost","damage_taken":0,"max_hp_gain":0,"max_hp_loss":36,"event_name":"Ghosts","floor":30,"gold_loss":0,"cards_obtained":["Ghostly","Ghostly","Ghostly"]}],"is_beta":false,"boss_relics":[{"not_picked":["Pandora\u0027s Box","Coffee Dripper"],"picked":"Astrolabe"}],"items_purged_floors":[],"is_endless":false,"potions_floor_spawned":[7,10,11,21,24,27],"killed_by":"Collector","ascension_level":19}