{"gold_per_floor":[115,85,48,62,74,74,74,74,98,131,131,131,28,47,47,142,142,158,158,177,177,187,187,203,203,203,8,8,8,38,52,52,52],"floor_reached":33,"playtime":3414,"items_purged":[],"score":265,"play_id":"e0854f8f-afc1-4411-a5b9-ecf2c61dec30","local_time":"20181226204510","is_ascension_mode":false,"campfire_choices":[{"data":"Self Repair","floor":6.0,"key":"SMITH"},{"data":"Defragment","floor":8.0,"key":"SMITH"},{"data":"Melter","floor":12.0,"key":"SMITH"},{"data":"Chill","floor":15.0,"key":"SMITH"},{"floor":23,"key":"REST"},{"data":"Buffer","floor":25,"key":"SMITH"},{"data":"Redo","floor":29,"key":"SMITH"},{"data":"Stack","floor":32,"key":"SMITH"}],"neow_cost":"NONE","seed_source_timestamp":0,"circlet_count":0,"master_deck":["Strike_B+1","Strike_B+1","Strike_B+1","Strike_B+1","Defend_B+1","Defend_B+1","Defend_B+1","Zap","Dualcast+1","Self Repair+1","Reinforced Body+1","Barrage","Defragment+1","Melter+1","Stack+1","Doom and Gloom","Chill+1","Buffer+1","Streamline+1","Lockon","Ball Lightning","Redo+1","Creative AI"],"special_seed":0,"relics":["Cracked Core","Orichalcum","Strawberry","White Beast Statue","PreservedInsect","War Paint","Bottled Lightning"],"potions_floor_usage":[30,31,33,33],"damage_taken":[{"damage":1.0,"enemies":"2 Louse","floor":1.0,"turns":3.0},{"damage":5.0,"enemies":"Cultist","floor":4.0,"turns":4.0},{"damage":10.0,"enemies":"Small Slimes","floor":5.0,"turns":5.0},{"damage":21.0,"enemies":"Gremlin Nob","floor":10.0,"turns":5.0},{"damage":0.0,"enemies":"Exordium Wildlife","floor":11.0,"turns":1.0},{"damage":2.0,"enemies":"Large Slime","floor":14.0,"turns":7.0},{"damage":44.0,"enemies":"Hexaghost","floor":16.0,"turns":12.0},{"damage":5.0,"enemies":"Shell Parasite","floor":18.0,"turns":6.0},{"damage":22,"enemies":"2 Thieves","floor":20,"turns":5},{"damage":28,"enemies":"3 Cultists","floor":22,"turns":8},{"damage":10,"enemies":"Snecko","floor":24,"turns":6},{"damage":3,"enemies":"Gremlin Leader","floor":30,"turns":5},{"damage":0,"enemies":"Centurion and Healer","floor":31,"turns":6},{"damage":95,"enemies":"Collector","floor":33,"turns":9}],"seed_played":"-9051736817654720310","potions_obtained":[{"floor":2.0,"key":"Strength Potion"},{"floor":2.0,"key":"SmokeBomb"},{"floor":4.0,"key":"Ancient Potion"},{"floor":18,"key":"Block Potion"},{"floor":20,"key":"Energy Potion"},{"floor":24,"key":"Regen Potion"},{"floor":30,"key":"AttackPotion"},{"floor":31,"key":"SmokeBomb"}],"is_trial":false,"path_per_floor":["M","?","$","M","M","R","?","R","T","E","M","R","$","M","R","B",null,"M","M","?","M","?","M","R","M","R","T","$","?","R","E","M","R","B"],"character_chosen":"DEFECT","items_purchased":["Reinforced Body","Stack","Doom and Gloom","War Paint","Redo"],"campfire_rested":1,"item_purchase_floors":[3,13,13,27,27],"current_hp_per_floor":[81,81,81,82,79,79,79,79,79,75,75,75,75,83,83,49,89,89,89,67,67,49,75,75,75,75,75,89,89,86,89,89,9],"gold":52,"neow_bonus":"TEN_PERCENT_HP_BONUS","is_prod":false,"is_daily":false,"chose_seed":false,"campfire_upgraded":7,"win_rate":0.0,"timestamp":1545857110,"path_taken":["M","?","?","M","M","R","?","R","T","E","M","R","$","?","R","BOSS","M","?","M","?","M","R","M","R","T","$","?","R","E","M","R","BOSS"],"build_version":"2018-12-20","purchased_purges":0,"victory":false,"max_hp_per_floor":[82,82,82,82,82,82,82,82,82,89,89,89,89,89,89,89,89,89,89,89,89,89,89,89,89,89,89,89,89,89,89,89,89],"card_choices":[{"not_picked":["Coolheaded","Aggregate"],"picked":"Self Repair","floor":1.0},{"not_picked":["Go for the Eyes","Leap"],"picked":"Barrage","floor":4.0},{"not_picked":["Compile Driver","Steam Power"],"picked":"Defragment","floor":5.0},{"not_picked":["Leap","Compile Driver"],"picked":"Melter","floor":10.0},{"not_picked":["Hello World","Conserve Battery"],"picked":"Chill","floor":14.0},{"not_picked":["Creative AI","All For One"],"picked":"Buffer","floor":16.0},{"not_picked":["Go for the Eyes","Coolheaded+1"],"picked":"Streamline+1","floor":18},{"not_picked":["Capacitor+1","Genetic Algorithm"],"picked":"Lockon","floor":20},{"not_picked":["Gash","Go for the Eyes"],"picked":"Ball Lightning","floor":22},{"not_picked":["Go for the Eyes+1","Stack+1","Hello World"],"picked":"SKIP","floor":24},{"not_picked":["Beam Cell","Stack+1"],"picked":"Creative AI","floor":30},{"not_picked":["Stack+1","Leap","Ball Lightning"],"picked":"SKIP","floor":31}],"player_experience":99508,"relics_obtained":[{"floor":9.0,"key":"Orichalcum"},{"floor":10.0,"key":"Strawberry"},{"floor":26,"key":"PreservedInsect"},{"floor":30,"key":"Bottled Lightning"}],"event_choices":[{"damage_healed":0.0,"max_hp_gain":0.0,"max_hp_loss":0.0,"gold_gain":0.0,"event_name":"The Woman in Blue","player_choice":"Bought 2 Potions","floor":2.0,"gold_loss":0.0,"damage_taken":0.0},{"cards_removed":["Defend_B"],"damage_healed":0.0,"max_hp_gain":0.0,"max_hp_loss":0.0,"gold_gain":0.0,"event_name":"Purifier","player_choice":"Purged","floor":7.0,"gold_loss":0.0,"damage_taken":0.0},{"damage_healed":0,"gold_gain":0,"player_choice":"Ignored","damage_taken":0,"max_hp_gain":0,"max_hp_loss":0,"event_name":"Vampires","floor":19,"gold_loss":0},{"damage_healed":0,"gold_gain":0,"player_choice":"Simplicity","damage_taken":0,"max_hp_gain":0,"max_hp_loss":0,"event_name":"Back to Basics","floor":21,"gold_loss":0,"cards_upgraded":["Strike_B","Strike_B","Strike_B","Strike_B","Defend_B","Defend_B","Defend_B"]},{"damage_healed":29,"gold_gain":0,"player_choice":"Heal","damage_taken":0,"max_hp_gain":0,"max_hp_loss":0,"event_name":"The Library","floor":28,"gold_loss":0}],"is_beta":false,"boss_relics":[{"not_picked":["Runic Dome","Snecko Eye"],"picked":"White Beast Statue"}],"items_purged_floors":[],"is_endless":false,"potions_floor_spawned":[4,5,11,18,20,22,24,30,31],"killed_by":"Collector","ascension_level":0}