{"gold_per_floor":[112,112,112,112,129,156,81,81,107,107,139,152,167,167,167,271,271,282,182,182,182,197,197,215,90,90,90,103,103,123,133,133,235,235,252,252,272,284,27,27,38,0,26,43,57,57,57,68,68,68],"floor_reached":50,"playtime":3523,"items_purged":["Quick Slash","Dagger Spray","Dagger Spray","Dagger Spray"],"score":529,"play_id":"93bd4223-c0be-467e-84de-e0086f7e771b","local_time":"20180703162344","daily_mods":["Draft"],"is_ascension_mode":false,"campfire_choices":[{"data":"Accuracy","floor":8,"key":"SMITH"},{"data":"Cloak And Dagger","floor":10,"key":"SMITH"},{"data":"Cloak And Dagger","floor":15,"key":"SMITH"},{"data":"Blade Dance","floor":23,"key":"SMITH"},{"data":"Adrenaline","floor":27,"key":"SMITH"},{"data":"Cloak And Dagger","floor":32,"key":"SMITH"},{"data":"Tactician","floor":40,"key":"SMITH"},{"data":"After Image","floor":46,"key":"SMITH"},{"data":"Cloak And Dagger","floor":49,"key":"SMITH"}],"neow_cost":"","seed_source_timestamp":0,"circlet_count":0,"master_deck":["Well Laid Plans","Backflip","Accuracy+1","Deflect","Noxious Fumes","Setup","Outmaneuver","Cloak And Dagger+1","Choke","Blade Dance+1","Escape Plan","Tactician+1","Cloak And Dagger+1","Outmaneuver","Well Laid Plans","PiercingWail","Prepared","Adrenaline+1","Backflip","Choke","Acrobatics","Die Die Die","Cloak And Dagger+1","Caltrops","Acrobatics","After Image+1","Dodge and Roll","Madness","Madness","Deflect","Well Laid Plans","Footwork","Backflip","Distraction+1","Cloak And Dagger+1","Blade Dance","Doubt","Prepared+1"],"relics":["Ring of the Snake","Du-Vu Doll","Boot","Happy Flower","Coffee Dripper","Paper Crane","Tough Bandages","Eternal Feather","Red Mask","Snake Skull"],"potions_floor_usage":[6,11,16,22,28,33,33,45,45,45],"damage_taken":[{"damage":0,"enemies":"2 Louse","floor":1,"turns":1},{"damage":6,"enemies":"Cultist","floor":5,"turns":3},{"damage":8,"enemies":"Gremlin Nob","floor":6,"turns":3},{"damage":20,"enemies":"Lagavulin","floor":11,"turns":4},{"damage":2,"enemies":"Small Slimes","floor":12,"turns":2},{"damage":0,"enemies":"2 Fungi Beasts","floor":13,"turns":2},{"damage":33,"enemies":"The Guardian","floor":16,"turns":7},{"damage":0,"enemies":"3 Byrds","floor":18,"turns":2},{"damage":29,"enemies":"2 Thieves","floor":22,"turns":4},{"damage":15,"enemies":"Snake Plant","floor":24,"turns":3},{"damage":12,"enemies":"Cultist and Chosen","floor":28,"turns":6},{"damage":0,"enemies":"Centurion and Healer","floor":30,"turns":3},{"damage":15,"enemies":"Snecko","floor":31,"turns":4},{"damage":2,"enemies":"Champ","floor":33,"turns":8},{"damage":21,"enemies":"3 Shapes","floor":35,"turns":4},{"damage":25,"enemies":"Flame Bruiser 1 Orb","floor":37,"turns":5},{"damage":0,"enemies":"3 Darklings","floor":38,"turns":3},{"damage":12,"enemies":"Flame Bruiser 2 Orb","floor":41,"turns":6},{"damage":9,"enemies":"Maw","floor":44,"turns":8},{"damage":7,"enemies":"Sphere and 2 Shapes","floor":45,"turns":8},{"damage":0,"enemies":"4 Shapes","floor":48,"turns":5},{"damage":86,"enemies":"Donu and Deca","floor":50,"turns":10}],"seed_played":"-2109722502466857289","potions_obtained":[{"floor":1,"key":"Energy Potion"},{"floor":5,"key":"Poison Potion"},{"floor":12,"key":"Regen Potion"},{"floor":13,"key":"SpeedPotion"},{"floor":18,"key":"Fruit Juice"},{"floor":24,"key":"GhostInAJar"},{"floor":28,"key":"GhostInAJar"},{"floor":37,"key":"GhostInAJar"},{"floor":38,"key":"Weak Potion"},{"floor":41,"key":"Fire Potion"}],"is_trial":true,"path_per_floor":["M","?","?","?","M","E","$","R","T","R","E","M","M","?","R","B",null,"M","$","?","$","M","R","M","$","T","R","M","?","M","M","R","B",null,"M","?","M","M","$","R","M","?","T","M","M","R","?","M","R"],"character_chosen":"THE_SILENT","items_purchased":["Footwork","Backflip"],"campfire_rested":0,"item_purchase_floors":[39,39],"current_hp_per_floor":[70,70,70,70,64,56,56,56,56,56,36,34,34,34,34,1,70,70,70,70,70,46,46,31,31,31,31,19,19,19,4,4,17,75,54,45,20,20,20,32,20,20,20,11,4,18,75,75,75,0],"gold":68,"neow_bonus":"","is_prod":false,"is_daily":false,"chose_seed":false,"campfire_upgraded":9,"win_rate":0,"timestamp":1530602624,"path_taken":["M","?","?","?","M","E","$","R","T","R","E","M","?","?","R","BOSS","M","$","?","$","?","R","?","?","T","R","M","?","M","M","R","BOSS","M","?","?","M","$","R","M","?","T","?","?","R","?","M","R","BOSS"],"build_version":"2018-06-29","purchased_purges":4,"victory":false,"max_hp_per_floor":[70,70,70,70,70,70,70,70,70,70,70,70,70,70,70,70,70,70,70,70,70,75,75,75,75,75,75,75,75,75,75,75,75,75,75,75,75,75,75,75,75,75,75,75,75,75,75,75,75,75],"card_choices":[{"not_picked":["Finisher","Dagger Throw"],"picked":"Well Laid Plans","floor":0},{"not_picked":["Finisher","Leg Sweep"],"picked":"Backflip","floor":0},{"not_picked":["Skewer","Sucker Punch"],"picked":"Quick Slash","floor":0},{"not_picked":["Slice","Dodge and Roll"],"picked":"Accuracy","floor":0},{"not_picked":["Acrobatics","Prepared"],"picked":"Dagger Spray","floor":0},{"not_picked":["Underhanded Strike","Dagger Throw"],"picked":"Deflect","floor":0},{"not_picked":["Dagger Throw","Deadly Poison"],"picked":"Noxious Fumes","floor":0},{"not_picked":["Dagger Throw","Leg Sweep"],"picked":"Setup","floor":0},{"not_picked":["Deadly Poison","Prepared"],"picked":"Outmaneuver","floor":0},{"not_picked":["Malaise","Underhanded Strike"],"picked":"Cloak And Dagger","floor":0},{"not_picked":["Dagger Throw","Expertise"],"picked":"Backstab","floor":0},{"not_picked":["Riddle With Holes","Dagger Throw"],"picked":"Choke","floor":0},{"not_picked":["Dodge and Roll","Flying Knee"],"picked":"Dagger Spray","floor":0},{"not_picked":["Quick Slash","Dodge and Roll"],"picked":"Dagger Spray","floor":0},{"not_picked":["PiercingWail","Sucker Punch"],"picked":"Blade Dance","floor":0},{"not_picked":["Crippling Poison","Flying Knee"],"picked":"Escape Plan","floor":1},{"not_picked":["Dagger Throw","Sucker Punch"],"picked":"Cloak And Dagger","floor":5},{"not_picked":["Sucker Punch","Endless Agony"],"picked":"Outmaneuver","floor":6},{"not_picked":["Calculated Gamble","Catalyst"],"picked":"Well Laid Plans","floor":11},{"not_picked":["Bane","Backflip"],"picked":"PiercingWail","floor":12},{"not_picked":["Well Laid Plans","Dagger Throw"],"picked":"Prepared","floor":13},{"not_picked":["Unload","Storm of Steel"],"picked":"Adrenaline","floor":16},{"not_picked":["Quick Slash","Underhanded Strike+1"],"picked":"Backflip","floor":18},{"not_picked":["Underhanded Strike","Endless Agony"],"picked":"Choke","floor":22},{"not_picked":["Leg Sweep","Sucker Punch+1"],"picked":"Acrobatics","floor":24},{"not_picked":["Deflect","Reflex"],"picked":"Die Die Die","floor":28},{"not_picked":["Bouncing Flask","Eviscerate+1"],"picked":"Caltrops","floor":30},{"not_picked":["Deflect","Dodge and Roll"],"picked":"Acrobatics","floor":31},{"not_picked":["Tools of the Trade","A Thousand Cuts"],"picked":"After Image","floor":33},{"not_picked":["Quick Slash+1","Underhanded Strike+1"],"picked":"Dodge and Roll","floor":35},{"not_picked":["Leg Sweep","Malaise"],"picked":"Deflect","floor":37},{"not_picked":["Heel Hook","Flying Knee"],"picked":"Well Laid Plans","floor":38},{"not_picked":["Prepared","Dodge and Roll"],"picked":"Distraction+1","floor":41},{"not_picked":["Underhanded Strike","Setup+1"],"picked":"Cloak And Dagger","floor":44},{"not_picked":["Crippling Poison+1","A Thousand Cuts"],"picked":"Blade Dance","floor":45},{"not_picked":["Dagger Throw","Quick Slash"],"picked":"Prepared+1","floor":48}],"player_experience":259350,"relics_obtained":[{"floor":6,"key":"Du-Vu Doll"},{"floor":9,"key":"Boot"},{"floor":11,"key":"Happy Flower"},{"floor":26,"key":"Tough Bandages"},{"floor":43,"key":"Snake Skull"}],"event_choices":[{"event_name":"Transmorgrifier","player_choice":"Transform","floor":2,"damage_taken":0},{"event_name":"Living Wall","player_choice":"Change","floor":3,"damage_taken":0},{"event_name":"The Woman in Blue","player_choice":"Bought 0 Potions","floor":4,"damage_taken":0},{"event_name":"Match and Keep!","player_choice":"0 cards matched","floor":14,"damage_taken":0},{"event_name":"The Mausoleum","player_choice":"Yes","floor":20,"damage_taken":0},{"event_name":"The Library","player_choice":"Read","floor":29,"damage_taken":0},{"event_name":"Winding Halls","player_choice":"Embrace Madness","floor":36,"damage_taken":0},{"event_name":"Tomb of Lord Red Mask","player_choice":"Paid","floor":42,"damage_taken":0},{"event_name":"MindBloom","player_choice":"Heal","floor":47,"damage_taken":0}],"boss_relics":[{"not_picked":["Cursed Key","Busted Crown"],"picked":"Coffee Dripper"},{"not_picked":["Orrery","Runic Dome"],"picked":"Eternal Feather"}],"items_purged_floors":[7,19,25,39],"is_endless":false,"potions_floor_spawned":[1,5,12,13,18,24,28,37,38,41],"killed_by":"Donu and Deca","ascension_level":0}