{"gold_per_floor":[115,390,156,173,192,227,227,255,255,274,291,291,302,335,335,335],"floor_reached":16,"playtime":3259,"items_purged":["Regret"],"score":244,"play_id":"e8f643d2-d651-4456-b87f-d49f713eb4c6","local_time":"20190430193601","is_ascension_mode":true,"campfire_choices":[{"data":"Bash","floor":7.0,"key":"SMITH"},{"data":"Heavy Blade","floor":12.0,"key":"SMITH"},{"data":"Immolate","floor":15.0,"key":"SMITH"}],"neow_cost":"NONE","seed_source_timestamp":376956049305900,"circlet_count":0,"master_deck":["AscendersBane","Strike_R","Strike_R","Strike_R","Strike_R","Strike_R","Defend_R","Defend_R","Defend_R","Defend_R","Bash+1","Spot Weakness","Feel No Pain","Anger","Heavy Blade+1","Shrug It Off","Clothesline","Immolate+1","Pummel","Flame Barrier","Seeing Red","Double Tap"],"special_seed":0,"relics":["Burning Blood","Bag of Marbles","Letter Opener","Vajra"],"potions_floor_usage":[16],"damage_taken":[{"damage":2.0,"enemies":"Small Slimes","floor":1.0,"turns":5.0},{"damage":1.0,"enemies":"Cultist","floor":4.0,"turns":3.0},{"damage":1.0,"enemies":"2 Louse","floor":5.0,"turns":3.0},{"damage":36.0,"enemies":"Gremlin Nob","floor":6.0,"turns":4.0},{"damage":22.0,"enemies":"3 Sentries","floor":8.0,"turns":8.0},{"damage":0.0,"enemies":"2 Fungi Beasts","floor":10.0,"turns":1.0},{"damage":3.0,"enemies":"Looter","floor":11.0,"turns":3.0},{"damage":19.0,"enemies":"Lots of Slimes","floor":13.0,"turns":4.0},{"damage":5.0,"enemies":"Gremlin Nob","floor":14.0,"turns":3.0},{"damage":39,"enemies":"Slime Boss","floor":16,"turns":7}],"seed_played":"-7816111351163112883","potions_obtained":[{"floor":5.0,"key":"Ancient Potion"},{"floor":10.0,"key":"Energy Potion"}],"is_trial":false,"path_per_floor":["M","?","$","M","M","E","R","E","T","M","M","R","M","E","R","B"],"character_chosen":"IRONCLAD","items_purchased":["Feel No Pain","Anger","FearPotion"],"campfire_rested":0,"item_purchase_floors":[3,3,3],"current_hp_per_floor":[79,79,79,82,82,52,52,36,36,42,45,45,32,33,33,0],"gold":335,"neow_bonus":"TEN_PERCENT_HP_BONUS","is_prod":false,"is_daily":false,"chose_seed":false,"campfire_upgraded":3,"win_rate":0,"timestamp":1556642161,"path_taken":["M","?","$","M","?","E","R","E","T","M","M","R","?","E","R","BOSS"],"build_version":"2019-01-23","purchased_purges":1,"victory":false,"max_hp_per_floor":[82,82,82,82,82,82,82,82,82,82,82,82,82,82,82,82],"card_choices":[{"not_picked":["Heavy Blade","Flex"],"picked":"Spot Weakness","floor":1.0},{"not_picked":["Dropkick","Seeing Red"],"picked":"Heavy Blade","floor":4.0},{"not_picked":["Flex","Anger"],"picked":"Shrug It Off","floor":5.0},{"not_picked":["Shrug It Off","Power Through"],"picked":"Clothesline","floor":6.0},{"not_picked":["Hemokinesis","Clash"],"picked":"Immolate","floor":8.0},{"not_picked":["Cleave","Inflame"],"picked":"Pummel","floor":10.0},{"not_picked":["Shrug It Off","Reckless Charge"],"picked":"Flame Barrier","floor":11.0},{"not_picked":["Intimidate","Armaments"],"picked":"Seeing Red","floor":13.0},{"not_picked":["Twin Strike","Warcry"],"picked":"Double Tap","floor":14.0}],"player_experience":990314,"relics_obtained":[{"floor":6.0,"key":"Bag of Marbles"},{"floor":8.0,"key":"Letter Opener"},{"floor":14.0,"key":"Vajra"}],"event_choices":[{"damage_healed":0.0,"max_hp_gain":0.0,"max_hp_loss":0.0,"gold_gain":275.0,"event_name":"Golden Shrine","player_choice":"Desecrate","floor":2.0,"gold_loss":0.0,"damage_taken":0.0,"cards_obtained":["Regret"]}],"is_beta":false,"boss_relics":[],"items_purged_floors":[3],"is_endless":false,"potions_floor_spawned":[5,6,10],"killed_by":"Slime Boss","ascension_level":20}