{"gold_per_floor":[111,131,2,14,14,14,47,63,63,123,123],"floor_reached":11,"playtime":453,"items_purged":[],"score":139,"play_id":"67b4c661-4e6b-4cac-9657-b3461ab97e23","local_time":"20190219170000","is_ascension_mode":true,"campfire_choices":[{"data":"Hologram","floor":6,"key":"SMITH"}],"neow_cost":"PERCENT_DAMAGE","seed_source_timestamp":327418116565400,"circlet_count":0,"master_deck":["AscendersBane","Strike_B","Strike_B","Defend_B","Defend_B","Defend_B","Defend_B","Zap","Dualcast","Compile Driver","Static Discharge","Discovery","Hologram+1","Gash","White Noise","Steam","Rebound"],"relics":["Cracked Core","Happy Flower","Kunai","Bottled Tornado"],"potions_floor_usage":[10,11],"damage_taken":[{"damage":4,"enemies":"2 Louse","floor":1,"turns":3},{"damage":4,"enemies":"Small Slimes","floor":2,"turns":4},{"damage":0,"enemies":"Jaw Worm","floor":4,"turns":3},{"damage":10,"enemies":"Lagavulin","floor":7,"turns":7},{"damage":17,"enemies":"Exordium Thugs","floor":8,"turns":2},{"damage":2,"enemies":"Gremlin Nob","floor":10,"turns":3},{"damage":11,"enemies":"Large Slime","floor":11,"turns":4}],"seed_played":"-9131923151815915695","potions_obtained":[{"floor":2,"key":"Block Potion"},{"floor":4,"key":"Dexterity Potion"}],"is_trial":false,"path_per_floor":["M","M","$","M","$","R","E","M","T","?","M"],"character_chosen":"DEFECT","items_purchased":["Discovery","Hologram"],"campfire_rested":0,"item_purchase_floors":[3,3],"current_hp_per_floor":[42,38,38,38,38,38,28,11,11,9,0],"gold":123,"neow_bonus":"REMOVE_TWO","is_prod":false,"is_daily":false,"chose_seed":false,"campfire_upgraded":1,"win_rate":0,"timestamp":1550588400,"path_taken":["M","M","$","M","$","R","E","M","T","?","M"],"build_version":"2019-01-23","purchased_purges":0,"victory":false,"max_hp_per_floor":[71,71,71,71,71,71,71,71,71,71,71],"card_choices":[{"not_picked":["Hello World","Stack"],"picked":"Compile Driver","floor":1},{"not_picked":["Lockon","Stack"],"picked":"Static Discharge","floor":2},{"not_picked":["Storm","Compile Driver"],"picked":"Gash","floor":4},{"not_picked":["Barrage","Conserve Battery"],"picked":"White Noise","floor":7},{"not_picked":["Ball Lightning","Machine Learning"],"picked":"Steam","floor":8},{"not_picked":["Streamline","Conserve Battery"],"picked":"Rebound","floor":10}],"player_experience":888770,"relics_obtained":[{"floor":7,"key":"Happy Flower"},{"floor":9,"key":"Kunai"},{"floor":10,"key":"Bottled Tornado"}],"event_choices":[{"damage_healed":0,"gold_gain":0,"player_choice":"Searched \u00272\u0027 times","damage_taken":0,"max_hp_gain":0,"max_hp_loss":0,"event_name":"Dead Adventurer","floor":10,"gold_loss":0}],"is_beta":false,"boss_relics":[],"items_purged_floors":[],"is_endless":false,"potions_floor_spawned":[2,4,8],"killed_by":"Large Slime","ascension_level":18}