{"gold_per_floor":[113,132,207,66,86,113,125,205,217,229,260,272,294,322,334,346],"floor_reached":16,"playtime":482,"items_purged":[],"score":102,"play_id":"192b03d7-9f0a-4c2b-80ef-58e5dac44e65","local_time":"20181224013951","is_ascension_mode":false,"campfire_choices":[{"data":"Barricade","floor":7,"key":"SMITH"},{"data":"Shrug It Off","floor":10,"key":"SMITH"},{"data":"Uppercut","floor":12,"key":"SMITH"},{"floor":15,"key":"RECALL"}],"neow_cost":"NONE","seed_source_timestamp":549570612805064,"circlet_count":0,"master_deck":["Strike_R","Strike_R","Strike_R","Strike_R","Strike_R","Defend_R","Defend_R","Defend_R","Defend_R","Bash","Cleave","Warcry","Barricade+1","Shrug It Off+1","Metallicize","Uppercut+1","Shrug It Off+1","Shrug It Off+1"],"relics":["Burning Blood","NeowsBlessing","MawBank","Toxic Egg 2"],"potions_floor_usage":[6,6,16,16],"damage_taken":[{"damage":0,"enemies":"Jaw Worm","floor":1,"turns":1},{"damage":0,"enemies":"2 Louse","floor":2,"turns":1},{"damage":0,"enemies":"Small Slimes","floor":5,"turns":1},{"damage":37,"enemies":"Lagavulin","floor":6,"turns":8},{"damage":16,"enemies":"Exordium Thugs","floor":11,"turns":6},{"damage":23,"enemies":"Gremlin Gang","floor":13,"turns":6},{"damage":0,"enemies":"2 Fungi Beasts","floor":14,"turns":3},{"damage":37,"enemies":"Slime Boss","floor":16,"turns":11}],"seed_played":"1478603232291812110","potions_obtained":[{"floor":5,"key":"EntropicBrew"},{"floor":6,"key":"Explosive Potion"},{"floor":11,"key":"Block Potion"}],"is_trial":false,"path_per_floor":["M","M","?","$","M","E","R","T","T","R","M","R","M","M","R","B"],"character_chosen":"IRONCLAD","items_purchased":["Barricade"],"campfire_rested":0,"item_purchase_floors":[4],"current_hp_per_floor":[80,80,69,69,75,44,44,44,44,44,34,34,17,23,23,0],"gold":346,"neow_bonus":"THREE_ENEMY_KILL","is_prod":false,"is_daily":false,"chose_seed":false,"campfire_upgraded":3,"win_rate":0,"timestamp":1545583191,"path_taken":["M","M","?","$","M","E","R","?","T","R","M","R","M","M","R","BOSS"],"build_version":"2018-12-20","purchased_purges":0,"victory":false,"max_hp_per_floor":[80,80,80,80,80,80,80,80,80,80,80,80,80,80,80,80],"card_choices":[{"not_picked":["Headbutt","Clothesline"],"picked":"Cleave","floor":1},{"not_picked":["Headbutt","True Grit"],"picked":"Warcry","floor":2},{"not_picked":["Reckless Charge","Warcry"],"picked":"Shrug It Off","floor":5},{"not_picked":["Cleave","Seeing Red"],"picked":"Metallicize","floor":6},{"not_picked":["Pommel Strike","Flex+1"],"picked":"Uppercut","floor":11},{"not_picked":["Exhume+1","Headbutt"],"picked":"Shrug It Off+1","floor":13},{"not_picked":["Thunderclap","Anger"],"picked":"Shrug It Off+1","floor":14}],"player_experience":658924,"relics_obtained":[{"floor":6,"key":"MawBank"},{"floor":9,"key":"Toxic Egg 2"}],"event_choices":[{"damage_healed":0,"gold_gain":75,"player_choice":"Gather Gold","damage_taken":11,"max_hp_gain":0,"max_hp_loss":0,"event_name":"World of Goop","floor":3,"gold_loss":0}],"is_beta":false,"boss_relics":[],"items_purged_floors":[],"is_endless":false,"potions_floor_spawned":[5,6,11],"killed_by":"Slime Boss","ascension_level":0}