{"gold_per_floor":[17,49,49,66,85,85,48,223,223,233,7,27,27,27,27,131,131,148,108,81,95,95],"floor_reached":22,"playtime":2627,"items_purged":["Doubt"],"score":196,"play_id":"31f55b51-e4a0-49af-a7e6-b2a0fc01b0f5","local_time":"20190328115324","is_ascension_mode":true,"campfire_choices":[{"data":"Magnetism","floor":6,"key":"SMITH"},{"floor":13,"key":"REST"},{"data":"Distraction","floor":15,"key":"SMITH"}],"neow_cost":"NO_GOLD","seed_source_timestamp":0,"circlet_count":0,"master_deck":["Defend_G","Defend_G","Defend_G","Defend_G","Defend_G","Strike_G","Strike_G","Strike_G","Strike_G","Survivor","Neutralize","Deep Breath","Magnetism+1","Sucker Punch","Prepared","Heel Hook","Blur+1","Noxious Fumes","Deadly Poison","Well Laid Plans","Distraction+1","Crippling Poison","Dagger Spray+1"],"special_seed":0,"relics":["Ring of the Snake","Prayer Wheel","Oddly Smooth Stone","Cursed Key"],"potions_floor_usage":[10,16,20,20,22],"damage_taken":[{"damage":0.0,"enemies":"2 Louse","floor":1.0,"turns":4.0},{"damage":0.0,"enemies":"Cultist","floor":2.0,"turns":4.0},{"damage":2.0,"enemies":"Jaw Worm","floor":4.0,"turns":5.0},{"damage":0.0,"enemies":"Blue Slaver","floor":5.0,"turns":6.0},{"damage":31,"enemies":"Exordium Thugs","floor":10,"turns":6},{"damage":3,"enemies":"Large Slime","floor":12,"turns":7},{"damage":8,"enemies":"The Guardian","floor":16,"turns":12},{"damage":17,"enemies":"Spheric Guardian","floor":18,"turns":7},{"damage":23,"enemies":"2 Thieves","floor":20,"turns":5},{"damage":25,"enemies":"Cultist and Chosen","floor":21,"turns":9},{"damage":5,"enemies":"Snake Plant","floor":22,"turns":4}],"seed_played":"-2478967593578411403","potions_obtained":[{"floor":2.0,"key":"Swift Potion"},{"floor":12,"key":"EntropicBrew"}],"is_trial":false,"path_per_floor":["M","M","?","M","M","R","$","?","T","M","$","M","R","$","R","B",null,"M","?","M","M","M"],"character_chosen":"THE_SILENT","items_purchased":["Noxious Fumes","Oddly Smooth Stone"],"campfire_rested":1,"item_purchase_floors":[7,11],"current_hp_per_floor":[70,70,70,68,68,68,68,68,68,37,37,34,55,55,55,47,70,53,53,30,5,0],"gold":95,"neow_bonus":"RANDOM_COLORLESS_2","is_prod":false,"is_daily":false,"chose_seed":false,"campfire_upgraded":2,"win_rate":0,"timestamp":1553774004,"path_taken":["M","M","?","M","?","R","?","?","T","M","$","M","R","$","R","BOSS","M","?","M","M","M"],"build_version":"2019-01-23","purchased_purges":1,"victory":false,"max_hp_per_floor":[70,70,70,70,70,70,70,70,70,70,70,70,70,70,70,70,70,70,70,70,70,70],"card_choices":[{"not_picked":["PiercingWail","Acrobatics"],"picked":"Sucker Punch","floor":1.0},{"not_picked":["Deflect","Dagger Spray"],"picked":"Prepared","floor":2.0},{"not_picked":["PiercingWail","A Thousand Cuts"],"picked":"Heel Hook","floor":4.0},{"not_picked":["Dagger Throw","Bouncing Flask"],"picked":"Blur","floor":5},{"not_picked":["PiercingWail","Deflect"],"picked":"Deadly Poison","floor":10},{"not_picked":["Flechettes","Calculated Gamble"],"picked":"Well Laid Plans","floor":10},{"not_picked":["Outmaneuver","Caltrops"],"picked":"Distraction","floor":12},{"not_picked":["Cloak And Dagger","Dagger Spray","Deflect"],"picked":"SKIP","floor":12},{"not_picked":["Sucker Punch","Blur","Quick Slash"],"picked":"SKIP","floor":18},{"not_picked":["Slice","Bane","Distraction"],"picked":"SKIP","floor":18},{"not_picked":["Deadly Poison","Poisoned Stab"],"picked":"Crippling Poison","floor":20},{"not_picked":["Tools of the Trade","Crippling Poison"],"picked":"Dagger Spray+1","floor":20},{"not_picked":["PiercingWail+1","Accuracy","Backstab"],"picked":"SKIP","floor":21},{"not_picked":["Flying Knee+1","Infinite Blades","Riddle With Holes+1"],"picked":"SKIP","floor":21}],"player_experience":215076,"relics_obtained":[{"floor":9,"key":"Prayer Wheel"}],"event_choices":[{"cards_removed":["Strike_G"],"damage_healed":0.0,"max_hp_gain":0.0,"max_hp_loss":0.0,"gold_gain":0.0,"event_name":"Bonfire Elementals","player_choice":"Offered Basic","floor":3.0,"gold_loss":0.0,"damage_taken":0.0},{"damage_healed":0,"gold_gain":175,"player_choice":"AGREE","damage_taken":0,"max_hp_gain":0,"max_hp_loss":0,"event_name":"Liars Game","floor":8,"gold_loss":0,"cards_obtained":["Doubt"]},{"damage_healed":0,"gold_gain":0,"player_choice":"Upgrade","damage_taken":0,"max_hp_gain":0,"max_hp_loss":0,"event_name":"Designer","floor":19,"gold_loss":40,"cards_upgraded":["Blur"]}],"is_beta":false,"boss_relics":[{"not_picked":["White Beast Statue","Lizard Tail"],"picked":"Cursed Key"}],"items_purged_floors":[11],"is_endless":false,"potions_floor_spawned":[2,12,18],"killed_by":"Snake Plant","ascension_level":2}