{"gold_per_floor":[118,6,21,21,40,68,68,68,114,114,131,131,150,165,165,242,242,253,271,271,271,286,286,286,286,312,312,328,328],"floor_reached":29,"playtime":1258,"items_purged":[],"score":450,"play_id":"3c5b53a7-43b3-4958-a06b-258b4704d61e","local_time":"20190623104005","is_ascension_mode":true,"campfire_choices":[{"data":"Crippling Poison","floor":7,"key":"SMITH"},{"data":"Poisoned Stab","floor":10,"key":"SMITH"},{"data":"Cloak And Dagger","floor":12,"key":"SMITH"},{"data":"Well Laid Plans","floor":15,"key":"SMITH"},{"data":"Envenom","floor":23,"key":"SMITH"},{"data":"Neutralize","floor":25,"key":"SMITH"},{"data":"Noxious Fumes","floor":27,"key":"SMITH"}],"neow_cost":"NONE","seed_source_timestamp":868208258047000,"circlet_count":0,"master_deck":["AscendersBane","Defend_G+1","Defend_G+1","Defend_G+1","Defend_G+1","Defend_G+1","Strike_G+1","Strike_G+1","Strike_G+1","Strike_G+1","Survivor","Neutralize+1","Choke","Cloak And Dagger+1","Crippling Poison+1","Poisoned Stab+1","Burst","Choke","Cloak And Dagger","Well Laid Plans+1","Envenom+1","Noxious Fumes+1","Deflect+1","Dagger Spray+1","Outmaneuver"],"special_seed":0,"relics":["Ring of the Snake","Snake Skull","Lantern","Runic Pyramid","GremlinMask","Vajra"],"potions_floor_usage":[6,16,19,19],"damage_taken":[{"damage":8.0,"enemies":"Small Slimes","floor":1.0,"turns":5.0},{"damage":4.0,"enemies":"2 Louse","floor":3.0,"turns":3.0},{"damage":0.0,"enemies":"Cultist","floor":5.0,"turns":4.0},{"damage":17,"enemies":"Lagavulin","floor":6,"turns":6},{"damage":0,"enemies":"2 Fungi Beasts","floor":11,"turns":2},{"damage":0,"enemies":"Large Slime","floor":13,"turns":4},{"damage":0,"enemies":"Lots of Slimes","floor":14,"turns":2},{"damage":22,"enemies":"Slime Boss","floor":16,"turns":10},{"damage":12,"enemies":"Chosen","floor":18,"turns":5},{"damage":7,"enemies":"2 Thieves","floor":19,"turns":4},{"damage":0,"enemies":"Centurion and Healer","floor":22,"turns":8},{"damage":16,"enemies":"Sentry and Sphere","floor":28,"turns":7},{"damage":25,"enemies":"Cultist and Chosen","floor":29,"turns":5}],"seed_played":"8194448008913704577","potions_obtained":[{"floor":1.0,"key":"LiquidBronze"},{"floor":5.0,"key":"PowerPotion"},{"floor":13,"key":"Energy Potion"},{"floor":18,"key":"FearPotion"}],"is_trial":false,"path_per_floor":["M","$","M","?","M","E","R","?","T","R","M","R","M","M","R","B",null,"M","M","?","?","M","R","?","R","T","R","M","M"],"character_chosen":"THE_SILENT","items_purchased":["Cloak And Dagger","Explosive Potion"],"campfire_rested":0,"item_purchase_floors":[2,2],"current_hp_per_floor":[57,57,53,53,53,36,36,36,36,36,36,36,36,36,36,14,58,46,39,39,39,39,39,39,39,39,39,23,0],"gold":328,"neow_bonus":"TEN_PERCENT_HP_BONUS","is_prod":false,"is_daily":false,"chose_seed":false,"campfire_upgraded":7,"win_rate":0,"timestamp":1561275605,"path_taken":["M","$","M","?","M","E","R","?","T","R","M","R","M","M","R","BOSS","M","?","?","?","M","R","?","R","T","R","M","?"],"build_version":"2019-01-23","purchased_purges":0,"victory":false,"max_hp_per_floor":[72,72,72,72,72,72,72,72,72,72,72,72,72,72,72,72,72,72,72,72,72,72,72,72,72,72,72,72,72],"card_choices":[{"not_picked":["Deflect","PiercingWail"],"picked":"Choke","floor":1.0},{"not_picked":["Noxious Fumes","Bouncing Flask"],"picked":"Crippling Poison","floor":3.0},{"not_picked":["Prepared","Blade Dance"],"picked":"Poisoned Stab","floor":5.0},{"not_picked":["Cloak And Dagger","Prepared"],"picked":"Burst","floor":6},{"not_picked":["Choke","Quick Slash"],"picked":"Cloak And Dagger","floor":11},{"not_picked":["Prepared","Bane","Choke"],"picked":"SKIP","floor":13},{"not_picked":["Infinite Blades","Dodge and Roll"],"picked":"Well Laid Plans","floor":14},{"not_picked":["Grand Finale","Malaise"],"picked":"Envenom","floor":16},{"not_picked":["Dodge and Roll","Dash"],"picked":"Noxious Fumes","floor":18},{"not_picked":["Riddle With Holes","Quick Slash"],"picked":"Deflect+1","floor":19},{"not_picked":["Well Laid Plans","Choke"],"picked":"Dagger Spray+1","floor":22},{"not_picked":["Dagger Spray","Blur"],"picked":"Outmaneuver","floor":28}],"player_experience":1161134,"relics_obtained":[{"floor":6,"key":"Snake Skull"},{"floor":9,"key":"Lantern"},{"floor":26,"key":"Vajra"}],"event_choices":[{"damage_healed":0.0,"max_hp_gain":0.0,"max_hp_loss":0.0,"gold_gain":0.0,"event_name":"Liars Game","player_choice":"Ignored","floor":4.0,"gold_loss":0.0,"damage_taken":0.0},{"damage_healed":0,"gold_gain":0,"cards_transformed":["Strike_G"],"player_choice":"Transformed","damage_taken":0,"max_hp_gain":0,"max_hp_loss":0,"event_name":"Transmorgrifier","floor":8,"gold_loss":0,"cards_obtained":["Choke"]},{"damage_healed":0,"gold_gain":0,"player_choice":"Ignored","damage_taken":0,"max_hp_gain":0,"max_hp_loss":0,"event_name":"The Mausoleum","floor":20,"gold_loss":0},{"damage_healed":0,"gold_gain":0,"player_choice":"Simplicity","damage_taken":0,"max_hp_gain":0,"max_hp_loss":0,"event_name":"Back to Basics","floor":21,"gold_loss":0,"cards_upgraded":["Defend_G","Defend_G","Defend_G","Defend_G","Defend_G","Strike_G","Strike_G","Strike_G","Strike_G"]},{"damage_healed":0,"gold_gain":0,"player_choice":"Trade","damage_taken":0,"relics_obtained":["GremlinMask"],"max_hp_gain":0,"max_hp_loss":0,"event_name":"FaceTrader","floor":24,"gold_loss":0}],"is_beta":false,"boss_relics":[{"not_picked":["Calling Bell","Busted Crown"],"picked":"Runic Pyramid"}],"items_purged_floors":[],"is_endless":false,"potions_floor_spawned":[1,5,13,14,18],"killed_by":"Cultist and Chosen","ascension_level":20}