{"gold_per_floor":[116,34,34,5,5,5,32,32,77,111,127,137,137,156,156,156],"floor_reached":16,"playtime":640,"items_purged":[],"score":211,"play_id":"c9aac530-bada-4d13-9d3b-00f40b9abd54","local_time":"20190318233627","is_ascension_mode":true,"campfire_choices":[{"data":"Coolheaded","floor":6.0,"key":"SMITH"},{"floor":8.0,"key":"REST"},{"floor":13.0,"key":"REST"},{"data":"Streamline","floor":15.0,"key":"SMITH"}],"neow_cost":"NONE","seed_source_timestamp":0,"circlet_count":0,"master_deck":["AscendersBane","Strike_B","Strike_B","Strike_B","Strike_B","Defend_B","Defend_B","Defend_B","Defend_B","Zap+1","Dualcast","Gash","Hologram+1","Coolheaded+1","Sweeping Beam","Doom and Gloom","Rebound","Rebound","Streamline+1"],"special_seed":0,"relics":["Cracked Core","Bird Faced Urn","Anchor","Juzu Bracelet"],"potions_floor_usage":[],"damage_taken":[{"damage":12.0,"enemies":"Jaw Worm","floor":1.0,"turns":2.0},{"damage":30.0,"enemies":"3 Sentries","floor":7.0,"turns":9.0},{"damage":39.0,"enemies":"Gremlin Nob","floor":10.0,"turns":4.0},{"damage":2.0,"enemies":"Cultist","floor":11.0,"turns":3.0},{"damage":0.0,"enemies":"Small Slimes","floor":12.0,"turns":2.0},{"damage":2.0,"enemies":"Gremlin Gang","floor":14.0,"turns":3.0},{"damage":0,"enemies":"The Guardian","floor":16,"turns":1}],"seed_played":"8494781276357870550","potions_obtained":[{"floor":7.0,"key":"Fruit Juice"},{"floor":10.0,"key":"Energy Potion"},{"floor":11.0,"key":"Swift Potion"}],"is_trial":false,"path_per_floor":["M","$","?","$","$","R","E","R","T","E","M","M","R","M","R","B"],"character_chosen":"DEFECT","items_purchased":["Hologram","Coolheaded","Sweeping Beam"],"campfire_rested":2,"item_purchase_floors":[2,2,4],"current_hp_per_floor":[52,52,52,52,52,52,22,43,43,9,7,7,29,27,27,27],"gold":156,"neow_bonus":"UPGRADE_CARD","is_prod":false,"is_daily":false,"chose_seed":false,"campfire_upgraded":2,"win_rate":0,"timestamp":1552944987,"path_taken":["M","$","?","?","$","R","E","R","T","E","M","M","R","M","R","BOSS"],"build_version":"2019-01-23","purchased_purges":0,"victory":false,"max_hp_per_floor":[71,71,71,71,71,71,71,71,71,76,76,76,76,76,76,76],"card_choices":[{"not_picked":["Hologram","Capacitor"],"picked":"Gash","floor":1.0},{"not_picked":["Chill","Fusion"],"picked":"Doom and Gloom","floor":7.0},{"not_picked":["Melter","Leap"],"picked":"Rebound","floor":10.0},{"not_picked":["Beam Cell","Chaos"],"picked":"Rebound","floor":11.0},{"not_picked":["Leap","Rip and Tear","Heatsinks"],"picked":"SKIP","floor":12.0},{"not_picked":["Barrage","Go for the Eyes"],"picked":"Streamline","floor":14.0}],"player_experience":929994,"relics_obtained":[{"floor":7.0,"key":"Bird Faced Urn"},{"floor":9.0,"key":"Anchor"},{"floor":10.0,"key":"Juzu Bracelet"}],"event_choices":[{"damage_healed":0.0,"max_hp_gain":0.0,"max_hp_loss":0.0,"gold_gain":0.0,"event_name":"Accursed Blacksmith","player_choice":"Forge","floor":3.0,"gold_loss":0.0,"damage_taken":0.0,"cards_upgraded":["Hologram"]}],"is_beta":false,"boss_relics":[],"items_purged_floors":[],"is_endless":false,"potions_floor_spawned":[7,10,11],"killed_by":"The Guardian","ascension_level":19}