{"gold_per_floor":[112,122,122,141,141,172,172,204,204,204,231,251,251,271,271,345,345,361,381,113,113,113,113,147,147,215,243,259,28,28,41,41,118,118,135,155,155,555,555,585,585,599,646,646,665,30,42,42,42,42],"floor_reached":51,"playtime":3170,"items_purged":["Strike_B","Strike_B","Strike_B"],"score":1515,"play_id":"80ad040a-eaec-4369-b62b-93fee747a26b","local_time":"20190314104445","is_ascension_mode":true,"campfire_choices":[{"data":"Static Discharge","floor":10,"key":"SMITH"},{"data":"Zap","floor":15,"key":"SMITH"},{"data":"Apotheosis","floor":23,"key":"SMITH"},{"data":"Reinforced Body","floor":25,"key":"SMITH"},{"data":"Capacitor","floor":32,"key":"SMITH"},{"data":"Coolheaded","floor":41,"key":"SMITH"},{"floor":44,"key":"REST"},{"data":"Beam Cell","floor":49,"key":"SMITH"}],"neow_cost":"NONE","seed_source_timestamp":1610427353156000,"circlet_count":0,"master_deck":["AscendersBane","Defend_B","Defend_B","Defend_B","Defend_B","Zap+1","Dualcast","Go for the Eyes+1","Beam Cell+1","Electrodynamics+1","Self Repair","Static Discharge+1","Ball Lightning","Reinforced Body+1","Self Repair","Multi-Cast","Force Field+1","Leap+1","Apotheosis+1","RitualDagger","Coolheaded+1","Capacitor+1","Ball Lightning","Creative AI","Sweeping Beam+1","Glacier","Compile Driver+1","Genetic Algorithm","Core Surge","Reinforced Body","FTL","Compile Driver","Force Field","Compile Driver+1"],"relics":["Cracked Core","Meat on the Bone","Orichalcum","Incense Burner","Gremlin Horn","Calipers","Cables","Philosopher\u0027s Stone","MutagenicStrength","Pear","Shuriken","Juzu Bracelet","Velvet Choker","Old Coin","Sundial","Centennial Puzzle","Ice Cream"],"potions_floor_usage":[16,50,50],"damage_taken":[{"damage":1,"enemies":"2 Louse","floor":1,"turns":2},{"damage":7,"enemies":"Jaw Worm","floor":2,"turns":3},{"damage":0,"enemies":"Small Slimes","floor":4,"turns":3},{"damage":29,"enemies":"Gremlin Nob","floor":6,"turns":4},{"damage":6,"enemies":"3 Sentries","floor":8,"turns":2},{"damage":18,"enemies":"Gremlin Nob","floor":11,"turns":4},{"damage":5,"enemies":"Looter","floor":12,"turns":3},{"damage":0,"enemies":"Exordium Wildlife","floor":14,"turns":2},{"damage":0,"enemies":"Slime Boss","floor":16,"turns":7},{"damage":2,"enemies":"Shell Parasite","floor":18,"turns":3},{"damage":37,"enemies":"2 Thieves","floor":19,"turns":3},{"damage":0,"enemies":"Gremlin Leader","floor":24,"turns":5},{"damage":28,"enemies":"Book of Stabbing","floor":27,"turns":5},{"damage":4,"enemies":"Sentry and Sphere","floor":28,"turns":6},{"damage":11,"enemies":"Snecko","floor":31,"turns":6},{"damage":29,"enemies":"Champ","floor":33,"turns":12},{"damage":23,"enemies":"Orb Walker","floor":35,"turns":5},{"damage":18,"enemies":"3 Shapes","floor":36,"turns":3},{"damage":0,"enemies":"Mind Bloom Boss Battle","floor":38,"turns":6},{"damage":52,"enemies":"Giant Head","floor":40,"turns":9},{"damage":15,"enemies":"Transient","floor":42,"turns":6},{"damage":16,"enemies":"Maw","floor":45,"turns":9},{"damage":14,"enemies":"Sphere and 2 Shapes","floor":47,"turns":6},{"damage":46,"enemies":"Awakened One","floor":50,"turns":15}],"seed_played":"-2831634969506462226","potions_obtained":[{"floor":1,"key":"Strength Potion"},{"floor":6,"key":"GamblersBrew"},{"floor":16,"key":"EssenceOfSteel"},{"floor":28,"key":"Block Potion"},{"floor":35,"key":"Dexterity Potion"},{"floor":42,"key":"PowerPotion"}],"is_trial":false,"path_per_floor":["M","M","?","M","?","E","?","E","T","R","E","M","T","M","R","B",null,"M","M","$","?","?","R","E","R","T","E","M","$","?","M","R","B",null,"M","M","?","?","?","E","R","M","T","R","M","$","M","?","R","B",null],"character_chosen":"DEFECT","items_purchased":["Apotheosis","Capacitor","Ball Lightning","Ice Cream","FTL","Compile Driver","Force Field"],"campfire_rested":1,"item_purchase_floors":[20,29,29,46,46,46,46],"current_hp_per_floor":[70,63,52,52,52,35,40,53,53,53,54,56,56,63,63,77,82,83,53,53,53,47,47,77,77,77,66,79,79,79,82,82,73,88,72,74,74,84,84,64,64,63,63,90,91,91,93,93,93,67],"gold":42,"neow_bonus":"TEN_PERCENT_HP_BONUS","is_prod":false,"is_daily":false,"chose_seed":false,"campfire_upgraded":7,"win_rate":0,"timestamp":1552553085,"path_taken":["M","M","?","M","?","E","?","E","T","R","E","M","?","M","R","BOSS","M","M","$","?","?","R","E","R","T","E","M","?","?","M","R","BOSS","M","M","?","?","?","E","R","M","T","R","M","$","M","?","R","BOSS"],"build_version":"2019-01-23","purchased_purges":3,"victory":true,"max_hp_per_floor":[78,78,78,78,78,78,83,83,83,83,83,83,83,83,83,83,83,83,83,83,83,83,83,93,93,93,93,93,93,93,93,93,93,93,93,93,93,93,93,93,93,93,93,93,93,93,93,93,93,93],"card_choices":[{"not_picked":["Fusion","Stack"],"picked":"Go for the Eyes","floor":1},{"not_picked":["Hologram","Barrage","Beam Cell"],"picked":"SKIP","floor":2},{"not_picked":["Hologram","Barrage"],"picked":"Beam Cell","floor":2},{"not_picked":["Gash","Stack"],"picked":"Electrodynamics","floor":4},{"not_picked":["Reprogram","Hologram"],"picked":"Self Repair","floor":6},{"not_picked":["Scrape","Skim"],"picked":"Static Discharge","floor":8},{"not_picked":["FTL","Go for the Eyes"],"picked":"Ball Lightning","floor":11},{"not_picked":["Skim","Steam"],"picked":"Reinforced Body","floor":12},{"not_picked":["Rip and Tear","Steam"],"picked":"Self Repair","floor":14},{"not_picked":["Thunder Strike","Machine Learning"],"picked":"Multi-Cast","floor":16},{"not_picked":["Rebound","Loop"],"picked":"Force Field+1","floor":18},{"not_picked":["Recycle","Rebound"],"picked":"Leap+1","floor":19},{"not_picked":["Self Repair","Reprogram"],"picked":"Coolheaded","floor":24},{"not_picked":["Sweeping Beam","Barrage","Turbo+1"],"picked":"SKIP","floor":27},{"not_picked":["Hello World+1","Steam","Self Repair"],"picked":"SKIP","floor":28},{"not_picked":["Turbo","Conserve Battery","Aggregate"],"picked":"SKIP","floor":31},{"not_picked":["Biased Cognition","Multi-Cast"],"picked":"Creative AI","floor":33},{"not_picked":["Stack","Chill+1"],"picked":"Sweeping Beam+1","floor":35},{"not_picked":["Rebound+1","Scrape"],"picked":"Glacier","floor":36},{"not_picked":["Hyperbeam","Turbo"],"picked":"Compile Driver+1","floor":38},{"not_picked":["Fusion","Leap"],"picked":"Genetic Algorithm","floor":40},{"not_picked":["Streamline","Chaos"],"picked":"Core Surge","floor":42},{"not_picked":["Gash","Beam Cell"],"picked":"Reinforced Body","floor":45},{"not_picked":["Chill","Static Discharge"],"picked":"Compile Driver+1","floor":47}],"player_experience":913241,"relics_obtained":[{"floor":6,"key":"Orichalcum"},{"floor":8,"key":"Incense Burner"},{"floor":9,"key":"Gremlin Horn"},{"floor":11,"key":"Calipers"},{"floor":13,"key":"Cables"},{"floor":24,"key":"Pear"},{"floor":26,"key":"Shuriken"},{"floor":27,"key":"Juzu Bracelet"},{"floor":38,"key":"Old Coin"},{"floor":40,"key":"Sundial"},{"floor":43,"key":"Centennial Puzzle"}],"event_choices":[{"damage_healed":0,"gold_gain":0,"player_choice":"Success","damage_taken":11,"relics_obtained":["Meat on the Bone"],"max_hp_gain":0,"max_hp_loss":0,"event_name":"Scrap Ooze","floor":3,"gold_loss":0},{"damage_healed":0,"gold_gain":0,"player_choice":"Grow","damage_taken":0,"max_hp_gain":0,"max_hp_loss":0,"event_name":"Living Wall","floor":5,"gold_loss":0,"cards_upgraded":["Electrodynamics"]},{"damage_healed":0,"gold_gain":0,"player_choice":"Donut","damage_taken":0,"max_hp_gain":5,"max_hp_loss":0,"event_name":"Big Fish","floor":7,"gold_loss":0},{"damage_healed":0,"gold_gain":0,"player_choice":"Inject Mutagens","damage_taken":0,"relics_obtained":["MutagenicStrength"],"max_hp_gain":0,"max_hp_loss":0,"event_name":"Drug Dealer","floor":21,"gold_loss":0},{"damage_healed":0,"gold_gain":0,"player_choice":"Joined the Cult","damage_taken":6,"max_hp_gain":0,"max_hp_loss":0,"event_name":"Nest","floor":22,"gold_loss":0,"cards_obtained":["RitualDagger"]},{"damage_healed":0,"gold_gain":0,"player_choice":"Ignored","damage_taken":0,"max_hp_gain":0,"max_hp_loss":0,"event_name":"Beggar","floor":30,"gold_loss":0},{"cards_removed":["Strike_B"],"damage_healed":0,"gold_gain":0,"player_choice":"Purged","damage_taken":0,"max_hp_gain":0,"max_hp_loss":0,"event_name":"Purifier","floor":37,"gold_loss":0},{"damage_healed":0,"gold_gain":0,"player_choice":"Fight","damage_taken":0,"max_hp_gain":0,"max_hp_loss":0,"event_name":"MindBloom","floor":38,"gold_loss":0},{"damage_healed":0,"gold_gain":0,"player_choice":"Ignored","damage_taken":0,"max_hp_gain":0,"max_hp_loss":0,"event_name":"Tomb of Lord Red Mask","floor":39,"gold_loss":0},{"damage_healed":0,"gold_gain":0,"player_choice":"Forge","damage_taken":0,"max_hp_gain":0,"max_hp_loss":0,"event_name":"Accursed Blacksmith","floor":48,"gold_loss":0,"cards_upgraded":["Go for the Eyes"]}],"is_beta":false,"boss_relics":[{"not_picked":["Orrery","Calling Bell"],"picked":"Philosopher\u0027s Stone"},{"not_picked":["Runic Dome","Runic Pyramid"],"picked":"Velvet Choker"}],"items_purged_floors":[20,29,46],"is_endless":false,"potions_floor_spawned":[1,6,12,16,19,28,33,35,42],"ascension_level":18}