{"gold_per_floor":[116,134,134,4,15,15,29,29,100,119,136,155,155,169,169,241,241,251,166,91,17,29,29,29,29,56,56,66,76,94,104,104,182,182,193,193,193,211,224,144,144,144,168,168,82,182,0,17,17,17,17],"floor_reached":52,"playtime":3128,"items_purged":[],"score":1767,"play_id":"28648c61-b3fe-4603-9b7e-faedcb60bf0b","local_time":"20190215170131","is_ascension_mode":true,"campfire_choices":[{"data":"Consume","floor":6.0,"key":"SMITH"},{"data":"Zap","floor":8.0,"key":"SMITH"},{"data":"Sunder","floor":15.0,"key":"SMITH"},{"data":"Biased Cognition","floor":23.0,"key":"SMITH"},{"data":"Buffer","floor":25.0,"key":"SMITH"},{"data":"Chill","floor":27.0,"key":"SMITH"},{"data":"Defragment","floor":32.0,"key":"SMITH"},{"data":"Madness","floor":41.0,"key":"SMITH"},{"data":"Capacitor","floor":44.0,"key":"SMITH"},{"data":"Defragment","floor":49.0,"key":"SMITH"}],"neow_cost":"NONE","seed_source_timestamp":174792893532810,"circlet_count":0,"master_deck":["AscendersBane","Zap+1","Dualcast","Cold Snap","Glacier","Consume+1","Self Repair","Glacier","Sunder+1","Coolheaded","Heatsinks","Melter","Biased Cognition+1","Chaos+1","Echo Form","Chill+1","Self Repair","Skim+1","Buffer+1","Self Repair","Self Repair","Hologram","Defragment+1","Electrodynamics","Cold Snap","Hologram","Capacitor+1","Auto Shields","Biased Cognition","Madness+1","Madness","Coolheaded","Biased Cognition","Loop","Finesse","Loop","Parasite","Defragment+1"],"special_seed":0,"relics":["Cracked Core","Bottled Flame","Pandora\u0027s Box","War Paint","Regal Pillow","Orrery","PreservedInsect","Thread and Needle","Red Mask"],"potions_floor_usage":[],"damage_taken":[{"damage":7.0,"enemies":"Cultist","floor":1.0,"turns":4.0},{"damage":0.0,"enemies":"Small Slimes","floor":2.0,"turns":3.0},{"damage":1.0,"enemies":"Jaw Worm","floor":5.0,"turns":4.0},{"damage":0.0,"enemies":"Blue Slaver","floor":7.0,"turns":6.0},{"damage":12.0,"enemies":"Exordium Wildlife","floor":10.0,"turns":5.0},{"damage":9.0,"enemies":"Exordium Thugs","floor":11.0,"turns":5.0},{"damage":0.0,"enemies":"3 Louse","floor":12.0,"turns":3.0},{"damage":23.0,"enemies":"Large Slime","floor":14.0,"turns":7.0},{"damage":41.0,"enemies":"The Guardian","floor":16.0,"turns":14.0},{"damage":33.0,"enemies":"2 Thieves","floor":18.0,"turns":3.0},{"damage":6.0,"enemies":"Spheric Guardian","floor":22.0,"turns":4.0},{"damage":22.0,"enemies":"Snecko","floor":28.0,"turns":9.0},{"damage":24.0,"enemies":"Shelled Parasite and Fungi","floor":29.0,"turns":8.0},{"damage":24.0,"enemies":"Sentry and Sphere","floor":30.0,"turns":7.0},{"damage":16.0,"enemies":"Cultist and Chosen","floor":31.0,"turns":9.0},{"damage":23.0,"enemies":"Automaton","floor":33.0,"turns":12.0},{"damage":3.0,"enemies":"Orb Walker","floor":35.0,"turns":5.0},{"damage":12.0,"enemies":"3 Shapes","floor":38.0,"turns":6.0},{"damage":0.0,"enemies":"Sphere and 2 Shapes","floor":39.0,"turns":6.0},{"damage":27.0,"enemies":"Mind Bloom Boss Battle","floor":46.0,"turns":11.0},{"damage":4.0,"enemies":"Writhing Mass","floor":48.0,"turns":11.0},{"damage":0.0,"enemies":"Time Eater","floor":50.0,"turns":36.0},{"damage":67,"enemies":"Donu and Deca","floor":51,"turns":16}],"seed_played":"5097415534663114833","potions_obtained":[{"floor":0.0,"key":"Poison Potion"},{"floor":0.0,"key":"GamblersBrew"},{"floor":22.0,"key":"FocusPotion"},{"floor":31.0,"key":"PowerPotion"},{"floor":33.0,"key":"SteroidPotion"},{"floor":48.0,"key":"Weak Potion"}],"is_trial":false,"path_per_floor":["M","M","$","$","M","R","M","R","T","M","M","M","?","M","R","B",null,"M","?","?","$","M","R","$","R","T","R","M","M","M","M","R","B",null,"M","?","?","M","M","$","R","?","T","R","$","?","?","M","R","B","B",null],"character_chosen":"DEFECT","items_purchased":["Consume","Self Repair","Self Repair","Loop","Loop"],"campfire_rested":0,"item_purchase_floors":[4,4,21,40,45],"current_hp_per_floor":[57,57,57,57,63,63,70,70,70,65,63,70,70,54,54,20,58,32,32,32,32,47,47,47,47,47,47,53,57,61,71,71,69,71,71,58,58,71,71,71,71,71,71,71,71,71,71,71,71,71,32],"gold":17,"neow_bonus":"THREE_SMALL_POTIONS","is_prod":false,"is_daily":false,"chose_seed":false,"campfire_upgraded":10,"win_rate":0,"timestamp":1550217691,"path_taken":["M","M","?","$","M","R","?","R","T","M","M","M","?","M","R","BOSS","M","?","?","$","M","R","?","R","T","R","M","M","?","M","R","BOSS","M","?","?","?","M","$","R","?","T","R","$","?","?","M","R","BOSS","BOSS"],"build_version":"2019-01-23","purchased_purges":0,"victory":true,"max_hp_per_floor":[71,71,71,71,71,71,71,71,71,71,71,71,71,71,71,71,71,71,71,71,71,71,71,71,71,71,71,71,71,71,71,71,71,71,71,71,71,71,71,71,71,71,71,71,71,71,71,71,71,71,71],"card_choices":[{"not_picked":["Beam Cell","Reinforced Body"],"picked":"Cold Snap","floor":1.0},{"not_picked":["Coolheaded","Loop"],"picked":"Glacier","floor":2.0},{"not_picked":["Darkness","Rip and Tear"],"picked":"Glacier","floor":5.0},{"not_picked":["Gash","Beam Cell"],"picked":"Sunder","floor":7.0},{"not_picked":["Rebound","Double Energy"],"picked":"Coolheaded","floor":10.0},{"not_picked":["Leap","Beam Cell","Redo"],"picked":"SKIP","floor":11.0},{"not_picked":["Leap","Scrape"],"picked":"Heatsinks","floor":12.0},{"not_picked":["Steam Power","Go for the Eyes"],"picked":"Melter","floor":14.0},{"not_picked":["Machine Learning","Seek"],"picked":"Biased Cognition","floor":16.0},{"not_picked":["Turbo","Darkness"],"picked":"Self Repair","floor":18.0},{"not_picked":["Barrage","Go for the Eyes","Hello World"],"picked":"SKIP","floor":22.0},{"not_picked":["Reprogram","Leap","Hello World"],"picked":"SKIP","floor":28.0},{"not_picked":["Compile Driver","Redo","All For One"],"picked":"SKIP","floor":29.0},{"not_picked":["Turbo","Genetic Algorithm+1"],"picked":"Hologram","floor":30.0},{"not_picked":["Streamline","Barrage"],"picked":"Defragment","floor":31.0},{"not_picked":["All For One","Multi-Cast"],"picked":"Electrodynamics","floor":33.0},{"not_picked":["Melter","Aggregate"],"picked":"Cold Snap","floor":34.0},{"not_picked":["Gash","Go for the Eyes+1"],"picked":"Hologram","floor":34.0},{"not_picked":["Leap","Redo"],"picked":"Capacitor","floor":34.0},{"not_picked":["Steam","Turbo"],"picked":"Auto Shields","floor":34.0},{"not_picked":["Genetic Algorithm+1","Gash"],"picked":"Biased Cognition","floor":34.0},{"not_picked":["Sweeping Beam+1","Compile Driver","Redo"],"picked":"SKIP","floor":35.0},{"not_picked":["Go for the Eyes","Force Field+1"],"picked":"Coolheaded","floor":38.0},{"not_picked":["Heatsinks","Hello World"],"picked":"Biased Cognition","floor":39.0},{"not_picked":["Forethought","Mind Blast"],"picked":"Finesse","floor":42.0},{"not_picked":["Hello World","Echo Form"],"picked":"Defragment","floor":48.0}],"player_experience":915367,"relics_obtained":[{"floor":9.0,"key":"Bottled Flame"},{"floor":26.0,"key":"Regal Pillow"},{"floor":43.0,"key":"PreservedInsect"},{"floor":46.0,"key":"Thread and Needle"}],"event_choices":[{"damage_healed":0.0,"max_hp_gain":0.0,"max_hp_loss":0.0,"gold_gain":0.0,"event_name":"Scrap Ooze","player_choice":"Fled","floor":13.0,"gold_loss":0.0,"damage_taken":0.0},{"damage_healed":0.0,"max_hp_gain":0.0,"max_hp_loss":0.0,"gold_gain":0.0,"event_name":"Addict","player_choice":"Obtained Relic","floor":19.0,"gold_loss":85.0,"damage_taken":0.0,"relics_obtained":["War Paint"]},{"cards_removed":["Meteor Strike"],"damage_healed":0.0,"max_hp_gain":0.0,"max_hp_loss":0.0,"gold_gain":0.0,"event_name":"Beggar","player_choice":"Gave Gold","floor":20.0,"gold_loss":75.0,"damage_taken":0.0},{"damage_healed":0.0,"max_hp_gain":0.0,"max_hp_loss":0.0,"gold_gain":0.0,"event_name":"Winding Halls","player_choice":"Embrace Madness","floor":36.0,"gold_loss":0.0,"damage_taken":13.0,"cards_obtained":["Madness","Madness"]},{"cards_removed":["Barrage"],"damage_healed":0.0,"max_hp_gain":0.0,"max_hp_loss":0.0,"gold_gain":0.0,"event_name":"Falling","player_choice":"Removed Attack","floor":37.0,"gold_loss":0.0,"damage_taken":0.0},{"damage_healed":0.0,"max_hp_gain":0.0,"max_hp_loss":0.0,"gold_gain":0.0,"event_name":"SensoryStone","player_choice":"Memory 1","floor":42.0,"gold_loss":0.0,"damage_taken":0.0},{"damage_healed":0.0,"max_hp_gain":0.0,"max_hp_loss":0.0,"gold_gain":0.0,"event_name":"MindBloom","player_choice":"Fight","floor":46.0,"gold_loss":0.0,"damage_taken":0.0},{"damage_healed":0.0,"max_hp_gain":0.0,"max_hp_loss":0.0,"gold_gain":0.0,"event_name":"Tomb of Lord Red Mask","player_choice":"Paid","floor":47.0,"gold_loss":182.0,"damage_taken":0.0,"relics_obtained":["Red Mask"]}],"is_beta":false,"boss_relics":[{"not_picked":["Runic Pyramid","Empty Cage"],"picked":"Pandora\u0027s Box"},{"not_picked":["White Beast Statue","Busted Crown"],"picked":"Orrery"}],"items_purged_floors":[],"is_endless":false,"potions_floor_spawned":[5,7,12,14,22,30,31,33,35,48],"ascension_level":20}