{"gold_per_floor":[116,116,136,58,77,104,124,124,124,89,89,103,130,110,110,189,189,201,126,126,26,26,52,67,67,67,67],"floor_reached":27,"playtime":1377,"items_purged":["Strike_B+1"],"score":478,"play_id":"426dec91-5c79-4bea-a316-14c171566274","local_time":"20190629153242","is_ascension_mode":true,"campfire_choices":[{"data":"Defragment","floor":8.0,"key":"SMITH"},{"data":"Zap","floor":15.0,"key":"SMITH"},{"data":"Capacitor","floor":25,"key":"SMITH"}],"neow_cost":"NONE","seed_source_timestamp":0,"circlet_count":0,"master_deck":["AscendersBane","Defend_B","Defend_B+1","Defend_B","Zap+1","Dualcast","Glacier","Gash","Capacitor+1","Gash","Self Repair","Defragment+1","Glacier","Undo","Machine Learning","Loop","Coolheaded","Pain","Rainbow","Self Repair"],"special_seed":0,"relics":["Cracked Core","Pen Nib","Bag of Marbles","Letter Opener","Bird Faced Urn","Empty Cage","WarpedTongs","Sundial","Symbiotic Virus"],"potions_floor_usage":[23,27],"damage_taken":[{"damage":0.0,"enemies":"Small Slimes","floor":1.0,"turns":2.0},{"damage":0.0,"enemies":"2 Louse","floor":3.0,"turns":3.0},{"damage":0.0,"enemies":"Cultist","floor":5.0,"turns":4.0},{"damage":17.0,"enemies":"3 Sentries","floor":6.0,"turns":10.0},{"damage":8.0,"enemies":"Large Slime","floor":7.0,"turns":5.0},{"damage":12.0,"enemies":"Exordium Thugs","floor":12.0,"turns":10.0},{"damage":3.0,"enemies":"Gremlin Nob","floor":13.0,"turns":5.0},{"damage":15.0,"enemies":"Hexaghost","floor":16.0,"turns":11.0},{"damage":11.0,"enemies":"Spheric Guardian","floor":18.0,"turns":8.0},{"damage":7,"enemies":"2 Thieves","floor":21,"turns":5},{"damage":67,"enemies":"Gremlin Leader","floor":23,"turns":10},{"damage":21,"enemies":"Cultist and Chosen","floor":24,"turns":9},{"damage":29,"enemies":"Shelled Parasite and Fungi","floor":27,"turns":2}],"seed_played":"-1057501727333233301","potions_obtained":[{"floor":1.0,"key":"SkillPotion"},{"floor":3.0,"key":"FocusPotion"},{"floor":14.0,"key":"Dexterity Potion"},{"floor":18.0,"key":"PowerPotion"},{"floor":23,"key":"GamblersBrew"}],"is_trial":false,"path_per_floor":["M","?","M","$","M","E","M","R","T","?","?","M","E","?","R","B",null,"M","$","?","M","?","E","M","R","T","M"],"character_chosen":"DEFECT","items_purchased":["Capacitor"],"campfire_rested":0,"item_purchase_floors":[4],"current_hp_per_floor":[64,43,43,43,43,26,25,25,25,42,35,30,34,34,34,32,61,65,65,65,71,71,24,20,20,20,0],"gold":67,"neow_bonus":"RANDOM_COMMON_RELIC","is_prod":false,"is_daily":false,"chose_seed":false,"campfire_upgraded":3,"win_rate":0,"timestamp":1561811562,"path_taken":["M","?","M","$","M","E","M","R","T","?","?","M","E","?","R","BOSS","M","$","?","M","?","E","?","R","T","M"],"build_version":"2019-01-23","purchased_purges":1,"victory":false,"max_hp_per_floor":[71,71,71,71,71,71,71,71,71,71,71,71,71,71,71,71,71,71,71,71,71,71,71,71,71,71,71],"card_choices":[{"not_picked":["Rebound","Steam"],"picked":"Glacier","floor":1.0},{"not_picked":["Fusion","Rip and Tear"],"picked":"Gash","floor":3.0},{"not_picked":["Hologram","Compile Driver"],"picked":"Gash","floor":5.0},{"not_picked":["Chill","Rip and Tear"],"picked":"Self Repair","floor":6.0},{"not_picked":["Coolheaded","Skim"],"picked":"Defragment","floor":7.0},{"not_picked":["Capacitor","Static Discharge"],"picked":"Glacier","floor":12.0},{"not_picked":["Leap","Reboot"],"picked":"Undo","floor":13.0},{"not_picked":["Hyperbeam","Thunder Strike"],"picked":"Machine Learning","floor":16.0},{"not_picked":["Turbo","Stack"],"picked":"Loop","floor":18.0},{"not_picked":["Stack","Cold Snap"],"picked":"Coolheaded","floor":21},{"not_picked":["Thunder Strike","Rip and Tear"],"picked":"Rainbow","floor":23},{"not_picked":["Beam Cell+1","Go for the Eyes"],"picked":"Self Repair","floor":24}],"player_experience":1184623,"relics_obtained":[{"floor":6.0,"key":"Bag of Marbles"},{"floor":9.0,"key":"Letter Opener"},{"floor":13.0,"key":"Bird Faced Urn"},{"floor":23,"key":"Sundial"},{"floor":26,"key":"Symbiotic Virus"}],"event_choices":[{"damage_healed":0.0,"max_hp_gain":0.0,"max_hp_loss":0.0,"gold_gain":0.0,"event_name":"Shining Light","player_choice":"Entered Light","floor":2.0,"gold_loss":0.0,"damage_taken":21.0,"cards_upgraded":["Strike_B","Defend_B"]},{"damage_healed":17.0,"max_hp_gain":0.0,"max_hp_loss":0.0,"gold_gain":0.0,"event_name":"The Cleric","player_choice":"Healed","floor":10.0,"gold_loss":35.0,"damage_taken":0.0},{"cards_removed":["Strike_B"],"damage_healed":0.0,"max_hp_gain":0.0,"max_hp_loss":0.0,"gold_gain":0.0,"event_name":"Golden Wing","player_choice":"Card Removal","floor":11.0,"gold_loss":0.0,"damage_taken":7.0},{"damage_healed":0.0,"max_hp_gain":0.0,"max_hp_loss":0.0,"gold_gain":0.0,"event_name":"The Woman in Blue","player_choice":"Bought 1 Potion","floor":14.0,"gold_loss":0.0,"damage_taken":0.0},{"cards_removed":["Defend_B"],"damage_healed":0,"gold_gain":0,"player_choice":"Elegance","damage_taken":0,"max_hp_gain":0,"max_hp_loss":0,"event_name":"Back to Basics","floor":20,"gold_loss":0},{"damage_healed":0,"gold_gain":0,"player_choice":"Rummage","damage_taken":0,"relics_obtained":["WarpedTongs"],"max_hp_gain":0,"max_hp_loss":0,"event_name":"Accursed Blacksmith","floor":22,"gold_loss":0,"cards_obtained":["Pain"]}],"is_beta":false,"boss_relics":[{"not_picked":["Busted Crown","Astrolabe"],"picked":"Empty Cage"}],"items_purged_floors":[19],"is_endless":false,"potions_floor_spawned":[1,3,16,18,23,24],"killed_by":"Shelled Parasite and Fungi","ascension_level":20}