{"gold_per_floor":[109,129,129,54,68,68,87,87,87,104,104,136,148,161,161,237,237,249,263,263,263,276,306,323,353,377,403,16,51,51,67,67,145,145,160,180,11,0,0,0,31,31,31,46,46,61,74,100,100,100,100,100,41,41],"floor_reached":54,"playtime":3578,"items_purged":["Strike_R","Strike_R"],"score":1518,"play_id":"4c1f7f22-6dd5-4842-9acf-ac581e45349e","local_time":"20190203135102","is_ascension_mode":true,"campfire_choices":[{"data":"Clothesline","floor":6.0,"key":"SMITH"},{"floor":8.0,"key":"REST"},{"data":"Disarm","floor":15.0,"key":"SMITH"},{"floor":30,"key":"REST"},{"data":"Spot Weakness","floor":32,"key":"SMITH"},{"data":"Warcry","floor":40,"key":"SMITH"},{"data":"Burning Pact","floor":42,"key":"SMITH"},{"floor":45,"key":"RECALL"},{"data":"Shockwave","floor":49,"key":"SMITH"},{"data":"Sword Boomerang","floor":52,"key":"SMITH"}],"neow_cost":"NONE","seed_source_timestamp":1139088859317300,"circlet_count":0,"master_deck":["AscendersBane","Strike_R","Strike_R","Defend_R","Defend_R","Defend_R","Defend_R","Bash","Shrug It Off","Spot Weakness+1","Clothesline+1","Twin Strike","Sword Boomerang+1","Whirlwind","Disarm+1","Reaper","Limit Break+1","Shrug It Off","Whirlwind+1","Disarm+1","Feel No Pain+1","Impervious","Headbutt+1","Shockwave+1","Exhume","Warcry+1","Burning Pact+1","Pummel+1","Heavy Blade+1","Pommel Strike+1","Thunderclap+1"],"special_seed":0,"relics":["Burning Blood","Ornamental Fan","Thread and Needle","Lantern","Velvet Choker","Kunai","Darkstone Periapt","Strawberry","Turnip","Molten Egg 2","Bottled Lightning","Sozu","Vajra","Red Mask","Regal Pillow","Omamori"],"potions_floor_usage":[29],"damage_taken":[{"damage":12.0,"enemies":"Small Slimes","floor":1.0,"turns":5.0},{"damage":1.0,"enemies":"Cultist","floor":2.0,"turns":3.0},{"damage":7.0,"enemies":"Jaw Worm","floor":5.0,"turns":4.0},{"damage":43.0,"enemies":"Large Slime","floor":7.0,"turns":11.0},{"damage":10.0,"enemies":"Lots of Slimes","floor":10.0,"turns":6.0},{"damage":13.0,"enemies":"Lagavulin","floor":12.0,"turns":5.0},{"damage":18.0,"enemies":"Exordium Thugs","floor":13.0,"turns":5.0},{"damage":0.0,"enemies":"Large Slime","floor":14.0,"turns":4.0},{"damage":1.0,"enemies":"The Guardian","floor":16.0,"turns":15.0},{"damage":18.0,"enemies":"2 Thieves","floor":18.0,"turns":2.0},{"damage":9.0,"enemies":"Chosen","floor":19.0,"turns":7.0},{"damage":62.0,"enemies":"Shelled Parasite and Fungi","floor":22.0,"turns":14.0},{"damage":46.0,"enemies":"Slavers","floor":23.0,"turns":6.0},{"damage":16.0,"enemies":"Cultist and Chosen","floor":24.0,"turns":8.0},{"damage":0.0,"enemies":"Book of Stabbing","floor":25.0,"turns":11.0},{"damage":83.0,"enemies":"Slavers","floor":27.0,"turns":7.0},{"damage":19,"enemies":"Book of Stabbing","floor":29,"turns":8},{"damage":0,"enemies":"Chosen and Byrds","floor":31,"turns":8},{"damage":71,"enemies":"Automaton","floor":33,"turns":9},{"damage":0,"enemies":"3 Shapes","floor":35,"turns":4},{"damage":1,"enemies":"Orb Walker","floor":36,"turns":3},{"damage":0,"enemies":"Nemesis","floor":41,"turns":3},{"damage":0,"enemies":"Jaw Worm Horde","floor":44,"turns":2},{"damage":4,"enemies":"4 Shapes","floor":46,"turns":4},{"damage":12,"enemies":"3 Darklings","floor":47,"turns":3},{"damage":36,"enemies":"Awakened One","floor":50,"turns":10},{"damage":107,"enemies":"Shield and Spear","floor":54,"turns":3}],"seed_played":"-7498422978104377724","potions_obtained":[{"floor":3.0,"key":"EntropicBrew"},{"floor":3.0,"key":"PowerPotion"},{"floor":10.0,"key":"FearPotion"},{"floor":19.0,"key":"EssenceOfSteel"},{"floor":24.0,"key":"Dexterity Potion"},{"floor":27.0,"key":"PowerPotion"},{"floor":31,"key":"SteroidPotion"}],"is_trial":false,"path_per_floor":["M","M","?","$","M","R","M","R","T","M","T","E","M","M","R","B",null,"M","M","?","?","M","E","M","E","T","E","$","E","R","M","R","B",null,"M","M","$","?","?","R","E","R","T","M","R","M","M","T","R","B",null,"R","$","E"],"character_chosen":"IRONCLAD","items_purchased":["Molten Egg 2","Vajra","Thunderclap+1"],"campfire_rested":2,"item_purchase_floors":[28,37,53],"current_hp_per_floor":[69,74,74,74,73,73,36,60,60,56,56,49,37,43,43,60,77,70,74,74,74,57,27,36,73,80,24,24,24,50,77,77,36,76,89,89,89,89,89,89,89,89,89,89,89,89,89,89,89,59,82,82,82,0],"gold":41,"neow_bonus":"TEN_PERCENT_HP_BONUS","is_prod":false,"is_daily":false,"chose_seed":false,"campfire_upgraded":7,"win_rate":0,"timestamp":1549194662,"path_taken":["M","M","?","$","M","R","?","R","T","?","?","E","M","M","R","BOSS","M","M","?","?","?","E","M","E","T","E","?","E","R","M","R","BOSS","M","M","$","?","?","R","E","R","T","M","R","?","M","?","R","BOSS","R","$","E"],"build_version":"2019-01-23","purchased_purges":2,"victory":false,"max_hp_per_floor":[82,82,82,82,82,82,82,82,82,82,82,82,82,82,82,82,82,82,82,82,82,82,82,82,82,89,89,89,89,89,89,89,89,89,89,89,89,89,89,89,89,89,89,89,89,89,89,89,89,89,89,89,89,89],"card_choices":[{"not_picked":["Iron Wave","Combust"],"picked":"Shrug It Off","floor":1.0},{"not_picked":["Clothesline","Second Wind"],"picked":"Spot Weakness","floor":2.0},{"not_picked":["Headbutt","Ghostly Armor"],"picked":"Clothesline","floor":5.0},{"not_picked":["Iron Wave","Body Slam"],"picked":"Twin Strike","floor":7.0},{"not_picked":["Iron Wave","Fire Breathing"],"picked":"Sword Boomerang","floor":10.0},{"not_picked":["Dark Embrace","Headbutt"],"picked":"Whirlwind","floor":12.0},{"not_picked":["Perfected Strike","Headbutt"],"picked":"Disarm","floor":13.0},{"not_picked":["Rampage","Pummel"],"picked":"Reaper","floor":14.0},{"not_picked":["Immolate","Brutality"],"picked":"Limit Break","floor":16.0},{"not_picked":["Perfected Strike","Twin Strike"],"picked":"Shrug It Off","floor":18.0},{"not_picked":["Pommel Strike","Corruption"],"picked":"Whirlwind+1","floor":19.0},{"not_picked":["Uppercut+1","Fire Breathing","Twin Strike"],"picked":"SKIP","floor":22.0},{"not_picked":["Feed","Iron Wave"],"picked":"Disarm+1","floor":23.0},{"not_picked":["Anger","Combust"],"picked":"Feel No Pain+1","floor":24.0},{"not_picked":["Blood for Blood","Body Slam"],"picked":"Impervious","floor":25.0},{"not_picked":["Clash+1","Hemokinesis","Dropkick"],"picked":"SKIP","floor":27.0},{"not_picked":["Pommel Strike+1","Blood for Blood+1"],"picked":"Headbutt+1","floor":29},{"not_picked":["Wild Strike+1","Warcry+1"],"picked":"Shockwave","floor":31},{"not_picked":["Bludgeon+1","Limit Break"],"picked":"Exhume","floor":33},{"not_picked":["Twin Strike+1","Sword Boomerang+1"],"picked":"Warcry","floor":35},{"not_picked":["Anger+1","Dark Embrace","Armaments"],"picked":"SKIP","floor":36},{"not_picked":["Twin Strike+1","Iron Wave+1"],"picked":"Pummel+1","floor":41},{"not_picked":["Combust","Iron Wave+1","Power Through"],"picked":"SKIP","floor":44},{"not_picked":["Clothesline+1","Perfected Strike+1"],"picked":"Heavy Blade+1","floor":46},{"not_picked":["Heavy Blade+1","Twin Strike+1"],"picked":"Pommel Strike+1","floor":47}],"player_experience":864307,"relics_obtained":[{"floor":9.0,"key":"Ornamental Fan"},{"floor":11.0,"key":"Thread and Needle"},{"floor":12.0,"key":"Lantern"},{"floor":23.0,"key":"Kunai"},{"floor":25.0,"key":"Darkstone Periapt"},{"floor":26.0,"key":"Strawberry"},{"floor":27.0,"key":"Turnip"},{"floor":29,"key":"Bottled Lightning"},{"floor":41,"key":"Regal Pillow"},{"floor":48,"key":"Omamori"}],"event_choices":[{"damage_healed":0.0,"max_hp_gain":0.0,"max_hp_loss":0.0,"gold_gain":0.0,"event_name":"Lab","player_choice":"Got Potions","floor":3.0,"gold_loss":0.0,"damage_taken":0.0},{"damage_healed":0.0,"max_hp_gain":0.0,"max_hp_loss":0.0,"gold_gain":0.0,"event_name":"The Mausoleum","player_choice":"Ignored","floor":20.0,"gold_loss":0.0,"damage_taken":0.0},{"damage_healed":0.0,"max_hp_gain":0.0,"max_hp_loss":0.0,"gold_gain":0.0,"event_name":"Accursed Blacksmith","player_choice":"Forge","floor":21.0,"gold_loss":0.0,"damage_taken":0.0,"cards_upgraded":["Limit Break"]},{"damage_healed":0,"gold_gain":0,"player_choice":"Paid","damage_taken":0,"relics_obtained":["Red Mask"],"max_hp_gain":0,"max_hp_loss":0,"event_name":"Tomb of Lord Red Mask","floor":38,"gold_loss":11},{"damage_healed":0,"gold_gain":0,"cards_transformed":["Strike_R"],"player_choice":"Transformed","damage_taken":0,"max_hp_gain":0,"max_hp_loss":0,"event_name":"Transmorgrifier","floor":39,"gold_loss":0,"cards_obtained":["Burning Pact"]}],"is_beta":false,"boss_relics":[{"not_picked":["Black Blood","Cursed Key"],"picked":"Velvet Choker"},{"not_picked":["Orrery","Snecko Eye"],"picked":"Sozu"}],"items_purged_floors":[4,28],"is_endless":false,"potions_floor_spawned":[5,10,19,24,27,31,35,41],"killed_by":"Shield and Spear","ascension_level":18}