{"gold_per_floor":[19,36,311,33,45,45,45,62,62,62,72,49,61,78,78,183,183,203,203,203,302,318,318,318,335,361,361,389,309,320,55,55,159,159,176,56,156,169,187,187,21,38,38,38,68,87,87,101,101,101],"floor_reached":51,"playtime":2375,"items_purged":["Regret","Strike_B","Defend_B","Defend_B"],"score":839,"play_id":"02319a49-225c-4997-85ae-29d05c80a88e","local_time":"20190603071929","is_ascension_mode":false,"campfire_choices":[{"data":"Defragment","floor":7,"key":"SMITH"},{"data":"Defragment","floor":10,"key":"SMITH"},{"data":"Zap","floor":15,"key":"SMITH"},{"data":"Dualcast","floor":23,"key":"SMITH"},{"data":"Static Discharge","floor":27,"key":"SMITH"},{"data":"White Noise","floor":32,"key":"SMITH"},{"data":"Creative AI","floor":40,"key":"SMITH"},{"data":"Reboot","floor":44,"key":"SMITH"},{"data":"Reboot","floor":47,"key":"SMITH"},{"data":"Heatsinks","floor":49,"key":"SMITH"}],"neow_cost":"NO_GOLD","seed_source_timestamp":259247569030931,"circlet_count":0,"master_deck":["Defend_B","Zap+1","Dualcast+1","Defragment+1","Ball Lightning","Defragment+1","Glacier","Reboot+1","Coolheaded","White Noise+1","Conserve Battery","Cold Snap","Electrodynamics","Static Discharge+1","Beam Cell","Core Surge","Turbo+1","Cold Snap","Heatsinks+1","White Noise","Reboot+1","Static Discharge+1","Cold Snap","Coolheaded+1","Creative AI+1","Go for the Eyes+1","Storm+1","Chill+1"],"relics":["Cracked Core","DollysMirror","Dream Catcher","Philosopher\u0027s Stone","Enchiridion","Lantern","The Courier","Runic Capacitor","Coffee Dripper","Du-Vu Doll","ClockworkSouvenir","Bottled Flame","Omamori"],"potions_floor_usage":[37,45,50],"damage_taken":[{"damage":2,"enemies":"2 Louse","floor":1,"turns":2},{"damage":1,"enemies":"Cultist","floor":2,"turns":4},{"damage":3,"enemies":"Jaw Worm","floor":5,"turns":3},{"damage":0,"enemies":"Exordium Thugs","floor":8,"turns":4},{"damage":2,"enemies":"Exordium Wildlife","floor":11,"turns":4},{"damage":12,"enemies":"3 Louse","floor":13,"turns":3},{"damage":0,"enemies":"Looter","floor":14,"turns":3},{"damage":0,"enemies":"Slime Boss","floor":16,"turns":7},{"damage":3,"enemies":"Chosen","floor":18,"turns":5},{"damage":0,"enemies":"Spheric Guardian","floor":22,"turns":4},{"damage":1,"enemies":"Cultist and Chosen","floor":25,"turns":6},{"damage":6,"enemies":"Book of Stabbing","floor":28,"turns":6},{"damage":4,"enemies":"Snecko","floor":30,"turns":3},{"damage":0,"enemies":"Automaton","floor":33,"turns":11},{"damage":2,"enemies":"Orb Walker","floor":35,"turns":3},{"damage":16,"enemies":"Mind Bloom Boss Battle","floor":37,"turns":4},{"damage":15,"enemies":"3 Shapes","floor":38,"turns":3},{"damage":1,"enemies":"Maw","floor":39,"turns":4},{"damage":12,"enemies":"4 Shapes","floor":42,"turns":3},{"damage":0,"enemies":"Giant Head","floor":45,"turns":7},{"damage":11,"enemies":"Sphere and 2 Shapes","floor":46,"turns":3},{"damage":0,"enemies":"Maw","floor":48,"turns":5},{"damage":25,"enemies":"Time Eater","floor":50,"turns":9}],"seed_played":"-1196677097635492938","potions_obtained":[{"floor":1,"key":"PowerPotion"},{"floor":8,"key":"Fire Potion"},{"floor":13,"key":"Ancient Potion"},{"floor":38,"key":"SteroidPotion"},{"floor":42,"key":"Regen Potion"},{"floor":45,"key":"FairyPotion"}],"is_trial":false,"path_per_floor":["M","M","?","$","M","?","R","M","T","R","M","$","M","M","R","B",null,"M","?","?","?","M","R","?","M","T","R","E","$","M","$","R","B",null,"M","$","?","M","M","R","$","M","T","R","E","M","R","M","R","B",null],"character_chosen":"DEFECT","items_purchased":["DollysMirror","Conserve Battery","Runic Capacitor","ClockworkSouvenir"],"campfire_rested":0,"item_purchase_floors":[4,12,31,41],"current_hp_per_floor":[73,72,72,72,69,69,69,69,69,69,67,67,55,55,55,55,75,72,56,56,56,56,56,56,55,55,55,49,49,45,45,45,45,75,73,73,57,42,41,41,41,29,29,29,44,33,33,33,33,8],"gold":101,"neow_bonus":"REMOVE_TWO","is_prod":false,"is_daily":false,"chose_seed":false,"campfire_upgraded":10,"win_rate":0,"timestamp":1559513969,"path_taken":["M","M","?","$","?","?","R","M","T","R","M","?","M","M","R","BOSS","M","?","?","?","M","R","?","M","T","R","E","?","M","$","R","BOSS","M","$","?","M","M","R","$","M","T","R","E","M","R","M","R","BOSS"],"build_version":"2019-01-23","purchased_purges":4,"victory":true,"max_hp_per_floor":[75,75,75,75,75,75,75,75,75,75,75,75,75,75,75,75,75,75,75,75,75,75,75,75,75,75,75,75,75,75,75,75,75,75,75,75,75,75,75,75,75,75,75,75,75,75,75,75,75,75],"card_choices":[{"not_picked":["Tempest","Lockon"],"picked":"Defragment","floor":1},{"not_picked":["Blizzard","Recycle"],"picked":"Ball Lightning","floor":2},{"not_picked":["Ball Lightning","Steam"],"picked":"Glacier","floor":5},{"not_picked":["Turbo","Static Discharge"],"picked":"Coolheaded","floor":8},{"not_picked":["Barrage","Rip and Tear"],"picked":"White Noise","floor":11},{"not_picked":["Turbo","Beam Cell"],"picked":"Hello World","floor":13},{"not_picked":["Stack","Go for the Eyes"],"picked":"Cold Snap","floor":14},{"not_picked":["Biased Cognition","Buffer"],"picked":"Electrodynamics","floor":16},{"not_picked":["Conserve Battery","Turbo"],"picked":"Static Discharge","floor":18},{"not_picked":["Beam Cell","Hologram"],"picked":"Turbo+1","floor":22},{"not_picked":["Hologram","Compile Driver"],"picked":"Cold Snap","floor":25},{"not_picked":["Scrape","All For One"],"picked":"Heatsinks","floor":28},{"not_picked":["Recycle","Reinforced Body"],"picked":"White Noise","floor":30},{"not_picked":["Electrodynamics","Meteor Strike"],"picked":"Reboot","floor":33},{"not_picked":["Barrage","Redo"],"picked":"Static Discharge+1","floor":35},{"not_picked":["Rebound+1","Fusion+1"],"picked":"Cold Snap","floor":37},{"not_picked":["Compile Driver","Streamline+1"],"picked":"Coolheaded+1","floor":38},{"not_picked":["Turbo","Beam Cell+1"],"picked":"Creative AI","floor":39},{"not_picked":["Beam Cell","Skim"],"picked":"Go for the Eyes+1","floor":42},{"not_picked":["Static Discharge","Redo+1"],"picked":"Storm+1","floor":45},{"not_picked":["Chaos+1","Stack","Compile Driver+1"],"picked":"SKIP","floor":46},{"not_picked":["Go for the Eyes+1","Beam Cell+1"],"picked":"Chill+1","floor":48}],"player_experience":978766,"relics_obtained":[{"floor":9,"key":"Dream Catcher"},{"floor":19,"key":"Enchiridion"},{"floor":26,"key":"Lantern"},{"floor":28,"key":"The Courier"},{"floor":37,"key":"Du-Vu Doll"},{"floor":43,"key":"Bottled Flame"},{"floor":45,"key":"Omamori"}],"event_choices":[{"damage_healed":0,"gold_gain":275,"player_choice":"Desecrate","damage_taken":0,"max_hp_gain":0,"max_hp_loss":0,"event_name":"Golden Shrine","floor":3,"gold_loss":0,"cards_obtained":["Regret"]},{"damage_healed":0,"gold_gain":0,"cards_transformed":["Defend_B"],"player_choice":"Change","damage_taken":0,"max_hp_gain":0,"max_hp_loss":0,"event_name":"Living Wall","floor":6,"gold_loss":0,"cards_obtained":["Reboot"]},{"damage_healed":0,"gold_gain":0,"player_choice":"Obtained Book","damage_taken":16,"max_hp_gain":0,"max_hp_loss":0,"event_name":"Cursed Tome","floor":19,"gold_loss":0},{"damage_healed":0,"gold_gain":0,"cards_transformed":["Strike_B","Hello World"],"player_choice":"Became Test Subject","damage_taken":0,"max_hp_gain":0,"max_hp_loss":0,"event_name":"Drug Dealer","floor":20,"gold_loss":0,"cards_obtained":["Beam Cell","Core Surge"]},{"damage_healed":0,"gold_gain":99,"player_choice":"Stole From Cult","damage_taken":0,"max_hp_gain":0,"max_hp_loss":0,"event_name":"Nest","floor":21,"gold_loss":0},{"damage_healed":0,"gold_gain":0,"player_choice":"Ignored","damage_taken":0,"max_hp_gain":0,"max_hp_loss":0,"event_name":"Ghosts","floor":24,"gold_loss":0},{"damage_healed":0,"gold_gain":0,"player_choice":"Fight","damage_taken":0,"max_hp_gain":0,"max_hp_loss":0,"event_name":"MindBloom","floor":37,"gold_loss":0}],"is_beta":false,"boss_relics":[{"not_picked":["Black Star","Empty Cage"],"picked":"Philosopher\u0027s Stone"},{"not_picked":["FrozenCore","Tiny House"],"picked":"Coffee Dripper"}],"items_purged_floors":[4,29,31,36],"is_endless":false,"potions_floor_spawned":[1,8,13,25,28,30,38,39,42,45],"ascension_level":0}