{"gold_per_floor":[114,125,135,105,125,125,151,151,151,171,171,205,205,221,221,221],"floor_reached":16,"playtime":1924,"items_purged":[],"score":157,"play_id":"d83b7870-7a38-4ac1-b1ee-71d93bcb7d47","local_time":"20190210105922","is_ascension_mode":true,"campfire_choices":[{"data":"Neutralize","floor":6,"key":"SMITH"},{"data":"Caltrops","floor":8,"key":"SMITH"},{"data":"Caltrops","floor":11,"key":"SMITH"},{"floor":15,"key":"REST"}],"neow_cost":"PERCENT_DAMAGE","seed_source_timestamp":70775732871376,"circlet_count":0,"master_deck":["Defend_G","Defend_G","Defend_G","Defend_G","Defend_G","Strike_G","Strike_G","Strike_G","Survivor","Neutralize+1","Caltrops+1","Blur","Leg Sweep","Cloak And Dagger","Caltrops+1","Backflip","Dodge and Roll","Venomology","Cloak And Dagger","Die Die Die","Distraction+1"],"relics":["Ring of the Snake","Pear","Singing Bowl","Toxic Egg 2","FaceOfCleric"],"potions_floor_usage":[10,12,16,16],"damage_taken":[{"damage":1,"enemies":"Cultist","floor":1,"turns":5},{"damage":5,"enemies":"Jaw Worm","floor":2,"turns":11},{"damage":0,"enemies":"Small Slimes","floor":3,"turns":7},{"damage":0,"enemies":"Looter","floor":4,"turns":4},{"damage":0,"enemies":"Red Slaver","floor":5,"turns":5},{"damage":23,"enemies":"3 Sentries","floor":7,"turns":12},{"damage":6,"enemies":"Large Slime","floor":10,"turns":9},{"damage":7,"enemies":"Lagavulin","floor":12,"turns":12},{"damage":0,"enemies":"Lots of Slimes","floor":14,"turns":1},{"damage":45,"enemies":"Slime Boss","floor":16,"turns":17}],"seed_played":"-3594814700279091769","potions_obtained":[{"floor":1,"key":"LiquidBronze"},{"floor":5,"key":"PowerPotion"},{"floor":7,"key":"FearPotion"}],"is_trial":false,"path_per_floor":["M","M","M","M","M","R","E","R","T","M","R","E","?","M","R","B"],"character_chosen":"THE_SILENT","items_purchased":[],"campfire_rested":1,"item_purchase_floors":[],"current_hp_per_floor":[44,39,39,39,39,39,26,26,26,20,20,13,13,14,38,0],"gold":221,"neow_bonus":"TRANSFORM_TWO_CARDS","is_prod":false,"is_daily":false,"chose_seed":false,"campfire_upgraded":3,"win_rate":0,"timestamp":1549763962,"path_taken":["M","M","M","M","M","R","E","R","T","?","R","E","?","M","R","BOSS"],"build_version":"2019-01-23","purchased_purges":0,"victory":false,"max_hp_per_floor":[70,70,70,70,70,70,80,80,80,80,80,80,80,81,81,81],"card_choices":[{"not_picked":["Slice","Backflip"],"picked":"Leg Sweep","floor":1},{"not_picked":["Underhanded Strike","Backstab"],"picked":"Cloak And Dagger","floor":2},{"not_picked":["Outmaneuver","Flying Knee"],"picked":"Caltrops","floor":3},{"not_picked":["Expertise","Sucker Punch"],"picked":"Backflip","floor":4},{"not_picked":["PiercingWail","Deflect"],"picked":"Dodge and Roll","floor":5},{"not_picked":["Backflip","Slice"],"picked":"Venomology","floor":7},{"not_picked":["Quick Slash","Setup"],"picked":"Cloak And Dagger","floor":10},{"not_picked":["Finisher","Bane"],"picked":"Die Die Die","floor":12},{"not_picked":["Outmaneuver+1","Deadly Poison+1"],"picked":"Distraction+1","floor":14}],"player_experience":895331,"relics_obtained":[{"floor":7,"key":"Pear"},{"floor":9,"key":"Singing Bowl"},{"floor":12,"key":"Toxic Egg 2"}],"event_choices":[{"damage_healed":0,"gold_gain":0,"player_choice":"Trade","damage_taken":0,"relics_obtained":["FaceOfCleric"],"max_hp_gain":0,"max_hp_loss":0,"event_name":"FaceTrader","floor":13,"gold_loss":0}],"is_beta":false,"boss_relics":[],"items_purged_floors":[],"is_endless":false,"potions_floor_spawned":[1,5,7],"killed_by":"Slime Boss","ascension_level":8}