{"gold_per_floor":[119,133,208,208,218,218,233,158,158,158,333,333,358,376,376,473,473,490,378,411,411,427,458,458,488,488,488,500,511,66,84,84,186,186,199,199,173,173,191,191,207,225,225,185,203,219,219,219,219,219],"floor_reached":51,"playtime":3922,"items_purged":["Doubt","Doubt"],"score":787,"play_id":"1138317d-9c57-438d-b4c7-f28e44ad5f2c","local_time":"20180928164401","daily_mods":["Draft","Heirloom"],"is_ascension_mode":false,"campfire_choices":[{"data":"Armaments","floor":6,"key":"SMITH"},{"data":"Entrench","floor":10,"key":"SMITH"},{"data":"Armaments","floor":15,"key":"SMITH"},{"data":"Barricade","floor":24,"key":"SMITH"},{"data":"Armaments","floor":27,"key":"SMITH"},{"data":"Limit Break","floor":32,"key":"SMITH"},{"data":"Limit Break","floor":40,"key":"SMITH"},{"data":"Flex","floor":49,"key":"SMITH"}],"neow_cost":"","seed_source_timestamp":5547374567782,"circlet_count":0,"master_deck":["Armaments+1","Iron Wave","Iron Wave","Heavy Blade+1","Flex+1","Armaments+1","Warcry","Armaments+1","Shrug It Off","Shrug It Off","Disarm","Bloodletting","Combust","Inflame","Iron Wave","Iron Wave","Shrug It Off","Entrench+1","Metallicize","Reaper","Metallicize","Barricade+1","Iron Wave","Inflame","Rupture","Necronomicurse","Shrug It Off","Rage+1","Twin Strike+1","Limit Break+1","Exhume","Limit Break+1","Finesse","Metallicize","Madness","Madness","Battle Trance"],"relics":["Burning Blood","Turnip","Letter Opener","Pen Nib","Cursed Key","Red Mask","Necronomicon","Bottled Tornado","Calipers","The Courier","FossilizedHelix","Lizard Tail","Matryoshka"],"potions_floor_usage":[20,29,50,50],"damage_taken":[{"damage":3,"enemies":"Small Slimes","floor":1,"turns":4},{"damage":0,"enemies":"Jaw Worm","floor":2,"turns":4},{"damage":2,"enemies":"2 Louse","floor":5,"turns":2},{"damage":3,"enemies":"Large Slime","floor":7,"turns":7},{"damage":10,"enemies":"Lagavulin","floor":13,"turns":6},{"damage":4,"enemies":"Looter","floor":14,"turns":5},{"damage":32,"enemies":"The Guardian","floor":16,"turns":12},{"damage":3,"enemies":"Chosen","floor":18,"turns":8},{"damage":27,"enemies":"Masked Bandits","floor":20,"turns":7},{"damage":6,"enemies":"Shell Parasite","floor":22,"turns":7},{"damage":12,"enemies":"Book of Stabbing","floor":23,"turns":8},{"damage":33,"enemies":"Slavers","floor":25,"turns":10},{"damage":12,"enemies":"Snake Plant","floor":28,"turns":6},{"damage":9,"enemies":"Sentry and Sphere","floor":29,"turns":8},{"damage":0,"enemies":"Snecko","floor":31,"turns":6},{"damage":0,"enemies":"Champ","floor":33,"turns":10},{"damage":4,"enemies":"3 Shapes","floor":35,"turns":5},{"damage":25,"enemies":"3 Darklings","floor":39,"turns":6},{"damage":21,"enemies":"Jaw Worm Horde","floor":41,"turns":6},{"damage":0,"enemies":"Reptomancer","floor":42,"turns":7},{"damage":0,"enemies":"Spire Growth","floor":45,"turns":9},{"damage":37,"enemies":"3 Darklings","floor":46,"turns":11},{"damage":39,"enemies":"Time Eater","floor":50,"turns":14}],"seed_played":"757853360332588411","potions_obtained":[{"floor":1,"key":"GamblersBrew"},{"floor":5,"key":"Explosive Potion"},{"floor":13,"key":"FearPotion"},{"floor":20,"key":"Strength Potion"},{"floor":25,"key":"Block Potion"},{"floor":28,"key":"Fruit Juice"},{"floor":39,"key":"LiquidBronze"}],"is_trial":true,"path_per_floor":["M","M","?","$","M","R","M","$","T","R","?","?","E","M","R","B",null,"M","$","?","?","M","E","R","E","T","R","M","M","$","M","R","B",null,"M","?","$","?","M","R","M","M","T","?","M","M","$","?","R","B"],"character_chosen":"IRONCLAD","items_purchased":["Metallicize","Inflame","Limit Break","FossilizedHelix","Metallicize"],"campfire_rested":0,"item_purchase_floors":[8,19,30,30,37],"current_hp_per_floor":[80,80,69,69,73,73,76,76,76,76,76,76,72,78,78,52,80,80,80,59,43,43,56,56,53,53,53,68,70,70,76,76,85,85,85,85,85,74,85,85,85,85,85,85,85,85,85,85,85,74],"gold":219,"neow_bonus":"","is_prod":false,"is_daily":false,"chose_seed":false,"campfire_upgraded":8,"win_rate":0,"timestamp":1538120641,"path_taken":["M","M","?","$","M","R","M","$","T","R","?","?","E","M","R","BOSS","M","$","?","?","M","E","R","E","T","R","M","?","$","M","R","BOSS","M","?","$","?","M","R","M","M","T","?","M","M","$","?","R","BOSS"],"build_version":"2018-09-26v2","purchased_purges":2,"victory":true,"max_hp_per_floor":[80,80,80,80,80,80,80,80,80,80,80,80,80,80,80,80,80,80,80,80,80,80,80,80,80,80,80,80,85,85,85,85,85,85,85,85,85,85,85,85,85,85,85,85,85,85,85,85,85,85],"card_choices":[{"not_picked":["Dropkick","Rage"],"picked":"Armaments","floor":0},{"not_picked":["Perfected Strike","Clash"],"picked":"Iron Wave","floor":0},{"not_picked":["True Grit","Anger"],"picked":"Iron Wave","floor":0},{"not_picked":["True Grit","Warcry"],"picked":"Heavy Blade","floor":0},{"not_picked":["Armaments","Uppercut"],"picked":"Flex","floor":0},{"not_picked":["Intimidate","Thunderclap"],"picked":"Armaments","floor":0},{"not_picked":["Wild Strike","Blood for Blood"],"picked":"Warcry","floor":0},{"not_picked":["Anger","Headbutt"],"picked":"Armaments","floor":0},{"not_picked":["Rage","Cleave"],"picked":"Shrug It Off","floor":0},{"not_picked":["Carnage","Headbutt"],"picked":"Shrug It Off","floor":0},{"not_picked":["Thunderclap","True Grit"],"picked":"Disarm","floor":0},{"not_picked":["Anger","Hemokinesis"],"picked":"Bloodletting","floor":0},{"not_picked":["Fire Breathing","Headbutt"],"picked":"Combust","floor":0},{"not_picked":["Anger","Havoc"],"picked":"Inflame","floor":0},{"not_picked":["Anger","Shockwave"],"picked":"Iron Wave","floor":0},{"not_picked":["Perfected Strike","True Grit"],"picked":"Iron Wave","floor":1},{"not_picked":["Second Wind","Sword Boomerang"],"picked":"Shrug It Off","floor":2},{"not_picked":["Carnage","Intimidate"],"picked":"Entrench","floor":5},{"not_picked":["Heavy Blade","Dropkick","Thunderclap"],"picked":"SKIP","floor":7},{"not_picked":["Heavy Blade","Power Through"],"picked":"Reaper","floor":13},{"not_picked":["Clothesline","Infernal Blade"],"picked":"Metallicize","floor":14},{"not_picked":["Exhume","Fiend Fire"],"picked":"Barricade","floor":16},{"not_picked":["Perfected Strike","Corruption+1"],"picked":"Iron Wave","floor":18},{"not_picked":["Wild Strike","Second Wind"],"picked":"Rupture","floor":20},{"not_picked":["Uppercut","Thunderclap","True Grit+1"],"picked":"SKIP","floor":22},{"not_picked":["Anger","Sentinel+1"],"picked":"Shrug It Off","floor":23},{"not_picked":["Second Wind","Iron Wave"],"picked":"Rage+1","floor":25},{"not_picked":["Clothesline","Clash+1","Pommel Strike"],"picked":"SKIP","floor":28},{"not_picked":["Heavy Blade","Shrug It Off"],"picked":"Twin Strike+1","floor":29},{"not_picked":["Headbutt+1","Wild Strike"],"picked":"Exhume","floor":31},{"not_picked":["Fiend Fire","Dark Embrace"],"picked":"Limit Break","floor":33},{"not_picked":["Sword Boomerang+1","Iron Wave","Fire Breathing"],"picked":"SKIP","floor":35},{"not_picked":["Dramatic Entrance","HandOfGreed"],"picked":"Finesse","floor":36},{"not_picked":["Twin Strike+1","Wild Strike+1","Warcry"],"picked":"SKIP","floor":39},{"not_picked":["Clothesline","Sword Boomerang+1","Armaments"],"picked":"SKIP","floor":41},{"not_picked":["Uppercut+1","Ghostly Armor"],"picked":"Battle Trance","floor":42},{"not_picked":["Sword Boomerang","Whirlwind+1","Pommel Strike+1"],"picked":"SKIP","floor":45},{"not_picked":["Bloodletting","Pommel Strike","True Grit+1"],"picked":"SKIP","floor":46}],"player_experience":459248,"relics_obtained":[{"floor":9,"key":"Letter Opener"},{"floor":13,"key":"Pen Nib"},{"floor":20,"key":"Red Mask"},{"floor":21,"key":"Necronomicon"},{"floor":23,"key":"Bottled Tornado"},{"floor":25,"key":"Calipers"},{"floor":26,"key":"The Courier"},{"floor":43,"key":"Matryoshka"}],"event_choices":[{"event_name":"World of Goop","player_choice":"Gather Gold","floor":3,"damage_taken":0},{"event_name":"Liars Game","player_choice":"agreed","floor":11,"damage_taken":0},{"event_name":"Golden Idol","player_choice":"Ignored","floor":12,"damage_taken":0},{"event_name":"Masked Bandits","player_choice":"Fought Bandits","floor":20,"damage_taken":0},{"event_name":"Cursed Tome","player_choice":"Obtained Book","floor":21,"damage_taken":0},{"event_name":"SensoryStone","player_choice":"Memory 1","floor":36,"damage_taken":0},{"event_name":"Winding Halls","player_choice":"Embrace Madness","floor":38,"damage_taken":0},{"event_name":"Designer","player_choice":"Upgrade Card","floor":44,"damage_taken":0},{"event_name":"Purifier","player_choice":"One Purge","floor":48,"damage_taken":0}],"is_beta":true,"boss_relics":[{"not_picked":["Eternal Feather","Runic Dome"],"picked":"Cursed Key"},{"not_picked":["Runic Pyramid","Orrery"],"picked":"Lizard Tail"}],"items_purged_floors":[19,30],"is_endless":false,"potions_floor_spawned":[1,5,13,20,22,23,25,28,39,46],"ascension_level":0}