{"gold_per_floor":[109,126,141,111,125,187,55,55,80,80,5,40,40,40,40,119,119,137,137,137,157,82,82,82],"floor_reached":24,"playtime":923,"items_purged":["Strike_B"],"score":394,"play_id":"a939ecfa-263d-48ff-b2c8-5b77d507ffa8","local_time":"20190320102655","is_ascension_mode":true,"campfire_choices":[{"data":"Darkness","floor":8,"key":"SMITH"},{"data":"Zap","floor":10,"key":"SMITH"},{"data":"Coolheaded","floor":15,"key":"SMITH"},{"floor":23,"key":"REST"}],"neow_cost":"NONE","seed_source_timestamp":439562147220500,"circlet_count":0,"master_deck":["AscendersBane","Strike_B","Strike_B","Defend_B+1","Defend_B+1","Defend_B","Defend_B","Zap+1","Dualcast","Darkness+1","Reinforced Body","Coolheaded+1","Seek","Defragment+1","Coolheaded","Chill","Core Surge","Coolheaded+1"],"relics":["Cracked Core","NeowsBlessing","Tiny Chest","War Paint","Bag of Marbles","Black Star"],"potions_floor_usage":[4,16,21,24],"damage_taken":[{"damage":0,"enemies":"Cultist","floor":1,"turns":1},{"damage":0,"enemies":"Jaw Worm","floor":2,"turns":1},{"damage":0,"enemies":"2 Louse","floor":3,"turns":1},{"damage":6,"enemies":"Blue Slaver","floor":5,"turns":4},{"damage":9,"enemies":"Lagavulin","floor":6,"turns":7},{"damage":21,"enemies":"3 Sentries","floor":12,"turns":8},{"damage":22,"enemies":"Slime Boss","floor":16,"turns":9},{"damage":2,"enemies":"Spheric Guardian","floor":18,"turns":4},{"damage":8,"enemies":"2 Thieves","floor":21,"turns":5},{"damage":54,"enemies":"Gremlin Leader","floor":24,"turns":7}],"seed_played":"-4016062520108194642","potions_obtained":[{"floor":1,"key":"Fruit Juice"},{"floor":4,"key":"SteroidPotion"},{"floor":4,"key":"Block Potion"},{"floor":16,"key":"Explosive Potion"},{"floor":21,"key":"Explosive Potion"}],"is_trial":false,"path_per_floor":["M","M","M","?","M","E","$","R","T","R","?","E","$","?","R","B",null,"M","?","?","M","$","R","E"],"character_chosen":"DEFECT","items_purchased":["Defragment","Coolheaded"],"campfire_rested":1,"item_purchase_floors":[7,7],"current_hp_per_floor":[64,64,64,69,63,54,54,54,54,54,54,33,33,33,33,11,60,58,36,36,28,28,52,0],"gold":82,"neow_bonus":"THREE_ENEMY_KILL","is_prod":false,"is_daily":false,"chose_seed":false,"campfire_upgraded":3,"win_rate":0,"timestamp":1553070415,"path_taken":["M","?","M","?","?","E","?","R","T","R","?","E","?","?","R","BOSS","M","?","?","M","$","R","E"],"build_version":"2019-01-23","purchased_purges":1,"victory":false,"max_hp_per_floor":[71,71,71,76,76,76,76,76,76,76,76,76,76,76,76,76,76,76,81,81,81,81,81,81],"card_choices":[{"not_picked":["Reprogram","Coolheaded"],"picked":"Darkness","floor":1},{"not_picked":["Beam Cell","Gash"],"picked":"Reinforced Body","floor":2},{"not_picked":["Gash","Stack"],"picked":"Coolheaded","floor":3},{"not_picked":["Melter","Sweeping Beam","Beam Cell"],"picked":"SKIP","floor":5},{"not_picked":["Steam","Thunder Strike"],"picked":"Seek","floor":6},{"not_picked":["Hello World","Fusion"],"picked":"Chill","floor":12},{"not_picked":["Machine Learning","Meteor Strike"],"picked":"Core Surge","floor":16},{"not_picked":["Cold Snap","Chaos"],"picked":"Coolheaded","floor":18},{"not_picked":["Force Field","Leap","Recycle"],"picked":"SKIP","floor":21}],"player_experience":932186,"relics_obtained":[{"floor":6,"key":"Tiny Chest"},{"floor":9,"key":"War Paint"},{"floor":12,"key":"Bag of Marbles"}],"event_choices":[{"damage_healed":0,"gold_gain":0,"player_choice":"Bought 2 Potions","damage_taken":0,"max_hp_gain":0,"max_hp_loss":0,"event_name":"The Woman in Blue","floor":4,"gold_loss":0},{"cards_removed":["Strike_B"],"damage_healed":0,"gold_gain":0,"player_choice":"Card Removal","damage_taken":0,"max_hp_gain":0,"max_hp_loss":0,"event_name":"The Cleric","floor":11,"gold_loss":75},{"damage_healed":0,"gold_gain":0,"player_choice":"Grow","damage_taken":0,"max_hp_gain":0,"max_hp_loss":0,"event_name":"Living Wall","floor":14,"gold_loss":0,"cards_upgraded":["Defragment"]},{"damage_healed":0,"gold_gain":0,"player_choice":"Shed Blood","damage_taken":27,"max_hp_gain":5,"max_hp_loss":0,"event_name":"Forgotten Altar","floor":19,"gold_loss":0},{"damage_healed":0,"gold_gain":0,"player_choice":"Upgraded","damage_taken":0,"max_hp_gain":0,"max_hp_loss":0,"event_name":"Upgrade Shrine","floor":20,"gold_loss":0,"cards_upgraded":["Coolheaded"]}],"is_beta":false,"boss_relics":[{"not_picked":["Philosopher\u0027s Stone","Cursed Key"],"picked":"Black Star"}],"items_purged_floors":[22],"is_endless":false,"potions_floor_spawned":[1,6,16,21],"killed_by":"Gremlin Leader","ascension_level":19}