{"gold_per_floor":[114,114,114,114,127,158,168,168,168,168,184,164,164,12,12,12],"floor_reached":16,"playtime":413,"items_purged":[],"score":216,"play_id":"00772f2e-2487-43c4-8322-0fc591c6f621","local_time":"20190630013709","is_ascension_mode":true,"campfire_choices":[{"floor":8,"key":"REST"},{"data":"Barrage","floor":13,"key":"SMITH"},{"data":"Zap","floor":15,"key":"SMITH"}],"neow_cost":"CURSE","seed_source_timestamp":1441742308742700,"circlet_count":0,"master_deck":["AscendersBane","Strike_B+1","Strike_B","Strike_B","Strike_B+1","Defend_B","Defend_B","Defend_B","Defend_B","Zap+1","Dualcast","Go for the Eyes","Capacitor","Barrage+1","Ball Lightning","Leap","Echo Form"],"relics":["Cracked Core","Ice Cream","Bottled Tornado","Letter Opener"],"potions_floor_usage":[10],"damage_taken":[{"damage":1,"enemies":"Small Slimes","floor":1,"turns":3},{"damage":9,"enemies":"Jaw Worm","floor":5,"turns":4},{"damage":50,"enemies":"3 Sentries","floor":6,"turns":9},{"damage":0,"enemies":"Cultist","floor":7,"turns":3},{"damage":8,"enemies":"Gremlin Nob","floor":10,"turns":3},{"damage":12,"enemies":"Lots of Slimes","floor":11,"turns":3},{"damage":7,"enemies":"Hexaghost","floor":16,"turns":4}],"seed_played":"-3700368971406036925","potions_obtained":[{"floor":5,"key":"SmokeBomb"},{"floor":11,"key":"PowerPotion"},{"floor":12,"key":"SteroidPotion"}],"is_trial":false,"path_per_floor":["M","?","?","?","M","E","M","R","T","E","M","?","R","$","R","B"],"character_chosen":"DEFECT","items_purchased":["Echo Form"],"campfire_rested":1,"item_purchase_floors":[14],"current_hp_per_floor":[63,42,42,65,56,6,6,27,27,19,7,7,7,7,7,0],"gold":12,"neow_bonus":"ONE_RARE_RELIC","is_prod":false,"is_daily":false,"chose_seed":false,"campfire_upgraded":2,"win_rate":0,"timestamp":1561847829,"path_taken":["M","?","?","?","M","E","M","R","T","E","M","?","R","$","R","BOSS"],"build_version":"2019-01-23","purchased_purges":0,"victory":false,"max_hp_per_floor":[71,71,71,71,71,71,71,71,71,71,71,71,71,71,71,71],"card_choices":[{"not_picked":["Auto Shields","Steam"],"picked":"Go for the Eyes","floor":1},{"not_picked":["Sweeping Beam","Go for the Eyes"],"picked":"Capacitor","floor":5},{"not_picked":["Capacitor","Streamline"],"picked":"Barrage","floor":6},{"not_picked":["Gash","Reprogram"],"picked":"Ball Lightning","floor":7},{"not_picked":["Turbo","Melter"],"picked":"Leap","floor":11}],"player_experience":1186000,"relics_obtained":[{"floor":6,"key":"Bottled Tornado"},{"floor":9,"key":"Letter Opener"}],"event_choices":[{"damage_healed":0,"gold_gain":0,"player_choice":"Entered Light","damage_taken":21,"max_hp_gain":0,"max_hp_loss":0,"event_name":"Shining Light","floor":2,"gold_loss":0,"cards_upgraded":["Strike_B","Strike_B"]},{"cards_removed":["Doubt"],"damage_healed":0,"gold_gain":0,"player_choice":"Forget","damage_taken":0,"max_hp_gain":0,"max_hp_loss":0,"event_name":"Living Wall","floor":3,"gold_loss":0},{"damage_healed":23,"gold_gain":0,"player_choice":"Banana","damage_taken":0,"max_hp_gain":0,"max_hp_loss":0,"event_name":"Big Fish","floor":4,"gold_loss":0},{"damage_healed":0,"gold_gain":0,"player_choice":"Bought 1 Potion","damage_taken":0,"max_hp_gain":0,"max_hp_loss":0,"event_name":"The Woman in Blue","floor":12,"gold_loss":0}],"is_beta":false,"boss_relics":[],"items_purged_floors":[],"is_endless":false,"potions_floor_spawned":[5,10,11],"killed_by":"Hexaghost","ascension_level":20}