{"gold_per_floor":[111,124,124,80,80,108,123,123,176,176,227,227,11,31,31,126,126,51,51,51,61,78,78,111,111,111,130,130,149,149,181,181,181],"floor_reached":33,"playtime":2745,"items_purged":["Strike_G"],"score":261,"play_id":"92fe4a06-1503-4274-98c9-46c7fac40407","local_time":"20190110135139","is_ascension_mode":false,"campfire_choices":[{"floor":8,"key":"REST"},{"floor":12,"key":"REST"},{"data":"Outmaneuver","floor":15,"key":"SMITH"},{"data":"Poisoned Stab","floor":23,"key":"SMITH"},{"data":"Footwork","floor":25,"key":"SMITH"},{"data":"Blur","floor":30,"key":"SMITH"},{"floor":32,"key":"REST"}],"neow_cost":"NONE","seed_source_timestamp":6834544191251,"circlet_count":0,"master_deck":["Defend_G","Defend_G","Defend_G","Defend_G","Defend_G","Strike_G","Strike_G","Survivor","Neutralize","Crippling Poison","Outmaneuver+1","PiercingWail","Blur+1","Escape Plan","Footwork+1","Outmaneuver","Bullet Time","Terror","Poisoned Stab+1","Tactician","Crippling Poison+1","Poisoned Stab+1","Riddle With Holes+1"],"relics":["Ring of the Snake","Regal Pillow","Letter Opener","Strawberry","Bag of Preparation","Orrery","Bottled Flame","Incense Burner","Red Mask"],"potions_floor_usage":[6,27,27,31],"damage_taken":[{"damage":2,"enemies":"2 Louse","floor":1,"turns":3},{"damage":0,"enemies":"Small Slimes","floor":2,"turns":4},{"damage":45,"enemies":"3 Sentries","floor":6,"turns":16},{"damage":0,"enemies":"Cultist","floor":7,"turns":4},{"damage":0,"enemies":"Blue Slaver","floor":14,"turns":5},{"damage":61,"enemies":"Slime Boss","floor":16,"turns":27},{"damage":11,"enemies":"2 Thieves","floor":18,"turns":5},{"damage":2,"enemies":"Chosen","floor":21,"turns":8},{"damage":7,"enemies":"Centurion and Healer","floor":22,"turns":8},{"damage":1,"enemies":"Book of Stabbing","floor":24,"turns":6},{"damage":3,"enemies":"Snake Plant","floor":27,"turns":5},{"damage":10,"enemies":"Snecko","floor":29,"turns":6},{"damage":5,"enemies":"Masked Bandits","floor":31,"turns":5},{"damage":83,"enemies":"Champ","floor":33,"turns":17}],"seed_played":"-1058017930710002152","potions_obtained":[{"floor":1,"key":"PowerPotion"},{"floor":7,"key":"GamblersBrew"},{"floor":16,"key":"Weak Potion"},{"floor":20,"key":"Energy Potion"},{"floor":20,"key":"EssenceOfSteel"},{"floor":21,"key":"AttackPotion"},{"floor":24,"key":"Fruit Juice"}],"is_trial":false,"path_per_floor":["M","M","?","?","?","E","M","R","T","?","T","R","$","M","R","B",null,"M","?","?","M","M","R","E","R","T","M","?","M","R","?","R","B"],"character_chosen":"THE_SILENT","items_purchased":["Escape Plan","Footwork"],"campfire_rested":3,"item_purchase_floors":[13,13],"current_hp_per_floor":[68,68,61,61,61,16,16,52,59,59,59,77,77,77,77,16,77,66,66,66,64,57,57,56,56,56,58,58,48,48,43,82,0],"gold":181,"neow_bonus":"REMOVE_CARD","is_prod":false,"is_daily":false,"chose_seed":false,"campfire_upgraded":4,"win_rate":0.0,"timestamp":1547146299,"path_taken":["M","M","?","?","?","E","?","R","T","?","?","R","$","M","R","BOSS","M","?","?","M","M","R","E","R","T","?","?","M","R","?","R","BOSS"],"build_version":"2019-01-03v4","purchased_purges":1,"victory":false,"max_hp_per_floor":[70,70,70,70,70,70,70,70,77,77,77,77,77,77,77,77,77,77,77,77,77,77,77,77,77,77,82,82,82,82,82,82,82],"card_choices":[{"not_picked":["Expertise","Deflect"],"picked":"Crippling Poison","floor":1},{"not_picked":["Blade Dance","Caltrops"],"picked":"Outmaneuver","floor":2},{"not_picked":["Endless Agony","Backflip"],"picked":"Blur","floor":6},{"not_picked":["Dagger Spray","Caltrops","Dagger Throw"],"picked":"SKIP","floor":7},{"not_picked":["Quick Slash","Bane"],"picked":"Outmaneuver","floor":14},{"not_picked":["After Image","Corpse Explosion"],"picked":"Bullet Time","floor":16},{"not_picked":["Poisoned Stab","Flying Knee"],"picked":"Terror","floor":17},{"not_picked":["Dodge and Roll","Dagger Throw"],"picked":"Poisoned Stab","floor":17},{"not_picked":["Slice+1","Dodge and Roll"],"picked":"Tactician","floor":18},{"not_picked":["Backflip","Quick Slash"],"picked":"Crippling Poison+1","floor":21},{"not_picked":["PiercingWail","Outmaneuver"],"picked":"Poisoned Stab+1","floor":22},{"not_picked":["Expertise","Masterful Stab","Dagger Spray"],"picked":"SKIP","floor":24},{"not_picked":["Envenom","Flying Knee","Dodge and Roll"],"picked":"SKIP","floor":27},{"not_picked":["Outmaneuver","Masterful Stab","Heel Hook"],"picked":"SKIP","floor":29},{"not_picked":["PiercingWail","Sucker Punch+1"],"picked":"Riddle With Holes+1","floor":31}],"player_experience":34342,"relics_obtained":[{"floor":6,"key":"Letter Opener"},{"floor":9,"key":"Strawberry"},{"floor":11,"key":"Bag of Preparation"},{"floor":24,"key":"Bottled Flame"},{"floor":26,"key":"Incense Burner"},{"floor":31,"key":"Red Mask"}],"event_choices":[{"damage_healed":0,"gold_gain":0,"player_choice":"Success","damage_taken":7,"relics_obtained":["Regal Pillow"],"max_hp_gain":0,"max_hp_loss":0,"event_name":"Scrap Ooze","floor":3,"gold_loss":0},{"damage_healed":0,"gold_gain":0,"player_choice":"Left Gold","damage_taken":0,"max_hp_gain":0,"max_hp_loss":0,"event_name":"World of Goop","floor":4,"gold_loss":44},{"damage_healed":0,"gold_gain":0,"cards_transformed":["Strike_G"],"player_choice":"Transformed","damage_taken":0,"max_hp_gain":0,"max_hp_loss":0,"event_name":"Transmorgrifier","floor":5,"gold_loss":0,"cards_obtained":["PiercingWail"]},{"damage_healed":0,"gold_gain":0,"player_choice":"Ignored","damage_taken":0,"max_hp_gain":0,"max_hp_loss":0,"event_name":"Golden Wing","floor":10,"gold_loss":0},{"damage_healed":0,"gold_gain":0,"player_choice":"Ignored","damage_taken":0,"max_hp_gain":0,"max_hp_loss":0,"event_name":"Beggar","floor":19,"gold_loss":0},{"damage_healed":0,"gold_gain":0,"player_choice":"Got Potions","damage_taken":0,"max_hp_gain":0,"max_hp_loss":0,"event_name":"Lab","floor":20,"gold_loss":0},{"damage_healed":0,"gold_gain":0,"player_choice":"Ignored","damage_taken":0,"max_hp_gain":0,"max_hp_loss":0,"event_name":"The Mausoleum","floor":28,"gold_loss":0},{"damage_healed":0,"gold_gain":0,"player_choice":"Fought Bandits","damage_taken":0,"max_hp_gain":0,"max_hp_loss":0,"event_name":"Masked Bandits","floor":31,"gold_loss":0}],"is_beta":false,"boss_relics":[{"not_picked":["Ring of the Serpent","Fusion Hammer"],"picked":"Orrery"}],"items_purged_floors":[13],"is_endless":false,"potions_floor_spawned":[1,7,16,21,22,24],"killed_by":"Champ","ascension_level":0}