{"gold_per_floor":[111,129,129,129,129,163,163,183,183,210,1,1,16,32,32,111,111,123,123,2,2,20,20],"floor_reached":23,"playtime":943,"items_purged":["Bite"],"score":413,"play_id":"5d811365-db15-4746-9cb9-aa36bb63df4e","local_time":"20181022064654","is_ascension_mode":true,"campfire_choices":[{"floor":7,"key":"REST"},{"data":"Deadly Poison","floor":12,"key":"SMITH"},{"floor":15,"key":"REST"}],"neow_cost":"NONE","seed_source_timestamp":380862233657378,"circlet_count":0,"master_deck":["Defend_G","Defend_G","Defend_G","Defend_G","Defend_G","Survivor","Neutralize","AscendersBane","Bouncing Flask+1","Dodge and Roll","Dagger Spray","Accuracy","Deflect","Deadly Poison+1","PiercingWail","Escape Plan","Infinite Blades+1","Malaise","Backflip","Bite","Bite","Bite","Bite"],"relics":["Ring of the Serpent","Frozen Egg 2","Du-Vu Doll","Membership Card","Potion Belt","Nloth\u0027s Gift"],"potions_floor_usage":[6,16,22],"damage_taken":[{"damage":5,"enemies":"Cultist","floor":1,"turns":5},{"damage":5,"enemies":"Jaw Worm","floor":2,"turns":3},{"damage":36,"enemies":"3 Sentries","floor":6,"turns":11},{"damage":4,"enemies":"Small Slimes","floor":8,"turns":4},{"damage":12,"enemies":"Lagavulin","floor":10,"turns":5},{"damage":0,"enemies":"3 Louse","floor":13,"turns":4},{"damage":9,"enemies":"Red Slaver","floor":14,"turns":4},{"damage":17,"enemies":"The Guardian","floor":16,"turns":8},{"damage":13,"enemies":"Chosen","floor":18,"turns":5},{"damage":10,"enemies":"3 Byrds","floor":22,"turns":6},{"damage":55,"enemies":"Slavers","floor":23,"turns":3}],"seed_played":"2256740829730017945","potions_obtained":[{"floor":2,"key":"SpeedPotion"},{"floor":10,"key":"SpeedPotion"},{"floor":14,"key":"Poison Potion"},{"floor":22,"key":"Fire Potion"}],"is_trial":false,"path_per_floor":["M","M","?","?","?","E","R","M","T","E","$","R","M","M","R","B",null,"M","?","$","?","M"],"character_chosen":"THE_SILENT","items_purchased":["Membership Card","Potion Belt"],"campfire_rested":2,"item_purchase_floors":[11,20],"current_hp_per_floor":[54,49,54,54,54,18,39,35,35,23,23,23,23,14,35,18,58,45,45,45,45,43,0],"gold":20,"neow_bonus":"THREE_CARDS","is_prod":false,"is_daily":false,"chose_seed":false,"campfire_upgraded":1,"win_rate":0,"timestamp":1540205214,"path_taken":["M","?","?","?","?","E","R","?","T","E","$","R","?","M","R","BOSS","M","?","?","?","M","E"],"build_version":"2018-10-18","purchased_purges":1,"victory":false,"max_hp_per_floor":[66,66,71,71,71,71,71,71,71,71,71,71,71,71,71,71,71,71,49,49,49,49,49],"card_choices":[{"not_picked":["Deadly Poison","Dagger Spray"],"picked":"Bouncing Flask","floor":0},{"not_picked":["Blade Dance","Eviscerate"],"picked":"Dodge and Roll","floor":1},{"not_picked":["Expertise","Flying Knee"],"picked":"Dagger Spray","floor":2},{"not_picked":["Eviscerate","Dodge and Roll"],"picked":"Deflect","floor":6},{"not_picked":["Blade Dance","Dagger Throw"],"picked":"Deadly Poison","floor":8},{"not_picked":["Tactician","Setup"],"picked":"PiercingWail","floor":10},{"not_picked":["Dodge and Roll","Dash"],"picked":"Escape Plan","floor":13},{"not_picked":["Eviscerate","Outmaneuver"],"picked":"Infinite Blades+1","floor":14},{"not_picked":["Unload","A Thousand Cuts+1"],"picked":"Malaise","floor":16},{"not_picked":["Deflect","Outmaneuver"],"picked":"Backflip","floor":18},{"not_picked":["Terror","Storm of Steel","Reflex"],"picked":"SKIP","floor":22}],"player_experience":596428,"relics_obtained":[{"floor":6,"key":"Frozen Egg 2"},{"floor":9,"key":"Du-Vu Doll"},{"floor":10,"key":"MawBank"}],"event_choices":[{"damage_healed":0,"gold_gain":0,"player_choice":"Donut","damage_taken":0,"max_hp_gain":5,"max_hp_loss":0,"event_name":"Big Fish","floor":3,"gold_loss":0},{"damage_healed":0,"gold_gain":0,"player_choice":"Forge","damage_taken":0,"max_hp_gain":0,"max_hp_loss":0,"event_name":"Accursed Blacksmith","floor":4,"gold_loss":0,"cards_upgraded":["Bouncing Flask"]},{"damage_healed":0,"gold_gain":0,"cards_transformed":["Strike_G"],"player_choice":"Transformed","damage_taken":0,"max_hp_gain":0,"max_hp_loss":0,"event_name":"Transmorgrifier","floor":5,"gold_loss":0,"cards_obtained":["Accuracy"]},{"damage_healed":0,"gold_gain":0,"player_choice":"Became a vampire","damage_taken":0,"max_hp_gain":0,"max_hp_loss":22,"event_name":"Vampires","floor":19,"gold_loss":0,"cards_obtained":["Bite","Bite","Bite","Bite","Bite"]},{"damage_healed":0,"gold_gain":0,"player_choice":"Traded Relic","damage_taken":0,"relics_obtained":["Nloth\u0027s Gift"],"max_hp_gain":0,"max_hp_loss":0,"event_name":"N\u0027loth","floor":21,"relics_lost":["MawBank"],"gold_loss":0}],"is_beta":false,"boss_relics":[{"not_picked":["Orrery","Philosopher\u0027s Stone"],"picked":"Ring of the Serpent"}],"items_purged_floors":[20],"is_endless":false,"potions_floor_spawned":[2,10,14,22],"killed_by":"Slavers","ascension_level":19}