{"gold_per_floor":[114,43,43,63,78,78,109,121,121,121,137,162,217,217,217,321,321,293,303,303,263,275,275,275],"floor_reached":24,"playtime":1468,"items_purged":[],"score":206,"play_id":"2594e392-b0ed-45e2-86c6-a4fa3cd6dd6d","local_time":"20190213210643","is_ascension_mode":false,"campfire_choices":[{"floor":6,"key":"RECALL"},{"floor":10,"key":"REST"},{"floor":15,"key":"REST"},{"floor":23,"key":"REST"}],"neow_cost":"NONE","seed_source_timestamp":9894424512100,"circlet_count":0,"master_deck":["Strike_B+1","Strike_B+1","Strike_B+1","Strike_B+1","Defend_B+1","Defend_B+1","Defend_B+1","Defend_B+1","Zap","Dualcast","Hello World","Loop","Conserve Battery","Cold Snap","Force Field","Ball Lightning","Echo Form","Self Repair","Decay","Echo Form+1","Shame","Doubt","Shame","Rip and Tear+1","Gash"],"relics":["Cracked Core","NeowsBlessing","Dodecahedron","Juzu Bracelet","Bottled Tornado","Calling Bell","Lantern","Matryoshka","Calipers"],"potions_floor_usage":[13,24],"damage_taken":[{"damage":0,"enemies":"Cultist","floor":1,"turns":1},{"damage":0,"enemies":"2 Louse","floor":4,"turns":1},{"damage":0,"enemies":"Small Slimes","floor":5,"turns":1},{"damage":24,"enemies":"3 Sentries","floor":7,"turns":10},{"damage":11,"enemies":"Red Slaver","floor":8,"turns":4},{"damage":0,"enemies":"Large Slime","floor":11,"turns":4},{"damage":23,"enemies":"Gremlin Nob","floor":12,"turns":5},{"damage":17,"enemies":"Gremlin Nob","floor":13,"turns":4},{"damage":8,"enemies":"Hexaghost","floor":16,"turns":10},{"damage":23,"enemies":"2 Thieves","floor":18,"turns":5},{"damage":48,"enemies":"Chosen","floor":19,"turns":9},{"damage":16,"enemies":"Centurion and Healer","floor":22,"turns":8},{"damage":66,"enemies":"Gremlin Leader","floor":24,"turns":8}],"seed_played":"6217716275350574662","potions_obtained":[{"floor":1,"key":"LiquidBronze"},{"floor":5,"key":"Ancient Potion"},{"floor":8,"key":"Weak Potion"},{"floor":11,"key":"FocusPotion"},{"floor":18,"key":"Regen Potion"}],"is_trial":false,"path_per_floor":["M","$","?","M","M","R","E","M","T","R","M","E","?","?","R","B",null,"M","M","?","?","M","R","E"],"character_chosen":"DEFECT","items_purchased":["Loop"],"campfire_rested":3,"item_purchase_floors":[2],"current_hp_per_floor":[75,75,75,75,75,75,51,40,40,62,62,39,22,22,44,50,75,66,32,32,32,30,52,0],"gold":275,"neow_bonus":"THREE_ENEMY_KILL","is_prod":false,"is_daily":false,"chose_seed":false,"campfire_upgraded":0,"win_rate":0,"timestamp":1550088403,"path_taken":["M","?","?","M","M","R","E","M","T","R","M","E","?","?","R","BOSS","M","M","?","?","M","R","E"],"build_version":"2019-02-06","purchased_purges":0,"victory":false,"max_hp_per_floor":[75,75,75,75,75,75,75,75,75,75,75,75,75,75,75,75,75,75,75,75,75,75,75,75],"card_choices":[{"not_picked":["Coolheaded","Turbo"],"picked":"Hello World","floor":1},{"not_picked":["Coolheaded","Go for the Eyes"],"picked":"Conserve Battery","floor":4},{"not_picked":["Gash","Streamline"],"picked":"Cold Snap","floor":5},{"not_picked":["Storm","Redo"],"picked":"Force Field","floor":7},{"not_picked":["Go for the Eyes","Conserve Battery"],"picked":"Ball Lightning","floor":8},{"not_picked":["Tempest","Go for the Eyes","Skim"],"picked":"SKIP","floor":11},{"not_picked":["Coolheaded","Reboot"],"picked":"Echo Form","floor":12},{"not_picked":["Coolheaded","Reinforced Body"],"picked":"Self Repair","floor":13},{"not_picked":["Seek","Thunder Strike"],"picked":"Echo Form","floor":16},{"not_picked":["Redo","Turbo","Steam"],"picked":"SKIP","floor":18},{"not_picked":["Redo","Turbo","Steam"],"picked":"SKIP","floor":18},{"not_picked":["Cold Snap","Aggregate"],"picked":"Rip and Tear+1","floor":19},{"not_picked":["White Noise","Compile Driver+1"],"picked":"Gash","floor":22}],"player_experience":218629,"relics_obtained":[{"floor":7,"key":"Dodecahedron"},{"floor":12,"key":"Juzu Bracelet"},{"floor":13,"key":"Bottled Tornado"},{"floor":17,"key":"Lantern"},{"floor":17,"key":"Matryoshka"},{"floor":17,"key":"Calipers"}],"event_choices":[{"damage_healed":0,"gold_gain":0,"player_choice":"Ignored","damage_taken":0,"max_hp_gain":0,"max_hp_loss":0,"event_name":"Purifier","floor":3,"gold_loss":0},{"damage_healed":0,"gold_gain":30,"player_choice":"Searched \u00273\u0027 times","damage_taken":0,"max_hp_gain":0,"max_hp_loss":0,"event_name":"Dead Adventurer","floor":13,"gold_loss":0},{"damage_healed":0,"gold_gain":0,"player_choice":"Cursed","damage_taken":0,"max_hp_gain":0,"max_hp_loss":0,"event_name":"Wheel of Change","floor":14,"gold_loss":0,"cards_obtained":["Decay"]},{"damage_healed":0,"gold_gain":0,"player_choice":"Simplicity","damage_taken":0,"max_hp_gain":0,"max_hp_loss":0,"event_name":"Back to Basics","floor":20,"gold_loss":0,"cards_upgraded":["Strike_B","Strike_B","Strike_B","Strike_B","Defend_B","Defend_B","Defend_B","Defend_B"]},{"damage_healed":0,"gold_gain":0,"player_choice":"Upgrade","damage_taken":0,"max_hp_gain":0,"max_hp_loss":0,"event_name":"Designer","floor":21,"gold_loss":40,"cards_upgraded":["Echo Form"]}],"is_beta":true,"boss_relics":[{"not_picked":["Pandora\u0027s Box","Astrolabe"],"picked":"Calling Bell"}],"items_purged_floors":[],"is_endless":false,"potions_floor_spawned":[1,5,8,11,18,19],"killed_by":"Gremlin Leader","ascension_level":0}