{"path_per_floor":["M","M","M","?","$","R","$","M","T","M","?","R","?","M","R","B",null,"M","M","?","$","?","R","M","M","T","M","$","R","$"],"character_chosen":"IRONCLAD","items_purchased":["Shrug It Off","Molten Egg","Ice Cream","Flex","Heavy Blade","Flex"],"gold_per_floor":[116,134,145,145,145,145,91,105,105,123,123,123,123,136,136,257,257,281,305,305,77,77,77,102,115,415,430,52,52,0],"floor_reached":31,"campfire_rested":1,"playtime":2479,"current_hp_per_floor":[80,80,80,80,80,80,80,79,79,80,80,80,80,78,78,63,80,70,41,41,41,67,67,64,17,17,21,21,45,45],"items_purged":["Injury"],"gold":0,"play_id":"7545cd9d-e45a-4ee2-9306-4bcdae2a7cd6","is_prod":false,"is_daily":false,"campfire_rituals":0,"campfire_upgraded":4,"is_hardmode":false,"path_taken":["M","M","M","?","$","R","$","M","T","M","?","R","?","M","R","BOSS","M","M","?","$","?","R","?","?","T","?","$","R","?","E"],"build_version":"2017-12-21-PROD1","purchased_purges":1,"victory":false,"master_deck":["Defend_R","Defend_R","Defend_R","Defend_R","Bash","Metallicize","Spot Weakness","Shrug It Off","Inflame","Inflame","Sword Boomerang","Burning Pact","Feel No Pain","Disarm","Warcry","Twin Strike","Bite_R","Bite_R","Bite_R","Bite_R","Bite_R","Anger","Iron Wave","Sword Boomerang","Flex","Heavy Blade","Flex"],"max_hp_per_floor":[80,80,80,80,80,80,80,80,80,80,80,80,80,80,80,80,80,80,80,80,80,80,80,80,80,80,80,80,80,80],"relics":["Burning Blood","Golden Idol","Astrolabe","Molten Egg","Old Coin","Ice Cream"],"campfire_meditates":0,"card_choices":[{"not_picked":["Dropkick","Twin Strike"],"picked":"Metallicize"},{"not_picked":["Sword Boomerang","True Grit"],"picked":"Spot Weakness"},{"not_picked":["Sever Soul","Twin Strike"],"picked":"Pommel Strike"},{"not_picked":["Rupture","Fire Breathing"],"picked":"Inflame"},{"not_picked":["Feel No Pain","Intimidate"],"picked":"Inflame"},{"not_picked":["Armaments","Cleave"],"picked":"Sword Boomerang"},{"not_picked":["Bludgeon","Juggernaut"],"picked":"Barricade"},{"not_picked":["Burning Pact","Hemokinesis"],"picked":"Warcry"},{"not_picked":["Headbutt","Second Wind"],"picked":"Twin Strike"},{"not_picked":["Dropkick","Disarm"],"picked":"Anger"},{"not_picked":["Body Slam","Whirlwind"],"picked":"Iron Wave"},{"not_picked":["Blood for Blood","Bloodletting"],"picked":"Sword Boomerang"}],"player_experience":4519,"potions_floor_usage":[],"damage_taken":[{"damage":4.0,"enemies":"Looter","floor":1.0,"turns":5.0},{"damage":6.0,"enemies":"Blue Slaver","floor":2.0,"turns":6.0},{"damage":0.0,"enemies":"Cultist","floor":3.0,"turns":4.0},{"damage":7.0,"enemies":"Exordium Wildlife","floor":8.0,"turns":6.0},{"damage":0.0,"enemies":"Large Slime","floor":10.0,"turns":5.0},{"damage":8.0,"enemies":"3 Louse","floor":14.0,"turns":4.0},{"damage":23.0,"enemies":"Slime Boss","floor":16.0,"turns":7.0},{"damage":16.0,"enemies":"Chosen","floor":18.0,"turns":6.0},{"damage":37.0,"enemies":"2 Thieves","floor":19.0,"turns":5.0},{"damage":17,"enemies":"Centurion and Healer","floor":24,"turns":5},{"damage":63,"enemies":"3 Cultists","floor":25,"turns":6},{"damage":8,"enemies":"Snecko","floor":27,"turns":7},{"damage":52,"enemies":"Slavers","floor":31,"turns":4}],"event_choices":[{"event_name":"The Woman in Blue","player_choice":"Bought 0 Potions","floor":4.0,"damage_taken":0.0},{"event_name":"Living Wall","player_choice":"Change","floor":11.0,"damage_taken":0.0},{"event_name":"Golden Idol","player_choice":"Take Wound","floor":13.0,"damage_taken":0.0},{"event_name":"Vampires","player_choice":"Became a vampire (Vial)","floor":20,"damage_taken":0},{"event_name":"The Library","player_choice":"Heal","floor":22,"damage_taken":0}],"boss_relics":[],"potions_floor_spawned":[1,10,16,18,24,27],"seed_played":"2266839139714662823","killed_by":"Slavers","is_trial":false}