{"path_per_floor":["M","M","M","$","?","E","M","M","T","M","R","M","E","M","R","B",null,"M","M","M"],"character_chosen":"THE_SILENT","items_purchased":["Vajra"],"gold_per_floor":[115,129,147,1,1,26,46,62,62,75,75,89,121,138,138,238,238,255,271,290],"floor_reached":21,"campfire_rested":2,"playtime":2279,"current_hp_per_floor":[70,70,70,70,70,37,28,26,26,25,46,43,35,27,48,25,70,65,59,45],"items_purged":[],"gold":290,"score":197,"play_id":"d02b0554-1ab6-400f-af4e-894f93fa5b34","is_prod":false,"is_daily":false,"is_ascension_mode":false,"campfire_upgraded":0,"path_taken":["M","M","M","$","?","E","?","M","T","M","R","M","E","M","R","BOSS","M","M","?","M"],"build_version":"2018-02-15-PROD1","purchased_purges":0,"victory":false,"master_deck":["Defend_G","Defend_G","Defend_G","Defend_G","Defend_G","Strike_G","Strike_G","Strike_G","Strike_G","Survivor","Neutralize","Prepared","Cloak And Dagger","Outmaneuver","Burst","Infinite Blades","Prepared","Blade Dance","Blade Dance","Envenom","Regret","Parasite","Normality","Cloak And Dagger"],"max_hp_per_floor":[70,70,70,70,70,70,70,70,70,70,70,70,70,70,70,70,70,70,70,70],"relics":["Ring of the Snake","Orichalcum","Vajra","Bronze Scales","Tingsha","Bird Faced Urn","Calling Bell","Mummified Hand","The Courier","Tough Bandages"],"card_choices":[{"not_picked":["Quick Slash","Malaise"],"picked":"Prepared"},{"not_picked":["Venomology","PiercingWail"],"picked":"Cloak And Dagger"},{"not_picked":["Acrobatics","Deflect"],"picked":"Outmaneuver"},{"not_picked":["Masterful Stab","Heel Hook"],"picked":"Burst"},{"not_picked":["Underhanded Strike","Cloak And Dagger"],"picked":"Infinite Blades"},{"not_picked":["Choke","Deadly Poison"],"picked":"Prepared"},{"not_picked":["Adrenaline","Deadly Poison"],"picked":"Blade Dance"},{"not_picked":["Slice","Underhanded Strike"],"picked":"Blade Dance"},{"not_picked":["Unload","Grand Finale"],"picked":"Envenom"},{"not_picked":["Flechettes","Dagger Spray"],"picked":"Cloak And Dagger"}],"player_experience":210749,"potions_floor_usage":[13,16,19,20],"damage_taken":[{"damage":0,"enemies":"2 Louse","floor":1,"turns":3},{"damage":0,"enemies":"Cultist","floor":2,"turns":4},{"damage":0,"enemies":"Small Slimes","floor":3,"turns":5},{"damage":33,"enemies":"Lagavulin","floor":6,"turns":11},{"damage":9,"enemies":"2 Fungi Beasts","floor":7,"turns":4},{"damage":2,"enemies":"3 Louse","floor":8,"turns":3},{"damage":1,"enemies":"Blue Slaver","floor":10,"turns":3},{"damage":3,"enemies":"Exordium Wildlife","floor":12,"turns":4},{"damage":8,"enemies":"3 Sentries","floor":13,"turns":6},{"damage":10,"enemies":"Exordium Thugs","floor":14,"turns":4},{"damage":25,"enemies":"Slime Boss","floor":16,"turns":11},{"damage":5,"enemies":"Spheric Guardian","floor":18,"turns":4},{"damage":8,"enemies":"3 Byrds","floor":19,"turns":6},{"damage":18,"enemies":"Centurion and Healer","floor":20,"turns":9},{"damage":58,"enemies":"3 Cultists","floor":21,"turns":7}],"event_choices":[{"event_name":"Purifier","player_choice":"One Purge","floor":5,"damage_taken":0}],"boss_relics":[{"not_picked":["Philosopher\u0027s Stone","Snecko Eye"],"picked":"Calling Bell"}],"potions_floor_spawned":[7,8,10,13,14,16,18,20],"seed_played":"-3849147426169679525","killed_by":"3 Cultists","ascension_level":0,"is_trial":false}