{"gold_per_floor":[118,138,138,156,176,201,201,21,21,21,51,61,61,80,80,175,175,190,290,290,290,300,329,329,379,428,462,480,480,2,17,17,121,121,136,136,55,66,85,85,118,142,142,168,168,179,193,206,206,206,206,206,41,70,70],"floor_reached":55,"playtime":3899,"items_purged":["Zap","Normality"],"score":777,"play_id":"39f2dbed-6f3f-4c81-89af-f34e817ef84c","local_time":"20190131232844","is_ascension_mode":false,"campfire_choices":[{"floor":7.0,"key":"RECALL"},{"floor":15.0,"key":"REST"},{"floor":24.0,"key":"REST"},{"floor":29.0,"key":"REST"},{"floor":32.0,"key":"DIG"},{"data":"Chill","floor":40,"key":"SMITH"},{"floor":45,"key":"REST"},{"floor":49,"key":"REST"},{"data":"Defragment","floor":52,"key":"SMITH"}],"neow_cost":"NONE","seed_source_timestamp":0,"circlet_count":0,"master_deck":["Strike_B","Strike_B","Strike_B","Defend_B","Defend_B","Defend_B","Defend_B","Dualcast","Cold Snap","Defragment+1","Cold Snap","Apotheosis","Chill+1","Cold Snap","Cold Snap","Blizzard+1","Clumsy","Cold Snap","Coolheaded+1","Capacitor","Consume","Normality","Capacitor+1","Glacier","Defragment+1"],"special_seed":0,"relics":["Cracked Core","NeowsBlessing","Kunai","Bottled Tornado","Blue Candle","Cursed Key","Pocketwatch","Dodecahedron","Gremlin Horn","Boot","The Courier","Membership Card","Pantograph","Art of War","Shovel","Juzu Bracelet","Orrery","Lee\u0027s Waffle","Frozen Egg 2","Regal Pillow","Lantern","Potion Belt","Mummified Hand","Bottled Flame"],"potions_floor_usage":[41,50,50],"damage_taken":[{"damage":0.0,"enemies":"2 Louse","floor":1.0,"turns":1.0},{"damage":0.0,"enemies":"Cultist","floor":2.0,"turns":1.0},{"damage":0.0,"enemies":"Jaw Worm","floor":4.0,"turns":1.0},{"damage":11.0,"enemies":"Lots of Slimes","floor":5.0,"turns":5.0},{"damage":18.0,"enemies":"Gremlin Nob","floor":6.0,"turns":5.0},{"damage":16.0,"enemies":"Lagavulin","floor":11.0,"turns":8.0},{"damage":17.0,"enemies":"3 Louse","floor":12.0,"turns":4.0},{"damage":2.0,"enemies":"Looter","floor":14.0,"turns":3.0},{"damage":19.0,"enemies":"The Guardian","floor":16.0,"turns":15.0},{"damage":4.0,"enemies":"Chosen","floor":18.0,"turns":5.0},{"damage":15.0,"enemies":"Colosseum Slavers","floor":19.0,"turns":6.0},{"damage":18.0,"enemies":"Colosseum Nobs","floor":19.0,"turns":6.0},{"damage":0.0,"enemies":"Spheric Guardian","floor":22.0,"turns":4.0},{"damage":17.0,"enemies":"Gremlin Leader","floor":23.0,"turns":7.0},{"damage":32.0,"enemies":"Slavers","floor":27.0,"turns":7.0},{"damage":0.0,"enemies":"Centurion and Healer","floor":28.0,"turns":7.0},{"damage":0.0,"enemies":"Sentry and Sphere","floor":31.0,"turns":4.0},{"damage":17.0,"enemies":"Automaton","floor":33.0,"turns":12.0},{"damage":26.0,"enemies":"3 Darklings","floor":35.0,"turns":7.0},{"damage":14,"enemies":"Orb Walker","floor":38,"turns":5},{"damage":2,"enemies":"3 Darklings","floor":39,"turns":7},{"damage":35,"enemies":"Reptomancer","floor":41,"turns":9},{"damage":18,"enemies":"Nemesis","floor":44,"turns":11},{"damage":20,"enemies":"Spire Growth","floor":46,"turns":7},{"damage":3,"enemies":"Jaw Worm Horde","floor":47,"turns":7},{"damage":0,"enemies":"4 Shapes","floor":48,"turns":5},{"damage":39,"enemies":"Awakened One","floor":50,"turns":20},{"damage":37,"enemies":"Shield and Spear","floor":54,"turns":14},{"damage":100,"enemies":"The Heart","floor":55,"turns":14}],"seed_played":"6336184022564889920","potions_obtained":[{"floor":2.0,"key":"FairyPotion"},{"floor":12.0,"key":"Block Potion"},{"floor":16.0,"key":"PowerPotion"},{"floor":22.0,"key":"Regen Potion"},{"floor":31.0,"key":"Dexterity Potion"},{"floor":33.0,"key":"GamblersBrew"},{"floor":35.0,"key":"Explosive Potion"},{"floor":48,"key":"EssenceOfSteel"}],"is_trial":false,"path_per_floor":["M","M","?","M","M","E","R","$","T","?","E","M","?","M","R","B",null,"M","?","?","?","M","E","R","?","T","E","M","R","$","M","R","B",null,"M","?","$","M","M","R","E","T","T","E","R","M","M","M","R","B",null,"R","$","E","B"],"character_chosen":"DEFECT","items_purchased":["Apotheosis","Membership Card","Pantograph","Art of War","Shovel","Lee\u0027s Waffle","Mummified Hand","Defragment+1"],"campfire_rested":5,"item_purchase_floors":[8,30,30,30,30,37,53,53],"current_hp_per_floor":[75,75,75,75,64,46,46,46,46,46,30,13,6,4,26,7,75,71,38,38,31,31,28,50,50,50,18,18,40,40,40,40,48,75,49,49,82,68,66,66,31,31,31,13,52,32,29,29,68,43,82,82,82,45,0],"gold":70,"neow_bonus":"THREE_ENEMY_KILL","is_prod":false,"is_daily":false,"chose_seed":false,"campfire_upgraded":2,"win_rate":0,"timestamp":1548973724,"path_taken":["M","M","?","M","M","E","R","?","T","?","E","?","?","M","R","BOSS","M","?","?","?","?","E","R","?","T","E","M","R","?","M","R","BOSS","M","?","$","M","M","R","E","?","T","E","R","M","M","M","R","BOSS","R","$","E","BOSS"],"build_version":"2019-01-23","purchased_purges":2,"victory":false,"max_hp_per_floor":[75,75,75,75,75,75,75,75,75,75,75,75,75,75,75,75,75,75,75,75,75,75,75,75,75,75,75,75,75,75,75,75,75,75,75,75,82,82,82,82,82,82,82,82,82,82,82,82,82,82,82,82,82,82,82],"card_choices":[{"not_picked":["Turbo","Steam","Barrage"],"picked":"SKIP","floor":1.0},{"not_picked":["Turbo","Sweeping Beam"],"picked":"Cold Snap","floor":2.0},{"not_picked":["Barrage","Ball Lightning"],"picked":"Defragment","floor":4.0},{"not_picked":["Go for the Eyes","Melter"],"picked":"Cold Snap","floor":5.0},{"not_picked":["Hyperbeam","FTL","Turbo"],"picked":"SKIP","floor":6.0},{"not_picked":["Genetic Algorithm","Fusion"],"picked":"Chill","floor":11.0},{"not_picked":["Beam Cell","Streamline"],"picked":"Cold Snap","floor":12.0},{"not_picked":["BootSequence","Hologram"],"picked":"Cold Snap","floor":14.0},{"not_picked":["Ball Lightning+1","Leap+1"],"picked":"Blizzard+1","floor":18.0},{"not_picked":["Skim","Fusion+1","Beam Cell"],"picked":"SKIP","floor":22.0},{"not_picked":["Redo","Leap+1","Sunder+1"],"picked":"SKIP","floor":23.0},{"not_picked":["Conserve Battery","Biased Cognition"],"picked":"Cold Snap","floor":27.0},{"not_picked":["Gash","Rebound"],"picked":"Coolheaded+1","floor":28.0},{"not_picked":["Coolheaded","Consume","Hologram"],"picked":"SKIP","floor":31.0},{"not_picked":["Steam","Sweeping Beam"],"picked":"Capacitor","floor":34.0},{"not_picked":["Scrape","Fusion"],"picked":"Consume","floor":34.0},{"not_picked":["Scrape","Reprogram","Darkness+1"],"picked":"SKIP","floor":35.0},{"not_picked":["All For One","Barrage+1","Hologram"],"picked":"SKIP","floor":38},{"not_picked":["Gash","Doom and Gloom+1","Hologram"],"picked":"SKIP","floor":39},{"not_picked":["Fission","White Noise+1","Double Energy+1"],"picked":"SKIP","floor":41},{"not_picked":["Compile Driver","Turbo"],"picked":"Capacitor+1","floor":44},{"not_picked":["Darkness","Fusion"],"picked":"Glacier","floor":46},{"not_picked":["Coolheaded","Hologram","Creative AI+1"],"picked":"SKIP","floor":47},{"not_picked":["Blizzard","Heatsinks+1","Compile Driver+1"],"picked":"SKIP","floor":48},{"not_picked":["Heatsinks+1","Turbo+1","Chill"],"picked":"SKIP","floor":54}],"player_experience":168651,"relics_obtained":[{"floor":6.0,"key":"Kunai"},{"floor":11.0,"key":"Bottled Tornado"},{"floor":19.0,"key":"Pocketwatch"},{"floor":19.0,"key":"Dodecahedron"},{"floor":23.0,"key":"Gremlin Horn"},{"floor":26.0,"key":"Boot"},{"floor":27.0,"key":"The Courier"},{"floor":32.0,"key":"Juzu Bracelet"},{"floor":41,"key":"Frozen Egg 2"},{"floor":42,"key":"Regal Pillow"},{"floor":43,"key":"Lantern"},{"floor":44,"key":"Potion Belt"},{"floor":54,"key":"Bottled Flame"}],"event_choices":[{"damage_healed":0.0,"max_hp_gain":0.0,"max_hp_loss":0.0,"gold_gain":0.0,"event_name":"NoteForYourself","player_choice":"Ignored","floor":3.0,"gold_loss":0.0,"damage_taken":0.0},{"damage_healed":0.0,"max_hp_gain":0.0,"max_hp_loss":0.0,"gold_gain":0.0,"event_name":"Match and Keep!","player_choice":"1 cards matched","floor":10.0,"gold_loss":0.0,"damage_taken":0.0,"cards_obtained":["Zap"]},{"damage_healed":0.0,"max_hp_gain":0.0,"max_hp_loss":0.0,"gold_gain":0.0,"event_name":"Scrap Ooze","player_choice":"Success","floor":13.0,"gold_loss":0.0,"damage_taken":7.0,"relics_obtained":["Blue Candle"]},{"damage_healed":0.0,"max_hp_gain":0.0,"max_hp_loss":0.0,"gold_gain":0.0,"event_name":"Colosseum","player_choice":"Fight","floor":19.0,"gold_loss":0.0,"damage_taken":0.0},{"damage_healed":0.0,"max_hp_gain":0.0,"max_hp_loss":0.0,"gold_gain":0.0,"event_name":"Colosseum","player_choice":"Fought Nobs","floor":19.0,"gold_loss":0.0,"damage_taken":0.0},{"cards_removed":["Zap"],"damage_healed":0.0,"max_hp_gain":0.0,"max_hp_loss":0.0,"gold_gain":0.0,"event_name":"Back to Basics","player_choice":"Elegance","floor":20.0,"gold_loss":0.0,"damage_taken":0.0},{"damage_healed":0.0,"max_hp_gain":0.0,"max_hp_loss":0.0,"gold_gain":0.0,"event_name":"Knowing Skull","player_choice":"","floor":21.0,"potions_obtained":[],"gold_loss":0.0,"damage_taken":7.0,"cards_obtained":[]},{"damage_healed":0.0,"max_hp_gain":0.0,"max_hp_loss":0.0,"gold_gain":100.0,"event_name":"The Joust","player_choice":"Bet on Murderer","floor":25.0,"gold_loss":50.0,"damage_taken":0.0},{"cards_removed":["Strike_B"],"damage_healed":0.0,"max_hp_gain":0.0,"max_hp_loss":0.0,"gold_gain":0.0,"event_name":"Falling","player_choice":"Removed Attack","floor":36.0,"gold_loss":0.0,"damage_taken":0.0}],"is_beta":true,"boss_relics":[{"not_picked":["Velvet Choker","Eternal Feather"],"picked":"Cursed Key"},{"not_picked":["White Beast Statue","Coffee Dripper"],"picked":"Orrery"}],"items_purged_floors":[30,53],"is_endless":false,"potions_floor_spawned":[2,12,16,18,22,31,33,35,39,48],"killed_by":"The Heart","ascension_level":0}