{"path_per_floor":["M","?","?","$","M","R","?","M","T","R","M","E","M","M","R"],"character_chosen":"DEFECT","items_purchased":["Meat on the Bone","Capacitor","FTL"],"gold_per_floor":[365,440,440,43,53,53,53,68,91,91,104,143,163,184,184,184],"floor_reached":16,"campfire_rested":1,"playtime":577,"item_purchase_floors":[4,4,4],"current_hp_per_floor":[35,24,17,17,27,49,49,49,49,49,47,28,36,47,47,0],"items_purged":[],"gold":184,"score":102,"play_id":"7342fe64-4c72-47c6-971a-630ce0911490","local_time":"20180602123151","is_prod":false,"is_daily":false,"chose_seed":false,"is_ascension_mode":false,"campfire_upgraded":2,"win_rate":0,"timestamp":1527960711,"campfire_choices":[{"floor":6,"key":"REST"},{"data":"White Noise","floor":10,"key":"SMITH"},{"data":"Capacitor","floor":15,"key":"SMITH"}],"path_taken":["M","?","?","$","M","R","?","?","T","R","M","E","?","M","R","BOSS"],"build_version":"2018-05-31","seed_source_timestamp":1415262025288555,"purchased_purges":0,"victory":false,"master_deck":["Strike_B","Strike_B","Strike_B","Defend_B","Defend_B","Defend_B","Defend_B","Zap","Dualcast","White Noise+1","Capacitor+1","FTL","Redo","Injury","Beam Cell","Sunder","Seek","Compile Driver","Undo"],"max_hp_per_floor":[75,75,75,75,75,75,75,75,75,75,75,75,75,75,75,75],"relics":["Cracked Core","Meat on the Bone","Golden Idol","Potion Belt","Omamori"],"card_choices":[{"not_picked":["Doom and Gloom","Redo"],"picked":"White Noise","floor":1},{"not_picked":["Coolheaded","Scrape"],"picked":"Redo","floor":5},{"not_picked":["Capacitor","Sweeping Beam"],"picked":"Beam Cell","floor":8},{"not_picked":["Glacier","Stack"],"picked":"Sunder","floor":11},{"not_picked":["Coolheaded","Sweeping Beam"],"picked":"Seek","floor":12},{"not_picked":["Go for the Eyes","Gash"],"picked":"Compile Driver","floor":13},{"not_picked":["Turbo","Lockon"],"picked":"Undo","floor":14}],"player_experience":330995,"potions_floor_usage":[16,16,16],"damage_taken":[{"damage":3,"enemies":"Jaw Worm","floor":1,"turns":4},{"damage":2,"enemies":"2 Louse","floor":5,"turns":3},{"damage":0,"enemies":"Small Slimes","floor":8,"turns":3},{"damage":2,"enemies":"3 Louse","floor":11,"turns":3},{"damage":31,"enemies":"Lagavulin","floor":12,"turns":6},{"damage":4,"enemies":"Gremlin Gang","floor":13,"turns":4},{"damage":1,"enemies":"2 Fungi Beasts","floor":14,"turns":3},{"damage":49,"enemies":"Hexaghost","floor":16,"turns":10}],"relics_obtained":[{"floor":9,"key":"Potion Belt"},{"floor":12,"key":"Omamori"}],"event_choices":[{"event_name":"World of Goop","player_choice":"Gather Gold","floor":2,"damage_taken":0},{"event_name":"Golden Wing","player_choice":"Card Removal","floor":3,"damage_taken":0},{"event_name":"Golden Idol","player_choice":"Take Wound","floor":7,"damage_taken":0}],"boss_relics":[],"items_purged_floors":[],"potions_floor_spawned":[1,11,12,13],"seed_played":"-7713636246671727787","killed_by":"Hexaghost","ascension_level":0,"potions_obtained":[{"floor":1,"key":"Weak Potion"},{"floor":11,"key":"EssenceOfSteel"},{"floor":12,"key":"GamblersBrew"},{"floor":13,"key":"Energy Potion"}],"is_trial":false}