{"gold_per_floor":[111,111,124,399,415,7,38,38,108,122,155,167,201,216,216,320,320,349,276,305,317,342,354,378,401,413,425],"floor_reached":27,"playtime":2562,"items_purged":["Regret"],"score":387,"play_id":"495bfe1d-b0eb-4ae1-a19c-913e0087d8ad","local_time":"20190115191043","is_ascension_mode":false,"campfire_choices":[{"data":"Iron Wave","floor":8,"key":"SMITH"},{"data":"Armaments","floor":15,"key":"SMITH"},{"data":"Impervious","floor":23,"key":"SMITH"}],"neow_cost":"NONE","seed_source_timestamp":65095608272300,"circlet_count":0,"master_deck":["Strike_R","Strike_R","Strike_R","Strike_R","Strike_R","Defend_R","Defend_R","Defend_R","Defend_R","Bash","Iron Wave+1","Impervious+1","Body Slam+1","Shrug It Off","Body Slam","Shrug It Off","Battle Trance","Clumsy","Shrug It Off","Armaments+1","True Grit","Juggernaut","Decay","Doubt","Doubt","Shrug It Off","Iron Wave+1","Entrench+1","Shame"],"relics":["Cursed Key","Question Card","Centennial Puzzle","Molten Egg 2","Ornamental Fan","Blue Candle","Calling Bell","MawBank","Mercury Hourglass","Champion Belt","Ancient Tea Set","Potion Belt"],"potions_floor_usage":[14],"damage_taken":[{"damage":6,"enemies":"Jaw Worm","floor":1,"turns":3},{"damage":0,"enemies":"Cultist","floor":3,"turns":3},{"damage":5,"enemies":"Small Slimes","floor":5,"turns":3},{"damage":14,"enemies":"Lagavulin","floor":7,"turns":8},{"damage":0,"enemies":"Red Slaver","floor":10,"turns":2},{"damage":8,"enemies":"Gremlin Nob","floor":11,"turns":4},{"damage":5,"enemies":"2 Fungi Beasts","floor":12,"turns":3},{"damage":0,"enemies":"3 Sentries","floor":13,"turns":9},{"damage":0,"enemies":"Exordium Thugs","floor":14,"turns":3},{"damage":23,"enemies":"Slime Boss","floor":16,"turns":15},{"damage":2,"enemies":"Shell Parasite","floor":18,"turns":5},{"damage":6,"enemies":"Spheric Guardian","floor":20,"turns":4},{"damage":6,"enemies":"Centurion and Healer","floor":22,"turns":6},{"damage":0,"enemies":"Snake Plant","floor":24,"turns":3},{"damage":4,"enemies":"Cultist and Chosen","floor":25,"turns":6},{"damage":71,"enemies":"Book of Stabbing","floor":27,"turns":9}],"seed_played":"-9011800968352240107","potions_obtained":[{"floor":7,"key":"LiquidBronze"},{"floor":10,"key":"Ancient Potion"},{"floor":11,"key":"Regen Potion"},{"floor":14,"key":"Fruit Juice"},{"floor":20,"key":"Poison Potion"}],"is_trial":false,"path_per_floor":["M","?","M","?","M","$","E","R","T","M","E","M","E","M","R","B",null,"M","?","M","?","M","R","M","M","T","E"],"character_chosen":"IRONCLAD","items_purchased":["Body Slam","Shrug It Off","Question Card"],"campfire_rested":0,"item_purchase_floors":[6,6,6],"current_hp_per_floor":[74,74,74,74,69,69,55,55,55,55,47,42,42,47,47,24,85,83,83,77,77,71,71,71,67,67,0],"gold":425,"neow_bonus":"BOSS_RELIC","is_prod":false,"is_daily":false,"chose_seed":false,"campfire_upgraded":3,"win_rate":0,"timestamp":1547575843,"path_taken":["M","?","?","?","M","$","E","R","T","M","E","M","E","?","R","BOSS","M","?","M","?","M","R","M","?","T","E"],"build_version":"2019-01-14v2","purchased_purges":1,"victory":false,"max_hp_per_floor":[80,80,80,80,80,80,80,80,80,80,80,80,80,85,85,85,85,85,85,85,85,85,85,85,85,85,85],"card_choices":[{"not_picked":["Wild Strike","True Grit"],"picked":"Iron Wave","floor":1},{"not_picked":["Ghostly Armor","Reckless Charge"],"picked":"Body Slam","floor":3},{"not_picked":["Sword Boomerang","Rage"],"picked":"Shrug It Off","floor":5},{"not_picked":["Seeing Red","Disarm","Rupture"],"picked":"Battle Trance","floor":7},{"not_picked":["True Grit","Thunderclap+1","Perfected Strike+1","Clothesline+1"],"picked":"SKIP","floor":10},{"not_picked":["Flex","Feed+1","Clash+1","Anger+1"],"picked":"SKIP","floor":11},{"not_picked":["Cleave+1","Perfected Strike+1","Flame Barrier"],"picked":"Shrug It Off","floor":12},{"not_picked":["Rampage+1","Body Slam+1","Anger+1"],"picked":"Armaments","floor":13},{"not_picked":["Heavy Blade+1","Offering","Carnage+1"],"picked":"True Grit","floor":14},{"not_picked":["Fiend Fire+1","Brutality","Bludgeon+1"],"picked":"Juggernaut","floor":16},{"not_picked":["Dropkick+1","Twin Strike+1","Clash+1"],"picked":"Shrug It Off","floor":18},{"not_picked":["Dropkick+1","Heavy Blade+1","Inflame","Thunderclap+1"],"picked":"SKIP","floor":20},{"not_picked":["Thunderclap+1","Wild Strike+1","Rupture"],"picked":"Iron Wave+1","floor":22},{"not_picked":["Headbutt+1","Twin Strike+1","Bludgeon+1","Iron Wave+1"],"picked":"SKIP","floor":24},{"not_picked":["Hemokinesis+1","Iron Wave+1","Clothesline+1"],"picked":"Entrench+1","floor":25}],"player_experience":107175,"relics_obtained":[{"floor":7,"key":"Centennial Puzzle"},{"floor":9,"key":"Molten Egg 2"},{"floor":11,"key":"Ornamental Fan"},{"floor":13,"key":"Blue Candle"},{"floor":17,"key":"MawBank"},{"floor":17,"key":"Mercury Hourglass"},{"floor":17,"key":"Champion Belt"},{"floor":26,"key":"Potion Belt"}],"event_choices":[{"damage_healed":0,"gold_gain":0,"player_choice":"1 cards matched","damage_taken":0,"max_hp_gain":0,"max_hp_loss":0,"event_name":"Match and Keep!","floor":2,"gold_loss":0,"cards_obtained":["Impervious"]},{"damage_healed":0,"gold_gain":275,"player_choice":"Desecrate","damage_taken":0,"max_hp_gain":0,"max_hp_loss":0,"event_name":"Golden Shrine","floor":4,"gold_loss":0,"cards_obtained":["Regret"]},{"damage_healed":0,"gold_gain":0,"player_choice":"Obtained Relic","damage_taken":0,"relics_obtained":["Ancient Tea Set"],"max_hp_gain":0,"max_hp_loss":0,"event_name":"Addict","floor":19,"gold_loss":85},{"damage_healed":0,"gold_gain":0,"player_choice":"Upgraded","damage_taken":0,"max_hp_gain":0,"max_hp_loss":0,"event_name":"Upgrade Shrine","floor":21,"gold_loss":0,"cards_upgraded":["Body Slam"]}],"is_beta":true,"boss_relics":[{"not_picked":["Lizard Tail","Coffee Dripper"],"picked":"Calling Bell"}],"items_purged_floors":[6],"is_endless":false,"potions_floor_spawned":[7,10,11,14,20,22,24,25],"killed_by":"Book of Stabbing","ascension_level":0}