{"gold_per_floor":[111,129,148,73,83,83,94,104,104,104,104,104,137,137,137,209,209,219,237,250,250],"floor_reached":21,"playtime":591,"items_purged":["Strike_B"],"score":348,"play_id":"28231f36-ba01-4d70-9d2f-d588010d962f","local_time":"20181014123615","is_ascension_mode":true,"campfire_choices":[{"data":"Zap","floor":6,"key":"SMITH"},{"data":"Doom and Gloom","floor":12,"key":"SMITH"},{"data":"Beam Cell","floor":15,"key":"SMITH"}],"neow_cost":"","seed_source_timestamp":563244489112220,"circlet_count":0,"master_deck":["Strike_B","Strike_B","Strike_B","Defend_B","Defend_B","Defend_B","Defend_B","Zap+1","Dualcast","AscendersBane","Ball Lightning","Doom and Gloom+1","Steam","Beam Cell+1","Ball Lightning","Cold Snap","Go for the Eyes+1","Reboot","Compile Driver+1","Barrage+1","Hologram"],"relics":["Cracked Core","Shuriken","Molten Egg 2","Meat on the Bone","Sundial","Coffee Dripper"],"potions_floor_usage":[7,13,20],"damage_taken":[{"damage":14,"enemies":"Jaw Worm","floor":1,"turns":4},{"damage":5,"enemies":"2 Louse","floor":2,"turns":3},{"damage":5,"enemies":"Small Slimes","floor":3,"turns":3},{"damage":6,"enemies":"2 Fungi Beasts","floor":5,"turns":2},{"damage":1,"enemies":"Looter","floor":7,"turns":3},{"damage":0,"enemies":"Blue Slaver","floor":8,"turns":2},{"damage":25,"enemies":"Lagavulin","floor":13,"turns":6},{"damage":5,"enemies":"Slime Boss","floor":16,"turns":7},{"damage":23,"enemies":"2 Thieves","floor":18,"turns":3},{"damage":3,"enemies":"Shell Parasite","floor":19,"turns":2},{"damage":26,"enemies":"Snecko","floor":20,"turns":4},{"damage":28,"enemies":"Snake Plant","floor":21,"turns":3}],"seed_played":"-6498799369157949288","potions_obtained":[{"floor":2,"key":"Explosive Potion"},{"floor":5,"key":"Strength Potion"},{"floor":7,"key":"Fruit Juice"},{"floor":16,"key":"SteroidPotion"},{"floor":19,"key":"AttackPotion"}],"is_trial":false,"path_per_floor":["M","M","M","$","M","R","M","M","T","?","?","R","E","T","R","B",null,"M","M","M"],"character_chosen":"DEFECT","items_purchased":[],"campfire_rested":0,"item_purchase_floors":[],"current_hp_per_floor":[50,45,40,40,34,34,38,38,38,33,58,58,33,33,33,40,67,44,41,27,0],"gold":250,"neow_bonus":"","is_prod":false,"is_daily":false,"chose_seed":false,"campfire_upgraded":3,"win_rate":0,"timestamp":1539534975,"path_taken":["M","M","M","$","M","R","M","M","T","?","?","R","E","?","R","BOSS","M","M","M","M"],"build_version":"2018-10-11","purchased_purges":1,"victory":false,"max_hp_per_floor":[71,71,71,71,71,71,76,76,76,76,76,76,76,76,76,76,76,76,76,76,76],"card_choices":[{"not_picked":["Hologram","Turbo"],"picked":"Ball Lightning","floor":1},{"not_picked":["Redo","Cold Snap"],"picked":"Doom and Gloom","floor":2},{"not_picked":["Hologram","Darkness"],"picked":"Steam","floor":3},{"not_picked":["Force Field","Coolheaded"],"picked":"Beam Cell","floor":5},{"not_picked":["Storm","Stack"],"picked":"Ball Lightning","floor":7},{"not_picked":["Chill","Coolheaded"],"picked":"Cold Snap","floor":8},{"not_picked":["Undo","Beam Cell+1"],"picked":"Go for the Eyes+1","floor":13},{"not_picked":["Multi-Cast","Meteor Strike+1"],"picked":"Reboot","floor":16},{"not_picked":["Turbo","Streamline+1"],"picked":"Compile Driver+1","floor":18},{"not_picked":["Conserve Battery","Ball Lightning+1"],"picked":"Barrage+1","floor":19},{"not_picked":["Loop","Leap"],"picked":"Hologram","floor":20}],"player_experience":562952,"relics_obtained":[{"floor":9,"key":"Shuriken"},{"floor":13,"key":"Meat on the Bone"},{"floor":14,"key":"Sundial"}],"event_choices":[{"event_name":"Scrap Ooze","player_choice":"success","floor":10,"damage_taken":5},{"event_name":"Big Fish","player_choice":"Banana","floor":11,"damage_taken":0}],"is_beta":false,"boss_relics":[{"not_picked":["Tiny House","Inserter"],"picked":"Coffee Dripper"}],"items_purged_floors":[4],"is_endless":false,"potions_floor_spawned":[2,5,7,16,19],"killed_by":"Snake Plant","ascension_level":18}