{"gold_per_floor":[116,127,144,244,261,261,280,280,356,371,371,199,232,246,246,246],"floor_reached":16,"playtime":485,"items_purged":[],"score":154,"play_id":"d93e34f1-ede2-43b3-b0e0-8366d262b03d","local_time":"20181217002200","is_ascension_mode":true,"campfire_choices":[{"data":"Zap","floor":6,"key":"SMITH"},{"data":"Dualcast","floor":8,"key":"SMITH"},{"data":"Defragment","floor":11,"key":"SMITH"},{"floor":15,"key":"REST"}],"neow_cost":"NONE","seed_source_timestamp":93476133972247,"circlet_count":0,"master_deck":["AscendersBane","Strike_B","Strike_B","Strike_B","Strike_B","Defend_B","Defend_B","Defend_B","Defend_B","Zap+1","Dualcast+1","BootSequence","Defragment+1","Steam","Redo","Go for the Eyes","HandOfGreed","Consume"],"relics":["Cracked Core","NeowsBlessing","Tiny Chest"],"potions_floor_usage":[16,16],"damage_taken":[{"damage":0,"enemies":"Cultist","floor":1,"turns":1},{"damage":0,"enemies":"Jaw Worm","floor":2,"turns":1},{"damage":0,"enemies":"2 Louse","floor":3,"turns":1},{"damage":11,"enemies":"Looter","floor":5,"turns":3},{"damage":8,"enemies":"Blue Slaver","floor":7,"turns":5},{"damage":15,"enemies":"Exordium Thugs","floor":10,"turns":5},{"damage":9,"enemies":"Gremlin Gang","floor":13,"turns":5},{"damage":9,"enemies":"2 Fungi Beasts","floor":14,"turns":3},{"damage":56,"enemies":"Slime Boss","floor":16,"turns":7}],"seed_played":"6659954165951973322","potions_obtained":[{"floor":2,"key":"Weak Potion"},{"floor":5,"key":"Regen Potion"}],"is_trial":false,"path_per_floor":["M","M","M","?","M","R","M","R","T","M","R","$","M","M","R","B"],"character_chosen":"DEFECT","items_purchased":["HandOfGreed"],"campfire_rested":1,"item_purchase_floors":[12],"current_hp_per_floor":[68,68,68,68,57,57,49,49,49,34,34,34,25,16,38,0],"gold":246,"neow_bonus":"THREE_ENEMY_KILL","is_prod":false,"is_daily":false,"chose_seed":false,"campfire_upgraded":3,"win_rate":0,"timestamp":1544980920,"path_taken":["M","M","?","?","M","R","?","R","T","M","R","$","M","M","R","BOSS"],"build_version":"2018-12-13","purchased_purges":0,"victory":false,"max_hp_per_floor":[75,75,75,75,75,75,75,75,75,75,75,75,75,75,75,75],"card_choices":[{"not_picked":["Ball Lightning","Scrape"],"picked":"BootSequence","floor":1},{"not_picked":["Cold Snap","Sweeping Beam"],"picked":"Defragment","floor":2},{"not_picked":["Fusion","Force Field"],"picked":"Steam","floor":3},{"not_picked":["Sweeping Beam","Barrage","Steam"],"picked":"SKIP","floor":5},{"not_picked":["Gash","Static Discharge"],"picked":"Redo","floor":7},{"not_picked":["Ball Lightning","Beam Cell"],"picked":"Go for the Eyes","floor":10},{"not_picked":["Aggregate","Barrage"],"picked":"Consume","floor":13},{"not_picked":["Force Field","Gash","Rip and Tear"],"picked":"SKIP","floor":14}],"player_experience":239469,"relics_obtained":[{"floor":9,"key":"Tiny Chest"}],"event_choices":[{"damage_healed":0,"gold_gain":100,"player_choice":"Gold","damage_taken":0,"max_hp_gain":0,"max_hp_loss":0,"event_name":"Wheel of Change","floor":4,"gold_loss":0}],"is_beta":false,"boss_relics":[],"items_purged_floors":[],"is_endless":false,"potions_floor_spawned":[2,5,10,14],"killed_by":"Slime Boss","ascension_level":12}