{"gold_per_floor":[116,116,188,243,4,4,45,58,58,92,111,111,124,142,142,238,238,251,201,226,239,154,154,167,167,193,226,64,64,92,102,102,179,179,190,190,239,239,249,278,290,302],"floor_reached":42,"playtime":1732,"items_purged":["Strike_G"],"score":1022,"play_id":"b65cd2a3-178a-4a32-ba33-a3498ef48ece","local_time":"20181020211147","is_ascension_mode":true,"campfire_choices":[{"data":"Neutralize","floor":6,"key":"SMITH"},{"data":"Footwork","floor":12,"key":"SMITH"},{"data":"Crippling Poison","floor":15,"key":"SMITH"},{"data":"After Image","floor":23,"key":"SMITH"},{"floor":25,"key":"REST"},{"data":"Catalyst","floor":32,"key":"SMITH"},{"data":"Die Die Die","floor":41,"key":"SMITH"}],"neow_cost":"NONE","seed_source_timestamp":259165284199526,"circlet_count":0,"master_deck":["Defend_G","Defend_G","Defend_G","Defend_G","Defend_G","Strike_G","Strike_G","Survivor","Neutralize+1","AscendersBane","Dash","Bouncing Flask","Infinite Blades","Footwork+1","Adrenaline","Dodge and Roll","Catalyst+1","Crippling Poison+1","After Image+1","Cloak And Dagger+1","Dagger Spray","Footwork","Well Laid Plans","Tools of the Trade","Backflip","Catalyst+1","Backflip","Mind Blast","Flying Knee+1","Die Die Die+1"],"relics":["Ring of the Snake","NeowsBlessing","Bloody Idol","Ninja Scroll","Omamori","Centennial Puzzle","Meat on the Bone","Happy Flower","Sozu","Torii","Bag of Marbles","Juzu Bracelet","Orichalcum","Empty Cage","The Specimen","MawBank"],"potions_floor_usage":[10,37],"damage_taken":[{"damage":0,"enemies":"Jaw Worm","floor":1,"turns":1},{"damage":0,"enemies":"3 Sentries","floor":7,"turns":1},{"damage":0,"enemies":"2 Louse","floor":8,"turns":1},{"damage":16,"enemies":"Lagavulin","floor":10,"turns":5},{"damage":0,"enemies":"Small Slimes","floor":11,"turns":2},{"damage":0,"enemies":"3 Louse","floor":13,"turns":3},{"damage":0,"enemies":"Looter","floor":14,"turns":3},{"damage":6,"enemies":"Hexaghost","floor":16,"turns":7},{"damage":9,"enemies":"Spheric Guardian","floor":18,"turns":4},{"damage":0,"enemies":"Shell Parasite","floor":20,"turns":4},{"damage":20,"enemies":"Shelled Parasite and Fungi","floor":21,"turns":6},{"damage":20,"enemies":"Cultist and Chosen","floor":24,"turns":7},{"damage":18,"enemies":"Slavers","floor":27,"turns":5},{"damage":3,"enemies":"Book of Stabbing","floor":30,"turns":6},{"damage":1,"enemies":"Snecko","floor":31,"turns":4},{"damage":31,"enemies":"Collector","floor":33,"turns":9},{"damage":1,"enemies":"3 Shapes","floor":35,"turns":4},{"damage":34,"enemies":"2 Orb Walkers","floor":37,"turns":7},{"damage":6,"enemies":"Orb Walker","floor":39,"turns":2},{"damage":33,"enemies":"Giant Head","floor":40,"turns":6},{"damage":33,"enemies":"Spire Growth","floor":42,"turns":4}],"seed_played":"1295040058326189166","potions_obtained":[{"floor":8,"key":"Strength Potion"},{"floor":10,"key":"FearPotion"},{"floor":11,"key":"SmokeBomb"},{"floor":14,"key":"EssenceOfSteel"}],"is_trial":false,"path_per_floor":["M","?","T","?","$","R","E","M","T","E","M","R","M","M","R","B",null,"M","?","M","M","?","R","M","R","T","E","$","?","E","M","R","B",null,"M","?","?","?","M","E","R"],"character_chosen":"THE_SILENT","items_purchased":["Omamori","Bouncing Flask","Well Laid Plans"],"campfire_rested":1,"item_purchase_floors":[5,5,28],"current_hp_per_floor":[59,59,59,59,59,59,59,59,59,43,43,43,43,43,43,37,54,45,45,45,37,37,37,29,47,47,41,41,41,43,47,47,33,53,57,57,40,40,39,23,28,0],"gold":302,"neow_bonus":"THREE_ENEMY_KILL","is_prod":false,"is_daily":false,"chose_seed":false,"campfire_upgraded":6,"win_rate":0,"timestamp":1540084307,"path_taken":["M","?","?","?","$","R","E","M","T","E","M","R","M","M","R","BOSS","M","?","M","M","?","R","M","R","T","E","$","?","E","M","R","BOSS","M","?","?","?","M","E","R","M"],"build_version":"2018-10-18","purchased_purges":1,"victory":false,"max_hp_per_floor":[66,60,60,60,60,60,60,60,60,60,60,60,60,60,60,60,60,60,60,60,60,60,60,60,60,60,60,60,60,60,60,60,60,60,60,60,60,60,60,60,60,60],"card_choices":[{"not_picked":["Poisoned Stab","Skewer"],"picked":"Dash","floor":1},{"not_picked":["Underhanded Strike","Dagger Throw"],"picked":"Infinite Blades","floor":7},{"not_picked":["Crippling Poison","Deflect"],"picked":"Footwork","floor":8},{"not_picked":["Deadly Poison","Venomology"],"picked":"Adrenaline","floor":10},{"not_picked":["Reflex","Dagger Throw"],"picked":"Dodge and Roll","floor":11},{"not_picked":["Dodge and Roll","Deadly Poison"],"picked":"Catalyst","floor":13},{"not_picked":["Concentrate","Deadly Poison"],"picked":"Crippling Poison","floor":14},{"not_picked":["Doppelganger","A Thousand Cuts"],"picked":"After Image","floor":16},{"not_picked":["Tactician+1","Outmaneuver","Blade Dance"],"picked":"SKIP","floor":18},{"not_picked":["Blade Dance","All Out Attack"],"picked":"Cloak And Dagger+1","floor":20},{"not_picked":["Skewer","Escape Plan","Quick Slash"],"picked":"SKIP","floor":21},{"not_picked":["PiercingWail","Flying Knee"],"picked":"Dagger Spray","floor":24},{"not_picked":["Catalyst","Dagger Spray"],"picked":"Footwork","floor":27},{"not_picked":["Finisher","Underhanded Strike","Eviscerate"],"picked":"SKIP","floor":30},{"not_picked":["Finisher","Underhanded Strike","Eviscerate"],"picked":"SKIP","floor":30},{"not_picked":["Poisoned Stab","Blade Dance","Bane"],"picked":"SKIP","floor":31},{"not_picked":["Bullet Time","Phantasmal Killer"],"picked":"Tools of the Trade","floor":33},{"not_picked":["Poisoned Stab","Slice"],"picked":"Backflip","floor":35},{"not_picked":["Terror","Crippling Poison"],"picked":"Backflip","floor":37},{"not_picked":["Purity","Good Instincts"],"picked":"Mind Blast","floor":38},{"not_picked":["Blade Dance","All Out Attack"],"picked":"Flying Knee+1","floor":39},{"not_picked":["Masterful Stab","Slice"],"picked":"Die Die Die","floor":40}],"player_experience":589607,"relics_obtained":[{"floor":3,"key":"Ninja Scroll"},{"floor":7,"key":"Centennial Puzzle"},{"floor":9,"key":"Meat on the Bone"},{"floor":10,"key":"Happy Flower"},{"floor":26,"key":"Bag of Marbles"},{"floor":27,"key":"Juzu Bracelet"},{"floor":30,"key":"Orichalcum"},{"floor":37,"key":"The Specimen"},{"floor":40,"key":"MawBank"}],"event_choices":[{"damage_healed":0,"gold_gain":0,"player_choice":"Lose Max HP","damage_taken":0,"relics_obtained":["Golden Idol"],"max_hp_gain":0,"max_hp_loss":6,"event_name":"Golden Idol","floor":2,"gold_loss":0},{"damage_healed":0,"gold_gain":55,"player_choice":"Gained Gold","damage_taken":0,"max_hp_gain":0,"max_hp_loss":0,"event_name":"Golden Wing","floor":4,"gold_loss":0},{"damage_healed":0,"gold_gain":0,"player_choice":"Bet on Murderer","damage_taken":0,"max_hp_gain":0,"max_hp_loss":0,"event_name":"The Joust","floor":19,"gold_loss":50},{"damage_healed":0,"gold_gain":0,"player_choice":"Obtained Relic","damage_taken":0,"relics_obtained":["Torii"],"max_hp_gain":0,"max_hp_loss":0,"event_name":"Addict","floor":22,"gold_loss":85},{"damage_healed":0,"gold_gain":0,"player_choice":"Gave Idol","damage_taken":0,"relics_obtained":["Bloody Idol"],"max_hp_gain":0,"max_hp_loss":0,"event_name":"Forgotten Altar","floor":29,"relics_lost":["Golden Idol"],"gold_loss":0},{"damage_healed":0,"gold_gain":0,"player_choice":"Copied","damage_taken":0,"max_hp_gain":0,"max_hp_loss":0,"event_name":"Duplicator","floor":36,"gold_loss":0,"cards_obtained":["Catalyst"]},{"damage_healed":0,"gold_gain":0,"player_choice":"Fight","damage_taken":0,"max_hp_gain":0,"max_hp_loss":0,"event_name":"Mysterious Sphere","floor":37,"gold_loss":0},{"damage_healed":0,"gold_gain":0,"player_choice":"Memory 1","damage_taken":0,"max_hp_gain":0,"max_hp_loss":0,"event_name":"SensoryStone","floor":38,"gold_loss":0}],"is_beta":false,"boss_relics":[{"not_picked":["Eternal Feather","Runic Dome"],"picked":"Sozu"},{"not_picked":["White Beast Statue","Busted Crown"],"picked":"Empty Cage"}],"items_purged_floors":[28],"is_endless":false,"potions_floor_spawned":[8,10,11,14,16,18,20,30,31,33,37],"killed_by":"Spire Growth","ascension_level":19}