{"path_per_floor":["M","?","M","M","?","E","R","M","T","R","E","M","M","E","R","B"],"character_chosen":"DEFECT","items_purchased":[],"gold_per_floor":[116,116,126,136,136,179,179,202,202,202,241,259,283,314,314,438,438],"floor_reached":17,"campfire_rested":0,"playtime":897,"item_purchase_floors":[],"current_hp_per_floor":[74,74,75,75,75,56,56,53,53,53,38,45,50,50,50,20,75],"items_purged":[],"gold":438,"score":177,"play_id":"38ad3347-984c-4117-8cd4-1badb7a9276e","local_time":"20180602090014","is_prod":false,"is_daily":false,"chose_seed":false,"is_ascension_mode":false,"campfire_upgraded":3,"win_rate":0.0,"timestamp":1527948014,"campfire_choices":[{"data":"Zap","floor":7,"key":"SMITH"},{"data":"Chill","floor":10,"key":"SMITH"},{"data":"Dualcast","floor":15,"key":"SMITH"}],"path_taken":["M","?","M","M","?","E","R","M","T","R","E","M","M","E","R","BOSS"],"build_version":"2018-05-31","seed_source_timestamp":1402228775374336,"purchased_purges":0,"victory":false,"master_deck":["Strike_B","Strike_B","Strike_B","Defend_B","Defend_B","Defend_B","Defend_B","Zap+1","Dualcast+1","Self Repair","Sweeping Beam","Doom and Gloom","Injury","Chill+1","Beam Cell","White Noise","Conserve Battery","Buffer","Rainbow","Normality","Injury","Decay"],"max_hp_per_floor":[75,75,75,75,75,75,75,75,75,75,75,75,75,75,75,75,75],"relics":["Cracked Core","Golden Idol","Pantograph","Unceasing Top","Calipers","Matryoshka","Calling Bell","Omamori","Question Card","Torii"],"card_choices":[{"not_picked":["Go for the Eyes","Rip and Tear"],"picked":"Self Repair","floor":1},{"not_picked":["Ball Lightning","Compile Driver"],"picked":"Sweeping Beam","floor":3},{"not_picked":["Chill","Gash"],"picked":"Doom and Gloom","floor":4},{"not_picked":["Darkness","Compile Driver","Rip and Tear"],"picked":"SKIP","floor":6},{"not_picked":["Consume","Go for the Eyes"],"picked":"Chill","floor":8},{"not_picked":["Aggregate","Go for the Eyes"],"picked":"Beam Cell","floor":11},{"not_picked":["Storm","Go for the Eyes"],"picked":"White Noise","floor":12},{"not_picked":["Stack","Compile Driver"],"picked":"Conserve Battery","floor":13},{"not_picked":["Coolheaded","Chill"],"picked":"Buffer","floor":14},{"not_picked":["Amplify","Reboot"],"picked":"Rainbow","floor":16}],"player_experience":320332,"potions_floor_usage":[16,16],"damage_taken":[{"damage":1,"enemies":"Jaw Worm","floor":1,"turns":3},{"damage":1,"enemies":"Cultist","floor":3,"turns":4},{"damage":0,"enemies":"Small Slimes","floor":4,"turns":2},{"damage":26,"enemies":"Gremlin Nob","floor":6,"turns":4},{"damage":10,"enemies":"Looter","floor":8,"turns":3},{"damage":22,"enemies":"Lagavulin","floor":11,"turns":6},{"damage":0,"enemies":"Large Slime","floor":12,"turns":6},{"damage":2,"enemies":"Exordium Wildlife","floor":13,"turns":4},{"damage":7,"enemies":"3 Sentries","floor":14,"turns":4},{"damage":62,"enemies":"Hexaghost","floor":16,"turns":12}],"relics_obtained":[{"floor":6,"key":"Pantograph"},{"floor":9,"key":"Unceasing Top"},{"floor":11,"key":"Calipers"},{"floor":14,"key":"Matryoshka"},{"floor":17,"key":"Omamori"},{"floor":17,"key":"Question Card"},{"floor":17,"key":"Torii"}],"event_choices":[{"event_name":"Bonfire Elementals","player_choice":"BASIC","floor":2,"damage_taken":0},{"event_name":"Golden Idol","player_choice":"Take Wound","floor":5,"damage_taken":0}],"boss_relics":[{"not_picked":["Tiny House","Snecko Eye"],"picked":"Calling Bell"}],"items_purged_floors":[],"potions_floor_spawned":[4,6,12,14,16],"seed_played":"-5160333255164979054","ascension_level":0,"potions_obtained":[{"floor":4,"key":"SmokeBomb"},{"floor":6,"key":"Energy Potion"},{"floor":12,"key":"AttackPotion"},{"floor":14,"key":"Block Potion"},{"floor":16,"key":"PowerPotion"}],"is_trial":false}