{"gold_per_floor":[114,114,114,129,144,144,159,174,174,204,54,54,54,69,69,169,169,184,209,224,239,254,254,269,269,269,269,284,299,299,314,314,414,414,429,444,444,444,459,459,116,116,116,116,131,146,161,61,61,61],"floor_reached":51,"playtime":2941,"items_purged":["Pain","Pain"],"score":930,"play_id":"bedcc5ab-27e0-4800-8d73-c4d98996a31c","local_time":"20180728175332","daily_mods":["Brewmaster","Cursed Run","Binary"],"is_ascension_mode":false,"campfire_choices":[{"data":"Defragment","floor":6.0,"key":"SMITH"},{"floor":13.0,"key":"REST"},{"floor":15.0,"key":"REST"},{"data":"Buffer","floor":23.0,"key":"SMITH"},{"floor":30.0,"key":"REST"},{"data":"Sunder","floor":32.0,"key":"SMITH"},{"floor":40,"key":"REST"},{"floor":44,"key":"REST"},{"floor":49,"key":"REST"}],"neow_cost":"","seed_source_timestamp":0,"circlet_count":0,"master_deck":["Strike_B","Strike_B","Strike_B","Defend_B","Defend_B","Defend_B","Defend_B","Zap+1","Dualcast","Venomology","Venomology","Venomology","Venomology","Venomology+1","Defragment+1","Hologram","Ball Lightning","Gash","Sunder+1","Buffer+1","Doom and Gloom","Parasite","All For One","Rebound","Doubt","Tempest+1","Stack+1","Barrage","Regret","Steam","Turbo+1","Fission","Parasite","Rainbow","Turbo+1","Self Repair+1","Beam Cell","Gash","Loop","Beam Cell+1","Hello World+1","Madness","Madness","White Noise","Thunder Strike","Thunder Strike","Go for the Eyes+1","Gash+1","Gash","Pain"],"special_seed":17738,"relics":["Cursed Key","Darkstone Periapt","Du-Vu Doll","White Beast Statue","Bag of Marbles","Kunai","Pen Nib","Philosopher\u0027s Stone","Bronze Scales","Emotion Chip","FaceOfCleric","Orrery","DollysMirror","Gremlin Horn"],"potions_floor_usage":[33,33,33,33,33,33,33,35,35,35,36,36,36,36,36,39,45,46,46,46,47,47,47,47,50,50,50],"damage_taken":[{"damage":0.0,"enemies":"2 Louse","floor":1.0,"turns":2.0},{"damage":0.0,"enemies":"Jaw Worm","floor":4.0,"turns":3.0},{"damage":3.0,"enemies":"Cultist","floor":5.0,"turns":3.0},{"damage":0.0,"enemies":"2 Fungi Beasts","floor":7.0,"turns":2.0},{"damage":30.0,"enemies":"Exordium Thugs","floor":8.0,"turns":5.0},{"damage":11.0,"enemies":"Gremlin Nob","floor":10.0,"turns":4.0},{"damage":8.0,"enemies":"3 Louse","floor":14.0,"turns":3.0},{"damage":5.0,"enemies":"Slime Boss","floor":16.0,"turns":6.0},{"damage":5.0,"enemies":"Chosen","floor":18.0,"turns":4.0},{"damage":5.0,"enemies":"Spheric Guardian","floor":20.0,"turns":3.0},{"damage":10.0,"enemies":"3 Cultists","floor":21.0,"turns":4.0},{"damage":24.0,"enemies":"Centurion and Healer","floor":22.0,"turns":3.0},{"damage":21.0,"enemies":"Sentry and Sphere","floor":24.0,"turns":4.0},{"damage":19.0,"enemies":"Chosen and Byrds","floor":28.0,"turns":3.0},{"damage":0.0,"enemies":"Snake Plant","floor":29.0,"turns":2.0},{"damage":6.0,"enemies":"Cultist and Chosen","floor":31.0,"turns":4.0},{"damage":47,"enemies":"Collector","floor":33,"turns":7},{"damage":20,"enemies":"Orb Walker","floor":35,"turns":3},{"damage":38,"enemies":"3 Darklings","floor":36,"turns":5},{"damage":40,"enemies":"Sphere and 2 Shapes","floor":39,"turns":4},{"damage":28,"enemies":"Spire Growth","floor":45,"turns":3},{"damage":10,"enemies":"4 Shapes","floor":46,"turns":2},{"damage":0,"enemies":"Transient","floor":47,"turns":5},{"damage":82,"enemies":"Time Eater","floor":50,"turns":8}],"seed_played":"5881488433517778230","potions_obtained":[{"floor":1.0,"key":"Ancient Potion"},{"floor":4.0,"key":"GamblersBrew"},{"floor":5.0,"key":"AttackPotion"},{"floor":7.0,"key":"SpeedPotion"},{"floor":8.0,"key":"Strength Potion"},{"floor":10.0,"key":"Block Potion"},{"floor":14.0,"key":"FocusPotion"},{"floor":16.0,"key":"Swift Potion"},{"floor":18.0,"key":"AttackPotion"},{"floor":20.0,"key":"Poison Potion"},{"floor":21.0,"key":"Dexterity Potion"},{"floor":22.0,"key":"Strength Potion"},{"floor":24.0,"key":"Block Potion"},{"floor":28.0,"key":"SpeedPotion"},{"floor":29.0,"key":"Energy Potion"},{"floor":31.0,"key":"Block Potion"},{"floor":33,"key":"Strength Potion"},{"floor":35,"key":"Block Potion"},{"floor":36,"key":"Dexterity Potion"},{"floor":39,"key":"Energy Potion"},{"floor":45,"key":"EssenceOfSteel"},{"floor":46,"key":"Fire Potion"},{"floor":47,"key":"EssenceOfSteel"}],"is_trial":false,"path_per_floor":["M","?","?","M","M","R","M","M","T","E","$","?","R","M","R","B",null,"M","T","M","M","M","R","M","?","T","?","M","M","R","M","R","B",null,"M","M","?","?","M","R","$","?","T","R","M","M","M","$","R","B"],"character_chosen":"DEFECT","items_purchased":["Pen Nib","Thunder Strike","DollysMirror"],"campfire_rested":6,"item_purchase_floors":[11,41,41],"current_hp_per_floor":[75,60,53,53,50,50,50,20,26,15,15,15,39,31,55,56,87,82,88,83,73,49,49,28,59,65,65,47,48,78,73,73,33,109,90,60,46,46,17,50,50,50,56,91,64,55,66,66,102,27],"gold":61,"neow_bonus":"","is_prod":false,"is_daily":true,"chose_seed":false,"campfire_upgraded":3,"win_rate":0,"timestamp":1532775212,"path_taken":["M","?","?","M","?","R","M","M","T","E","$","?","R","M","R","BOSS","M","?","M","M","M","R","?","?","T","?","M","M","R","M","R","BOSS","M","M","?","?","M","R","$","?","T","R","M","M","M","$","R","BOSS"],"build_version":"2018-07-26","purchased_purges":2,"victory":true,"max_hp_per_floor":[75,75,75,75,75,75,75,75,81,81,81,81,81,81,81,87,87,87,93,93,93,93,93,93,93,99,99,100,101,101,102,102,109,109,110,111,111,111,112,112,112,112,118,118,119,120,121,121,121,128],"card_choices":[{"not_picked":["Steam"],"picked":"Defragment","floor":1.0},{"not_picked":["Turbo"],"picked":"Hologram","floor":4.0},{"not_picked":["Capacitor"],"picked":"Ball Lightning","floor":5.0},{"not_picked":["Scrape"],"picked":"Gash","floor":7.0},{"not_picked":["Coolheaded"],"picked":"Sunder","floor":8.0},{"not_picked":["Ball Lightning"],"picked":"Buffer","floor":10.0},{"not_picked":["Conserve Battery"],"picked":"Doom and Gloom","floor":14.0},{"not_picked":["Biased Cognition"],"picked":"All For One","floor":16.0},{"not_picked":["Compile Driver"],"picked":"Rebound","floor":18.0},{"not_picked":["Conserve Battery+1"],"picked":"Tempest+1","floor":20.0},{"not_picked":["Streamline","Undo"],"picked":"SKIP","floor":21.0},{"not_picked":["Ball Lightning"],"picked":"Stack+1","floor":22.0},{"not_picked":["Rainbow"],"picked":"Barrage","floor":24.0},{"not_picked":["Force Field"],"picked":"Steam","floor":28.0},{"not_picked":["Conserve Battery+1"],"picked":"Turbo+1","floor":29.0},{"not_picked":["Storm"],"picked":"Fission","floor":31.0},{"not_picked":["Seek"],"picked":"Rainbow","floor":33},{"not_picked":["Rebound"],"picked":"Turbo+1","floor":34},{"not_picked":["BootSequence"],"picked":"Self Repair","floor":34},{"not_picked":["Rebound"],"picked":"Beam Cell","floor":34},{"not_picked":["Steam"],"picked":"Gash","floor":34},{"not_picked":["Beam Cell"],"picked":"Loop","floor":34},{"not_picked":["Leap"],"picked":"Beam Cell+1","floor":35},{"not_picked":["Cold Snap"],"picked":"Hello World+1","floor":36},{"not_picked":["Darkness"],"picked":"White Noise","floor":39},{"not_picked":["Ball Lightning"],"picked":"Go for the Eyes+1","floor":45},{"not_picked":["BootSequence+1"],"picked":"Gash+1","floor":46},{"not_picked":["Hello World"],"picked":"Gash","floor":47}],"player_experience":40513,"relics_obtained":[{"floor":9.0,"key":"Bag of Marbles"},{"floor":10.0,"key":"Kunai"},{"floor":19.0,"key":"Bronze Scales"},{"floor":26.0,"key":"Emotion Chip"},{"floor":43,"key":"Gremlin Horn"}],"event_choices":[{"event_name":"Shining Light","player_choice":"Entered Light","floor":2.0,"damage_taken":0.0},{"event_name":"Wheel of Change","player_choice":"Damage","floor":3.0,"damage_taken":0.0},{"event_name":"Purifier","player_choice":"One Purge","floor":12.0,"damage_taken":0.0},{"event_name":"The Library","player_choice":"Heal","floor":25.0,"damage_taken":0.0},{"event_name":"FaceTrader","player_choice":"Trade","floor":27.0,"damage_taken":0.0},{"event_name":"Winding Halls","player_choice":"Embrace Madness","floor":37,"damage_taken":0},{"event_name":"Upgrade Shrine","player_choice":"Upgraded","floor":38,"damage_taken":0},{"event_name":"The Woman in Blue","player_choice":"Bought 0 Potions","floor":42,"damage_taken":0}],"is_beta":false,"boss_relics":[{"not_picked":["Sozu","Inserter"],"picked":"Philosopher\u0027s Stone"},{"not_picked":["Astrolabe","Black Star"],"picked":"Orrery"}],"items_purged_floors":[41,48],"is_endless":false,"potions_floor_spawned":[1,4,5,7,8,10,14,16,18,20,21,22,24,28,29,31,33,35,36,39,45,46,47],"ascension_level":0}