{"path_per_floor":["M","$","?","M","M","E","$","R","T","?","M","M","E","M","R","B",null,"M","$","?","M","M"],"character_chosen":"IRONCLAD","items_purchased":["Feed","Whetstone","Armaments"],"gold_per_floor":[109,34,34,49,60,90,16,16,16,46,59,70,97,108,108,210,210,226,23,23,34,47],"floor_reached":23,"campfire_rested":1,"playtime":1020,"current_hp_per_floor":[76,76,76,76,67,45,45,69,69,58,45,27,38,47,47,46,95,86,86,86,60,45],"items_purged":["Clumsy"],"gold":47,"score":269,"play_id":"03b986b6-db06-4e46-ae31-177f40ff5fe9","is_prod":false,"is_daily":false,"is_ascension_mode":true,"campfire_upgraded":1,"path_taken":["M","$","?","M","?","E","?","R","T","?","M","M","E","M","R","BOSS","M","$","?","?","M","E"],"build_version":"2018-02-15-PROD1","purchased_purges":1,"victory":false,"master_deck":["Strike_R","Strike_R","Strike_R","Strike_R","Defend_R","Defend_R","Defend_R","Bash","Flame Barrier","Pommel Strike","Whirlwind","Infernal Blade+1","Feed","Ghostly Armor","Clothesline+1","Fiend Fire+1","Battle Trance","Ghostly Armor","Flex","Berserk","Armaments","Warcry","Flex+1"],"max_hp_per_floor":[80,80,80,80,80,80,80,80,80,83,86,89,92,95,95,95,95,98,98,98,101,104],"relics":["Burning Blood","Ice Cream","Prayer Wheel","Art of War","Odd Mushroom","Pen Nib","Philosopher\u0027s Stone","Whetstone"],"card_choices":[{"not_picked":["Anger","Iron Wave"],"picked":"Flame Barrier"},{"not_picked":["Sword Boomerang","True Grit"],"picked":"Pommel Strike"},{"not_picked":["Wild Strike","Infernal Blade"],"picked":"Whirlwind"},{"not_picked":["Battle Trance","Headbutt"],"picked":"Infernal Blade"},{"not_picked":["Twin Strike","Armaments"],"picked":"Ghostly Armor"},{"not_picked":["Warcry","True Grit"],"picked":"Clothesline"},{"not_picked":["Pummel","Cleave"],"picked":"Fiend Fire"},{"not_picked":["Rampage","Sword Boomerang"],"picked":"Battle Trance"},{"not_picked":["Pommel Strike","Headbutt"],"picked":"Ghostly Armor"},{"not_picked":["Reckless Charge","Infernal Blade"],"picked":"Flex"},{"not_picked":["Immolate","Fiend Fire"],"picked":"Berserk"},{"not_picked":["True Grit","Sword Boomerang"],"picked":"Warcry"},{"not_picked":["Sever Soul","True Grit"],"picked":"Flex"}],"player_experience":122456,"potions_floor_usage":[6,6,13,13,16,23,23,23],"damage_taken":[{"damage":10,"enemies":"2 Louse","floor":1,"turns":3},{"damage":6,"enemies":"Cultist","floor":4,"turns":3},{"damage":15,"enemies":"Small Slimes","floor":5,"turns":4},{"damage":28,"enemies":"Lagavulin","floor":6,"turns":8},{"damage":20,"enemies":"The Mushroom Lair","floor":10,"turns":3},{"damage":22,"enemies":"Red Slaver","floor":11,"turns":7},{"damage":27,"enemies":"Lots of Slimes","floor":12,"turns":4},{"damage":13,"enemies":"3 Sentries","floor":13,"turns":6},{"damage":0,"enemies":"3 Louse","floor":14,"turns":3},{"damage":7,"enemies":"Slime Boss","floor":16,"turns":7},{"damage":18,"enemies":"3 Byrds","floor":18,"turns":4},{"damage":35,"enemies":"2 Thieves","floor":21,"turns":4},{"damage":24,"enemies":"Centurion and Healer","floor":22,"turns":5},{"damage":48,"enemies":"Book of Stabbing","floor":23,"turns":4}],"event_choices":[{"event_name":"Purifier","player_choice":"One Purge","floor":3,"damage_taken":0},{"event_name":"Mushrooms","player_choice":"Fought Mushrooms","floor":10,"damage_taken":0},{"event_name":"Back to Basics","player_choice":"Elegance","floor":20,"damage_taken":0}],"boss_relics":[{"not_picked":["Runic Cube","Sozu"],"picked":"Philosopher\u0027s Stone"}],"potions_floor_spawned":[1,4,6,12,13,16,18,21],"seed_played":"-7489335809645398465","killed_by":"Book of Stabbing","ascension_level":4,"is_trial":false}