{"path_per_floor":["M","?","?","?","?","R","M","R","T","$","M","M","E","M","R","B",null,"M","M","$"],"character_chosen":"IRONCLAD","items_purchased":["Combust"],"gold_per_floor":[112,187,187,187,187,187,206,206,232,119,135,154,183,203,203,280,280,296,307,207,207],"floor_reached":21,"campfire_rested":2,"playtime":602,"current_hp_per_floor":[74,63,58,35,35,57,54,54,54,54,57,53,32,29,51,15,60,45,36,36,0],"items_purged":["Strike_R","Strike_R"],"gold":207,"score":313,"play_id":"d144cb6d-5b45-4892-9b4c-2ffcc4e18f8b","local_time":"20180505084637","is_prod":false,"is_daily":false,"chose_seed":false,"is_ascension_mode":true,"campfire_upgraded":1,"timestamp":1525527997,"path_taken":["M","?","?","?","?","R","M","R","T","?","?","M","E","M","R","BOSS","M","M","$","M"],"build_version":"2018-05-03","seed_source_timestamp":2840757235788144,"purchased_purges":2,"victory":false,"master_deck":["Strike_R","Strike_R","Strike_R+1","Defend_R+1","Defend_R","Defend_R","Defend_R","Bash","AscendersBane","Infernal Blade+1","Combust","True Grit","Spot Weakness","Battle Trance","Combust","Reaper","Ghostly Armor"],"max_hp_per_floor":[75,75,75,75,75,75,75,75,75,75,75,75,75,75,75,75,75,75,75,75,75],"relics":["Burning Blood","Omamori","Dream Catcher","Bag of Marbles","Snecko Eye"],"card_choices":[{"not_picked":["Warcry","Pummel"],"picked":"Infernal Blade","floor":1},{"not_picked":["Clash","Corruption"],"picked":"True Grit","floor":12},{"not_picked":["Power Through","Armaments"],"picked":"Spot Weakness","floor":13},{"not_picked":["Headbutt","True Grit"],"picked":"Battle Trance","floor":14},{"not_picked":["Sword Boomerang","Heavy Blade"],"picked":"Combust","floor":15},{"not_picked":["Exhume","Berserk"],"picked":"Reaper","floor":16},{"not_picked":["Clash","Corruption"],"picked":"Ghostly Armor","floor":18}],"player_experience":314108,"potions_floor_usage":[13,13,16],"damage_taken":[{"damage":0,"enemies":"Small Slimes","floor":1,"turns":3},{"damage":9,"enemies":"2 Louse","floor":7,"turns":2},{"damage":3,"enemies":"Cultist","floor":11,"turns":3},{"damage":10,"enemies":"Blue Slaver","floor":12,"turns":3},{"damage":27,"enemies":"Gremlin Nob","floor":13,"turns":4},{"damage":9,"enemies":"Looter","floor":14,"turns":4},{"damage":42,"enemies":"Hexaghost","floor":16,"turns":8},{"damage":30,"enemies":"3 Byrds","floor":18,"turns":4},{"damage":19,"enemies":"2 Thieves","floor":19,"turns":3},{"damage":87,"enemies":"Slaver and Parasite","floor":21,"turns":6}],"event_choices":[{"event_name":"World of Goop","player_choice":"Gather Gold","floor":2,"damage_taken":0},{"event_name":"Scrap Ooze","player_choice":"success","floor":3,"damage_taken":5},{"event_name":"Shining Light","player_choice":"Entered Light","floor":4,"damage_taken":0},{"event_name":"Liars Game","player_choice":"disagreed","floor":5,"damage_taken":0}],"boss_relics":[{"not_picked":["Runic Cube","Runic Dome"],"picked":"Snecko Eye"}],"potions_floor_spawned":[7,11,14,19],"seed_played":"-3790245507558293993","killed_by":"Slaver and Parasite","ascension_level":15,"is_trial":false}