{"gold_per_floor":[119,79,154,154,119,150,150,181,208,251,265,290,290,465,465,584,584,609,609,134,153,168,168,168],"floor_reached":24,"playtime":2742,"items_purged":["Doubt"],"score":262,"play_id":"b1a351f6-614b-4772-9b8f-5d32300fd78f","local_time":"20190212122029","is_ascension_mode":false,"campfire_choices":[{"floor":13,"key":"REST"},{"data":"Defragment","floor":15,"key":"SMITH"},{"floor":23,"key":"REST"}],"neow_cost":"NONE","seed_source_timestamp":344182871475500,"circlet_count":0,"master_deck":["Strike_B","Strike_B","Strike_B","Strike_B","Defend_B","Defend_B","Defend_B","Defend_B","Zap","Dualcast","Cold Snap","Defragment+1","Gash","Coolheaded","Clumsy","Doubt","Parasite","Consume"],"relics":["Cracked Core","NeowsBlessing","Golden Idol","Boot","Regal Pillow","Potion Belt","Blood Vial","Calling Bell","Bag of Marbles","Meat on the Bone","Prayer Wheel","Sundial","Ice Cream","Tiny Chest"],"potions_floor_usage":[10],"damage_taken":[{"damage":0,"enemies":"Small Slimes","floor":1,"turns":1},{"damage":0,"enemies":"Lagavulin","floor":6,"turns":1},{"damage":0,"enemies":"Gremlin Nob","floor":8,"turns":1},{"damage":40,"enemies":"3 Sentries","floor":10,"turns":21},{"damage":1,"enemies":"Jaw Worm","floor":11,"turns":5},{"damage":0,"enemies":"2 Louse","floor":12,"turns":2},{"damage":45,"enemies":"Slime Boss","floor":16,"turns":32},{"damage":30,"enemies":"Spheric Guardian","floor":18,"turns":22},{"damage":12,"enemies":"3 Byrds","floor":21,"turns":5},{"damage":11,"enemies":"Snecko","floor":22,"turns":10},{"damage":75,"enemies":"Gremlin Leader","floor":24,"turns":6}],"seed_played":"7291263810129514102","potions_obtained":[{"floor":1,"key":"EssenceOfSteel"},{"floor":6,"key":"FocusPotion"},{"floor":16,"key":"Fire Potion"},{"floor":22,"key":"Fire Potion"}],"is_trial":false,"path_per_floor":["M","$","?","?","?","E","T","E","T","E","M","M","R","?","R","B",null,"M","?","$","M","M","R","E"],"character_chosen":"DEFECT","items_purchased":["Defragment","Ice Cream","Tiny Chest"],"campfire_rested":2,"item_purchase_floors":[2,20,20],"current_hp_per_floor":[75,75,64,46,64,64,64,64,64,24,25,27,64,64,64,21,75,45,45,45,47,38,75,0],"gold":168,"neow_bonus":"THREE_ENEMY_KILL","is_prod":false,"is_daily":false,"chose_seed":false,"campfire_upgraded":1,"win_rate":0,"timestamp":1549970429,"path_taken":["M","$","?","?","?","E","?","E","T","E","M","M","R","?","R","BOSS","M","?","$","M","M","R","E"],"build_version":"2019-02-06","purchased_purges":1,"victory":false,"max_hp_per_floor":[75,75,75,75,75,75,75,75,75,75,75,75,75,75,75,75,75,75,75,75,75,75,75,75],"card_choices":[{"not_picked":["BootSequence","Compile Driver"],"picked":"Cold Snap","floor":1},{"not_picked":["Compile Driver","Go for the Eyes","Static Discharge"],"picked":"SKIP","floor":6},{"not_picked":["Aggregate","Reprogram","Sweeping Beam"],"picked":"SKIP","floor":8},{"not_picked":["Redo","Scrape"],"picked":"Gash","floor":10},{"not_picked":["Steam","Rebound","Aggregate"],"picked":"SKIP","floor":11},{"not_picked":["Static Discharge","Steam"],"picked":"Coolheaded","floor":12},{"not_picked":["Conserve Battery","Self Repair","Redo"],"picked":"SKIP","floor":18},{"not_picked":["Steam Power","Undo+1","Steam+1"],"picked":"SKIP","floor":18},{"not_picked":["Coolheaded","FTL"],"picked":"Consume","floor":21},{"not_picked":["Chaos","Conserve Battery","Beam Cell+1"],"picked":"SKIP","floor":21},{"not_picked":["Static Discharge+1","Stack","Steam"],"picked":"SKIP","floor":22},{"not_picked":["FTL+1","Barrage","Ball Lightning"],"picked":"SKIP","floor":22}],"player_experience":210589,"relics_obtained":[{"floor":6,"key":"Boot"},{"floor":8,"key":"Regal Pillow"},{"floor":9,"key":"Potion Belt"},{"floor":10,"key":"Blood Vial"},{"floor":17,"key":"Bag of Marbles"},{"floor":17,"key":"Meat on the Bone"},{"floor":17,"key":"Prayer Wheel"}],"event_choices":[{"damage_healed":0,"gold_gain":75,"player_choice":"Gather Gold","damage_taken":11,"max_hp_gain":0,"max_hp_loss":0,"event_name":"World of Goop","floor":3,"gold_loss":0},{"damage_healed":0,"gold_gain":0,"player_choice":"Take Damage","damage_taken":18,"relics_obtained":["Golden Idol"],"max_hp_gain":0,"max_hp_loss":0,"event_name":"Golden Idol","floor":4,"gold_loss":0},{"damage_healed":18,"gold_gain":0,"player_choice":"Healed","damage_taken":0,"max_hp_gain":0,"max_hp_loss":0,"event_name":"The Cleric","floor":5,"gold_loss":35},{"damage_healed":0,"gold_gain":175,"player_choice":"AGREE","damage_taken":0,"max_hp_gain":0,"max_hp_loss":0,"event_name":"Liars Game","floor":14,"gold_loss":0,"cards_obtained":["Doubt"]},{"damage_healed":0,"gold_gain":0,"player_choice":"Opened","damage_taken":0,"relics_obtained":["Sundial"],"max_hp_gain":0,"max_hp_loss":0,"event_name":"The Mausoleum","floor":19,"gold_loss":0}],"is_beta":true,"boss_relics":[{"not_picked":["Cursed Key","Orrery"],"picked":"Calling Bell"}],"items_purged_floors":[20],"is_endless":false,"potions_floor_spawned":[1,6,16,22],"killed_by":"Gremlin Leader","ascension_level":0}