{"gold_per_floor":[116,135,135,60,74,110,125,125,125,125,200,200,216,241,241,370,370,393,418,16,41,41,59,59,74,74,74],"floor_reached":27,"playtime":1382,"items_purged":["Pain"],"score":217,"play_id":"82dfde0b-23aa-49e5-9977-dd5a96c1813f","local_time":"20180630013928","is_ascension_mode":false,"campfire_choices":[{"floor":8.0,"key":"REST"},{"data":"Aggregate","floor":15.0,"key":"SMITH"},{"data":"Buffer","floor":24,"key":"SMITH"}],"neow_cost":"","seed_source_timestamp":0,"circlet_count":0,"master_deck":["Strike_B+1","Strike_B","Strike_B","Strike_B","Defend_B","Defend_B","Defend_B","Defend_B","Zap","Dualcast","Aggregate+1","Beam Cell","Injury","Cold Snap","Melter+1","Ball Lightning","Rebound","Cold Snap","Buffer+1","Hello World+1","Streamline+1","Leap+1","Compile Driver+1","BootSequence"],"special_seed":0,"relics":["Cracked Core","Torii","Golden Idol","Mercury Hourglass","Pear","Ornamental Fan","Black Star","Matryoshka","Bag of Preparation","Shuriken","Whetstone"],"potions_floor_usage":[27,27,27],"damage_taken":[{"damage":8.0,"enemies":"Small Slimes","floor":1.0,"turns":4.0},{"damage":18.0,"enemies":"Jaw Worm","floor":2.0,"turns":4.0},{"damage":1.0,"enemies":"Cultist","floor":5.0,"turns":3.0},{"damage":25.0,"enemies":"3 Sentries","floor":6.0,"turns":8.0},{"damage":1.0,"enemies":"Large Slime","floor":7.0,"turns":5.0},{"damage":2.0,"enemies":"Lots of Slimes","floor":13.0,"turns":2.0},{"damage":1.0,"enemies":"Looter","floor":14.0,"turns":2.0},{"damage":21.0,"enemies":"Slime Boss","floor":16.0,"turns":9.0},{"damage":1,"enemies":"Spheric Guardian","floor":18,"turns":3},{"damage":21,"enemies":"2 Thieves","floor":19,"turns":4},{"damage":10,"enemies":"Snecko","floor":21,"turns":5},{"damage":10,"enemies":"Cultist and Chosen","floor":23,"turns":5},{"damage":36,"enemies":"Snake Plant","floor":25,"turns":3},{"damage":8,"enemies":"3 Cultists","floor":27,"turns":3}],"seed_played":"8962669984825189079","potions_obtained":[{"floor":2.0,"key":"PowerPotion"},{"floor":5.0,"key":"Regen Potion"},{"floor":16.0,"key":"Weak Potion"},{"floor":18,"key":"Weak Potion"},{"floor":23,"key":"PowerPotion"}],"is_trial":false,"path_per_floor":["M","M","?","$","M","E","M","R","T","?","?","?","M","M","R","B",null,"M","M","$","M","?","M","R","M","T"],"character_chosen":"DEFECT","items_purchased":["Matryoshka","Bag of Preparation"],"campfire_rested":1,"item_purchase_floors":[20,20],"current_hp_per_floor":[67,49,49,49,48,38,37,59,69,69,58,85,83,82,82,61,85,84,63,63,53,53,43,43,7,7,0],"gold":74,"neow_bonus":"","is_prod":false,"is_daily":false,"chose_seed":false,"campfire_upgraded":2,"win_rate":1,"timestamp":1530297568,"path_taken":["M","M","?","?","M","E","M","R","T","?","?","?","?","M","R","BOSS","M","?","$","?","?","M","R","M","T","M"],"build_version":"2018-06-28","purchased_purges":1,"victory":false,"max_hp_per_floor":[75,75,75,75,75,75,75,75,85,85,85,85,85,85,85,85,85,85,85,85,85,85,85,85,85,85,85],"card_choices":[{"not_picked":["FTL","Ball Lightning"],"picked":"Aggregate","floor":1.0},{"not_picked":["Conserve Battery","Coolheaded"],"picked":"Beam Cell","floor":2.0},{"not_picked":["Leap","Reprogram"],"picked":"Cold Snap","floor":5.0},{"not_picked":["Chill","Sweeping Beam"],"picked":"Melter","floor":6.0},{"not_picked":["Conserve Battery","Go for the Eyes"],"picked":"Ball Lightning","floor":7.0},{"not_picked":["Rip and Tear","Cold Snap"],"picked":"Rebound","floor":13.0},{"not_picked":["Steam Power","Machine Learning"],"picked":"Cold Snap","floor":14.0},{"not_picked":["Multi-Cast","Machine Learning"],"picked":"Buffer","floor":16.0},{"not_picked":["Beam Cell","Glacier"],"picked":"Hello World+1","floor":18},{"not_picked":["Compile Driver","Scrape"],"picked":"Streamline+1","floor":19},{"not_picked":["Compile Driver+1","Barrage"],"picked":"Leap+1","floor":21},{"not_picked":["Gash","Fusion"],"picked":"Compile Driver+1","floor":23},{"not_picked":["Steam","Hologram"],"picked":"BootSequence","floor":25}],"player_experience":8154,"relics_obtained":[{"floor":6.0,"key":"Mercury Hourglass"},{"floor":9.0,"key":"Pear"},{"floor":26,"key":"Shuriken"},{"floor":26,"key":"Whetstone"}],"event_choices":[{"event_name":"Golden Idol","player_choice":"Take Wound","floor":3.0,"damage_taken":0.0},{"event_name":"Wheel of Change","player_choice":"Relic","floor":10.0,"damage_taken":0.0},{"event_name":"World of Goop","player_choice":"Gather Gold","floor":11.0,"damage_taken":0.0},{"event_name":"Big Fish","player_choice":"Banana","floor":12.0,"damage_taken":0.0},{"event_name":"Beggar","player_choice":"Ignored","floor":22,"damage_taken":0}],"boss_relics":[{"not_picked":["Busted Crown","Orrery"],"picked":"Black Star"}],"items_purged_floors":[],"is_endless":false,"potions_floor_spawned":[2,5,16,18,23],"killed_by":"3 Cultists","ascension_level":0}