{"gold_per_floor":[112,112,122,122,133,161,174,188,212,212,244,244,244,262,262,341,341,356,367,367,385,385,385,385],"floor_reached":24,"playtime":639,"items_purged":[],"score":416,"play_id":"76988853-d889-4745-aeed-fb00741653c4","local_time":"20190224152244","is_ascension_mode":true,"campfire_choices":[{"floor":10,"key":"REST"},{"floor":13,"key":"REST"},{"floor":15,"key":"REST"},{"floor":23,"key":"REST"}],"neow_cost":"NONE","seed_source_timestamp":0,"circlet_count":0,"master_deck":["AscendersBane","Strike_B","Strike_B","Strike_B+1","Strike_B","Defend_B+1","Defend_B","Defend_B","Defend_B+1","Zap","Dualcast","Go for the Eyes","Cold Snap","Ball Lightning","Genetic Algorithm","Beam Cell+1","Rebound","Auto Shields","Machine Learning","Gash","Recycle+1","FTL"],"special_seed":0,"relics":["Cracked Core","NeowsBlessing","CultistMask","Shuriken","Omamori","Whetstone","War Paint","Sozu","Ginger"],"potions_floor_usage":[8,16,19],"damage_taken":[{"damage":0.0,"enemies":"Cultist","floor":1.0,"turns":1.0},{"damage":0.0,"enemies":"Jaw Worm","floor":3.0,"turns":1.0},{"damage":0.0,"enemies":"2 Louse","floor":5.0,"turns":1.0},{"damage":30.0,"enemies":"Gremlin Nob","floor":6.0,"turns":4.0},{"damage":0,"enemies":"Large Slime","floor":7,"turns":5},{"damage":0,"enemies":"Exordium Wildlife","floor":8,"turns":3},{"damage":25,"enemies":"3 Sentries","floor":11,"turns":8},{"damage":16,"enemies":"3 Louse","floor":14,"turns":3},{"damage":21,"enemies":"Slime Boss","floor":16,"turns":8},{"damage":16,"enemies":"2 Thieves","floor":18,"turns":4},{"damage":14,"enemies":"Shell Parasite","floor":19,"turns":3},{"damage":25,"enemies":"Centurion and Healer","floor":21,"turns":6},{"damage":26,"enemies":"Slavers","floor":24,"turns":2}],"seed_played":"708271322236117224","potions_obtained":[{"floor":5.0,"key":"Explosive Potion"},{"floor":6.0,"key":"Energy Potion"},{"floor":14,"key":"FocusPotion"},{"floor":16,"key":"EssenceOfSteel"}],"is_trial":false,"path_per_floor":["M","?","M","?","M","E","M","M","T","R","E","?","R","M","R","B",null,"M","M","?","M","?","R","E"],"character_chosen":"DEFECT","items_purchased":[],"campfire_rested":4,"item_purchase_floors":[],"current_hp_per_floor":[64,64,64,53,53,23,23,23,23,44,19,19,40,24,45,24,59,43,29,29,4,4,25,0],"gold":385,"neow_bonus":"THREE_ENEMY_KILL","is_prod":false,"is_daily":false,"chose_seed":false,"campfire_upgraded":0,"win_rate":0,"timestamp":1551039764,"path_taken":["M","?","?","?","M","E","M","M","T","R","E","?","R","M","R","BOSS","M","M","?","M","?","R","E"],"build_version":"2019-01-23","purchased_purges":0,"victory":false,"max_hp_per_floor":[71,71,71,71,71,71,71,71,71,71,71,71,71,71,71,71,71,71,71,71,71,71,71,71],"card_choices":[{"not_picked":["Coolheaded","Consume"],"picked":"Go for the Eyes","floor":1.0},{"not_picked":["Skim","Steam"],"picked":"Cold Snap","floor":3.0},{"not_picked":["Gash","Blizzard","Chaos"],"picked":"SKIP","floor":5.0},{"not_picked":["Scrape","Static Discharge"],"picked":"Ball Lightning","floor":6.0},{"not_picked":["Hologram","Reprogram"],"picked":"Genetic Algorithm","floor":7},{"not_picked":["Leap","Sweeping Beam"],"picked":"Beam Cell","floor":8},{"not_picked":["Fusion","Beam Cell"],"picked":"Rebound","floor":11},{"not_picked":["Rebound","Go for the Eyes"],"picked":"Auto Shields","floor":14},{"not_picked":["Buffer","Creative AI"],"picked":"Machine Learning","floor":16},{"not_picked":["Reinforced Body","Steam Power"],"picked":"Gash","floor":18},{"not_picked":["Cold Snap","Lockon"],"picked":"Recycle+1","floor":19},{"not_picked":["Leap","Stack"],"picked":"FTL","floor":21}],"player_experience":326831,"relics_obtained":[{"floor":6.0,"key":"Omamori"},{"floor":9,"key":"Whetstone"},{"floor":11,"key":"War Paint"}],"event_choices":[{"damage_healed":0.0,"max_hp_gain":0.0,"max_hp_loss":0.0,"gold_gain":0.0,"event_name":"FaceTrader","player_choice":"Trade","floor":2.0,"gold_loss":0.0,"damage_taken":0.0,"relics_obtained":["CultistMask"]},{"damage_healed":0.0,"max_hp_gain":0.0,"max_hp_loss":0.0,"gold_gain":0.0,"event_name":"Scrap Ooze","player_choice":"Success","floor":4.0,"gold_loss":0.0,"damage_taken":11.0,"relics_obtained":["Shuriken"]},{"damage_healed":0,"gold_gain":0,"player_choice":"Ignored","damage_taken":0,"max_hp_gain":0,"max_hp_loss":0,"event_name":"Golden Wing","floor":12,"gold_loss":0},{"damage_healed":0,"gold_gain":0,"player_choice":"Opened","damage_taken":0,"relics_obtained":["Ginger"],"max_hp_gain":0,"max_hp_loss":0,"event_name":"The Mausoleum","floor":20,"gold_loss":0,"cards_obtained":["Writhe"]},{"damage_healed":0,"gold_gain":0,"player_choice":"Ignored","damage_taken":0,"max_hp_gain":0,"max_hp_loss":0,"event_name":"Vampires","floor":22,"gold_loss":0}],"is_beta":false,"boss_relics":[{"not_picked":["Coffee Dripper","Runic Dome"],"picked":"Sozu"}],"items_purged_floors":[],"is_endless":false,"potions_floor_spawned":[5,6,14,16,21],"killed_by":"Slavers","ascension_level":20}