{"gold_per_floor":[362,372,386,404,178,178,15,15,97,97,114,114,125,140,140,236,236,250,165,65,83,95,95,114,114,114,134,134,134,9,25,25,120,120,131,149,1148,1148,1163,1163,1183,1183,1183,1183,1194,1213,1213,1225,1225,1225],"floor_reached":51,"playtime":5523,"items_purged":["Strike_G","Strike_G","Strike_G"],"score":620,"play_id":"b30f64bf-37ea-4721-95c5-ec565d8a3132","local_time":"20181118235134","is_ascension_mode":false,"campfire_choices":[{"data":"Neutralize","floor":6.0,"key":"SMITH"},{"data":"Adrenaline","floor":8.0,"key":"SMITH"},{"data":"Backflip","floor":10.0,"key":"SMITH"},{"data":"Noxious Fumes","floor":15.0,"key":"SMITH"},{"data":"Die Die Die","floor":23.0,"key":"SMITH"},{"data":"Predator","floor":25.0,"key":"SMITH"},{"floor":29.0,"key":"REST"},{"floor":32.0,"key":"REST"},{"data":"Burst","floor":40.0,"key":"SMITH"},{"data":"Footwork","floor":44.0,"key":"SMITH"},{"data":"Night Terror","floor":47.0,"key":"SMITH"},{"floor":49.0,"key":"REST"}],"neow_cost":"TEN_PERCENT_HP_LOSS","seed_source_timestamp":24813919979952,"circlet_count":0,"master_deck":["Defend_G","Defend_G","Defend_G","Defend_G+1","Defend_G","Strike_G","Survivor+1","Neutralize+1","All Out Attack","Backflip+1","Acrobatics","Outmaneuver","Adrenaline+1","Acrobatics","Night Terror+1","Noxious Fumes+1","Die Die Die+1","Backflip","Leg Sweep+1","Predator+1","Footwork+1","Burst+1","Leg Sweep","Outmaneuver+1","Normality","Clumsy","Parasite","Choke+1","Dash+1","Clumsy"],"special_seed":0,"relics":["Ring of the Serpent","Omamori","Paper Crane","Cursed Key","War Paint","Meat on the Bone","Enchiridion","Bottled Tornado","Gambling Chip"],"potions_floor_usage":[50],"damage_taken":[{"damage":0.0,"enemies":"Jaw Worm","floor":1.0,"turns":7.0},{"damage":0.0,"enemies":"Small Slimes","floor":2.0,"turns":3.0},{"damage":0.0,"enemies":"2 Louse","floor":3.0,"turns":2.0},{"damage":10.0,"enemies":"Exordium Wildlife","floor":4.0,"turns":6.0},{"damage":6.0,"enemies":"3 Louse","floor":11.0,"turns":3.0},{"damage":10.0,"enemies":"Exordium Thugs","floor":13.0,"turns":4.0},{"damage":0.0,"enemies":"2 Fungi Beasts","floor":14.0,"turns":3.0},{"damage":17.0,"enemies":"Slime Boss","floor":16.0,"turns":10.0},{"damage":4.0,"enemies":"3 Byrds","floor":18.0,"turns":4.0},{"damage":11.0,"enemies":"2 Thieves","floor":21.0,"turns":5.0},{"damage":11.0,"enemies":"Shelled Parasite and Fungi","floor":22.0,"turns":8.0},{"damage":0.0,"enemies":"Sentry and Sphere","floor":24.0,"turns":5.0},{"damage":0.0,"enemies":"Snake Plant","floor":27.0,"turns":3.0},{"damage":0.0,"enemies":"Chosen and Byrds","floor":31.0,"turns":3.0},{"damage":9.0,"enemies":"Champ","floor":33.0,"turns":10.0},{"damage":3.0,"enemies":"3 Darklings","floor":35.0,"turns":5.0},{"damage":0.0,"enemies":"Orb Walker","floor":36.0,"turns":5.0},{"damage":12.0,"enemies":"Writhing Mass","floor":39.0,"turns":8.0},{"damage":12.0,"enemies":"Sphere and 2 Shapes","floor":41.0,"turns":4.0},{"damage":0.0,"enemies":"Maw","floor":45.0,"turns":11.0},{"damage":0.0,"enemies":"3 Darklings","floor":46.0,"turns":4.0},{"damage":9.0,"enemies":"Spire Growth","floor":48.0,"turns":8.0},{"damage":28,"enemies":"Time Eater","floor":50,"turns":13}],"seed_played":"-2642783405226903396","potions_obtained":[{"floor":2.0,"key":"PowerPotion"},{"floor":3.0,"key":"Swift Potion"},{"floor":4.0,"key":"Swift Potion"},{"floor":13.0,"key":"Ancient Potion"},{"floor":14.0,"key":"Block Potion"},{"floor":22.0,"key":"Block Potion"},{"floor":24.0,"key":"Fire Potion"},{"floor":31.0,"key":"Strength Potion"},{"floor":33.0,"key":"Ancient Potion"},{"floor":35.0,"key":"Block Potion"},{"floor":41.0,"key":"Swift Potion"},{"floor":45.0,"key":"Swift Potion"}],"is_trial":false,"path_per_floor":["M","M","M","M","$","R","$","R","T","R","M","?","M","M","R","B",null,"M","?","$","M","M","R","M","R","T","M","?","R","$","M","R","B",null,"M","M","?","T","M","R","M","?","T","R","M","M","R","M","R","B",null],"character_chosen":"THE_SILENT","items_purchased":["Omamori","Adrenaline"],"campfire_rested":3,"item_purchase_floors":[5,7],"current_hp_per_floor":[63,63,63,53,53,53,53,53,53,53,47,40,30,30,30,13,63,59,59,59,48,37,37,37,37,37,37,21,39,39,39,57,48,63,60,60,60,60,48,48,36,36,36,36,36,36,36,39,57,41],"gold":1225,"neow_bonus":"TWO_FIFTY_GOLD","is_prod":false,"is_daily":false,"chose_seed":false,"campfire_upgraded":9,"win_rate":0.0,"timestamp":1542552694,"path_taken":["M","M","M","M","$","R","$","R","T","R","M","?","M","M","R","BOSS","M","?","$","M","M","R","M","R","T","M","?","R","?","M","R","BOSS","M","M","?","?","M","R","M","?","T","R","?","?","R","M","R","BOSS"],"build_version":"2018-11-15","purchased_purges":3,"victory":true,"max_hp_per_floor":[63,63,63,63,63,63,63,63,63,63,63,63,63,63,63,63,63,63,63,63,63,63,63,63,63,63,63,63,63,63,63,63,63,63,63,63,63,63,63,63,63,63,63,63,63,63,63,63,63,63],"card_choices":[{"not_picked":["Dagger Spray","Sucker Punch"],"picked":"All Out Attack","floor":1.0},{"not_picked":["Deflect","Flying Knee"],"picked":"Backflip","floor":2.0},{"not_picked":["Dagger Throw","Prepared"],"picked":"Acrobatics","floor":3.0},{"not_picked":["Bane","Quick Slash"],"picked":"Outmaneuver","floor":4.0},{"not_picked":["Deflect","Blade Dance"],"picked":"Acrobatics","floor":11.0},{"not_picked":["Eviscerate","Expertise"],"picked":"Night Terror","floor":13.0},{"not_picked":["Catalyst","Slice"],"picked":"Noxious Fumes","floor":14.0},{"not_picked":["Wraith Form v2","Venomology"],"picked":"Die Die Die","floor":16.0},{"not_picked":["Blade Dance","Endless Agony"],"picked":"Backflip","floor":18.0},{"not_picked":["Heel Hook","Noxious Fumes+1"],"picked":"Leg Sweep+1","floor":21.0},{"not_picked":["Finisher","Caltrops"],"picked":"Predator","floor":22.0},{"not_picked":["Deadly Poison","Caltrops","Predator"],"picked":"SKIP","floor":24.0},{"not_picked":["Dagger Throw","Bouncing Flask"],"picked":"Footwork","floor":27.0},{"not_picked":["Heel Hook","Masterful Stab+1","Acrobatics"],"picked":"SKIP","floor":31.0},{"not_picked":["Die Die Die","Glass Knife"],"picked":"Burst","floor":33.0},{"not_picked":["Blade Dance","Skewer"],"picked":"Leg Sweep","floor":35.0},{"not_picked":["Acrobatics","Dash"],"picked":"Outmaneuver+1","floor":36.0},{"not_picked":["PiercingWail+1","Poisoned Stab"],"picked":"Choke+1","floor":39.0},{"not_picked":["Outmaneuver","Unload"],"picked":"Dash+1","floor":41.0},{"not_picked":["Endless Agony+1","Dodge and Roll+1","Blade Dance"],"picked":"SKIP","floor":45.0},{"not_picked":["Dash+1","Predator","Underhanded Strike"],"picked":"SKIP","floor":46.0},{"not_picked":["Tactician","Dodge and Roll","Escape Plan+1"],"picked":"SKIP","floor":48.0}],"player_experience":69314,"relics_obtained":[{"floor":9.0,"key":"Paper Crane"},{"floor":26.0,"key":"Meat on the Bone"},{"floor":28.0,"key":"Enchiridion"},{"floor":38.0,"key":"Bottled Tornado"},{"floor":43.0,"key":"Gambling Chip"}],"event_choices":[{"cards_removed":["Strike_G"],"damage_healed":0.0,"max_hp_gain":0.0,"max_hp_loss":0.0,"gold_gain":0.0,"event_name":"Golden Wing","player_choice":"Card Removal","floor":12.0,"gold_loss":0.0,"damage_taken":7.0},{"damage_healed":0.0,"max_hp_gain":0.0,"max_hp_loss":0.0,"gold_gain":0.0,"event_name":"Addict","player_choice":"Obtained Relic","floor":19.0,"gold_loss":85.0,"damage_taken":0.0,"relics_obtained":["War Paint"]},{"damage_healed":0.0,"max_hp_gain":0.0,"max_hp_loss":0.0,"gold_gain":0.0,"event_name":"Cursed Tome","player_choice":"Obtained Book","floor":28.0,"gold_loss":0.0,"damage_taken":16.0},{"damage_healed":0.0,"max_hp_gain":0.0,"max_hp_loss":0.0,"gold_gain":999.0,"event_name":"MindBloom","player_choice":"Gold","floor":37.0,"gold_loss":0.0,"damage_taken":0.0,"cards_obtained":["Normality","Normality"]},{"damage_healed":0.0,"max_hp_gain":0.0,"max_hp_loss":0.0,"gold_gain":0.0,"event_name":"Tomb of Lord Red Mask","player_choice":"Ignored","floor":42.0,"gold_loss":0.0,"damage_taken":0.0}],"is_beta":false,"boss_relics":[{"not_picked":["White Beast Statue","Orrery"],"picked":"Cursed Key"},{"not_picked":["Runic Dome","Snecko Eye"],"picked":"Ring of the Serpent"}],"items_purged_floors":[5,20,30],"is_endless":false,"potions_floor_spawned":[2,3,4,13,14,22,24,31,33,35,41,45],"ascension_level":0}