{"gold_per_floor":[218,237,312,330,295,328,342,342,342,365,376,396,396,96,96,195,195,215,215,215,289,28,53,53,118,118,217,217,249,264,275,275,275],"floor_reached":33,"playtime":1113,"items_purged":["Strike_B"],"score":424,"play_id":"c8823744-1891-4006-b818-d6ca2fcb7a6a","local_time":"20180704235254","is_ascension_mode":true,"campfire_choices":[{"data":"Barrage","floor":8,"key":"SMITH"},{"data":"Go for the Eyes","floor":13,"key":"SMITH"},{"floor":15,"key":"REST"},{"floor":24,"key":"REST"},{"floor":32,"key":"REST"}],"neow_cost":"NONE","seed_source_timestamp":885122465930398,"circlet_count":0,"master_deck":["Strike_B","Strike_B","Strike_B+1","Defend_B","Defend_B","Defend_B","Defend_B","Zap","Dualcast","Ball Lightning+1","Barrage+1","Conserve Battery","Conserve Battery","Go for the Eyes+1","Self Repair","Electrodynamics","Force Field","Conserve Battery","Reprogram+1","Thunder Strike","Storm+1","Defragment"],"relics":["Cracked Core","Gremlin Horn","Emotion Chip","Juzu Bracelet","Whetstone","Inserter","The Courier","Gambling Chip","Mango","Tiny Chest","Matryoshka","Mercury Hourglass","Thread and Needle","Dream Catcher"],"potions_floor_usage":[16,23,23,25,29,33],"damage_taken":[{"damage":3,"enemies":"2 Louse","floor":1,"turns":2},{"damage":0,"enemies":"Small Slimes","floor":2,"turns":3},{"damage":9,"enemies":"Jaw Worm","floor":4,"turns":3},{"damage":16,"enemies":"3 Sentries","floor":6,"turns":6},{"damage":0,"enemies":"3 Louse","floor":7,"turns":3},{"damage":6,"enemies":"Gremlin Gang","floor":11,"turns":3},{"damage":6,"enemies":"Exordium Wildlife","floor":12,"turns":3},{"damage":16,"enemies":"The Guardian","floor":16,"turns":9},{"damage":4,"enemies":"Spheric Guardian","floor":18,"turns":3},{"damage":29,"enemies":"Slavers","floor":23,"turns":2},{"damage":28,"enemies":"Book of Stabbing","floor":25,"turns":5},{"damage":21,"enemies":"Slavers","floor":29,"turns":3},{"damage":0,"enemies":"Shell Parasite","floor":30,"turns":5},{"damage":21,"enemies":"Cultist and Chosen","floor":31,"turns":5},{"damage":45,"enemies":"Champ","floor":33,"turns":8}],"seed_played":"5940791403275975074","potions_obtained":[{"floor":6,"key":"SkillPotion"},{"floor":7,"key":"Poison Potion"},{"floor":16,"key":"SteroidPotion"},{"floor":19,"key":"FocusPotion"},{"floor":25,"key":"SpeedPotion"},{"floor":31,"key":"SkillPotion"}],"is_trial":false,"path_per_floor":["M","M","?","M","?","E","M","R","T","T","M","M","R","$","R","B",null,"M","?","?","T","$","E","R","E","T","?","T","E","M","M","R"],"character_chosen":"DEFECT","items_purchased":["Self Repair","Whetstone","Gambling Chip","Force Field"],"campfire_rested":3,"item_purchase_floors":[14,14,22,22],"current_hp_per_floor":[65,65,54,45,63,47,47,47,47,47,41,35,35,35,57,48,68,64,64,64,64,64,49,75,47,47,47,47,26,33,19,45,0],"gold":275,"neow_bonus":"HUNDRED_GOLD","is_prod":false,"is_daily":false,"chose_seed":false,"campfire_upgraded":2,"win_rate":0,"timestamp":1530766374,"path_taken":["M","M","?","M","?","E","?","R","T","?","M","M","R","$","R","BOSS","M","?","?","?","?","E","R","E","T","?","?","E","M","M","R","BOSS"],"build_version":"2018-06-28","purchased_purges":1,"victory":false,"max_hp_per_floor":[75,75,75,75,75,75,75,75,75,75,75,75,75,75,75,75,75,75,75,75,75,75,89,89,89,89,89,89,89,89,89,89,89],"card_choices":[{"not_picked":["Gash","Leap"],"picked":"Ball Lightning","floor":1},{"not_picked":["Recycle","Sweeping Beam"],"picked":"Barrage","floor":2},{"not_picked":["Hologram","Redo"],"picked":"Conserve Battery","floor":4},{"not_picked":["Steam","Reboot","Gash"],"picked":"SKIP","floor":6},{"not_picked":["Skim","Barrage"],"picked":"Conserve Battery","floor":7},{"not_picked":["Scrape","Compile Driver","Redo"],"picked":"SKIP","floor":11},{"not_picked":["Rebound","Turbo"],"picked":"Go for the Eyes","floor":12},{"not_picked":["Rainbow","Meteor Strike"],"picked":"Electrodynamics","floor":16},{"not_picked":["Coolheaded","Ball Lightning","Chaos"],"picked":"SKIP","floor":18},{"not_picked":["Hyperbeam","Cold Snap"],"picked":"Conserve Battery","floor":23},{"not_picked":["Sweeping Beam+1","Rebound"],"picked":"Reprogram+1","floor":25},{"not_picked":["Turbo","Static Discharge"],"picked":"Thunder Strike","floor":29},{"not_picked":["Compile Driver","Skim"],"picked":"Storm+1","floor":30},{"not_picked":["Sunder","Coolheaded","Blizzard+1"],"picked":"SKIP","floor":31},{"not_picked":["Coolheaded","Conserve Battery+1"],"picked":"Defragment","floor":32}],"player_experience":419066,"relics_obtained":[{"floor":6,"key":"Gremlin Horn"},{"floor":9,"key":"Emotion Chip"},{"floor":10,"key":"Juzu Bracelet"},{"floor":21,"key":"The Courier"},{"floor":23,"key":"Mango"},{"floor":25,"key":"Tiny Chest"},{"floor":26,"key":"Matryoshka"},{"floor":28,"key":"Mercury Hourglass"},{"floor":28,"key":"Thread and Needle"},{"floor":29,"key":"Dream Catcher"}],"event_choices":[{"event_name":"World of Goop","player_choice":"Gather Gold","floor":3,"damage_taken":0},{"event_name":"The Cleric","player_choice":"Healed","floor":5,"damage_taken":0},{"event_name":"The Lab","player_choice":"Got Potions","floor":19,"damage_taken":0},{"event_name":"Vampires","player_choice":"Ignored","floor":20,"damage_taken":0},{"event_name":"Nest","player_choice":"Stole From Cult","floor":27,"damage_taken":0}],"boss_relics":[{"not_picked":["Astrolabe","Black Star"],"picked":"Inserter"}],"items_purged_floors":[14],"is_endless":false,"potions_floor_spawned":[6,7,16,25,31],"killed_by":"Champ","ascension_level":8}