{"gold_per_floor":[116,136,311,261,261,290,290,319,319,319,347,367,245,258,258,356,356,376,376,392,20,20],"floor_reached":22,"playtime":723,"items_purged":[],"score":227,"play_id":"e6fb19a0-ca6c-43fe-8e6c-42aef5ee690a","local_time":"20190218125142","is_ascension_mode":false,"campfire_choices":[{"data":"Streamline","floor":10,"key":"SMITH"},{"floor":15,"key":"REST"}],"neow_cost":"NONE","seed_source_timestamp":296715070456500,"circlet_count":0,"master_deck":["Strike_B+1","Strike_B+1","Strike_B+1","Strike_B+1","Defend_B+1","Defend_B+1","Defend_B+1","Defend_B+1","Zap","Dualcast","Ball Lightning","Sweeping Beam+1","Auto Shields","Streamline+1","Hologram","Capacitor","Double Energy","Rip and Tear","Core Surge","Leap","Cold Snap"],"relics":["Cracked Core","NeowsBlessing","The Courier","Smiling Mask","Dream Catcher","Bag of Preparation","Mummified Hand","Vajra","Inserter","Meat on the Bone","Oddly Smooth Stone"],"potions_floor_usage":[12,20],"damage_taken":[{"damage":0,"enemies":"Cultist","floor":1,"turns":1},{"damage":0,"enemies":"2 Louse","floor":2,"turns":1},{"damage":0,"enemies":"3 Sentries","floor":6,"turns":1},{"damage":27,"enemies":"Gremlin Nob","floor":8,"turns":4},{"damage":15,"enemies":"3 Sentries","floor":11,"turns":5},{"damage":0,"enemies":"Small Slimes","floor":12,"turns":1},{"damage":0,"enemies":"2 Fungi Beasts","floor":14,"turns":2},{"damage":31,"enemies":"The Guardian","floor":16,"turns":10},{"damage":33,"enemies":"3 Byrds","floor":18,"turns":4},{"damage":20,"enemies":"Spheric Guardian","floor":20,"turns":4},{"damage":29,"enemies":"Snake Plant","floor":22,"turns":5}],"seed_played":"2562101498550890902","potions_obtained":[{"floor":8,"key":"SkillPotion"},{"floor":11,"key":"FearPotion"},{"floor":14,"key":"FairyPotion"}],"is_trial":false,"path_per_floor":["M","M","?","?","?","E","?","E","T","R","E","M","?","M","R","B",null,"M","?","M","$","M"],"character_chosen":"DEFECT","items_purchased":["Meat on the Bone","Cold Snap","Oddly Smooth Stone"],"campfire_rested":1,"item_purchase_floors":[21,21,21],"current_hp_per_floor":[75,75,75,75,63,63,63,36,36,36,21,21,21,21,43,12,75,42,42,22,22,0],"gold":20,"neow_bonus":"THREE_ENEMY_KILL","is_prod":false,"is_daily":false,"chose_seed":false,"campfire_upgraded":1,"win_rate":0,"timestamp":1550490702,"path_taken":["M","M","?","?","?","E","?","E","T","R","E","M","?","M","R","BOSS","M","?","M","$","M"],"build_version":"2019-02-06","purchased_purges":0,"victory":false,"max_hp_per_floor":[75,75,75,75,75,75,75,75,75,75,75,75,75,75,75,75,75,75,75,75,75,75],"card_choices":[{"not_picked":["Cold Snap","Leap"],"picked":"Ball Lightning","floor":1},{"not_picked":["Undo","Steam Power"],"picked":"Sweeping Beam","floor":2},{"not_picked":["Sunder","Darkness"],"picked":"Auto Shields","floor":6},{"not_picked":["Steam","Sweeping Beam"],"picked":"Streamline","floor":8},{"not_picked":["Go for the Eyes","Scrape"],"picked":"Hologram","floor":11},{"not_picked":["Consume","Ball Lightning"],"picked":"Capacitor","floor":12},{"not_picked":["Force Field","Beam Cell"],"picked":"Double Energy","floor":14},{"not_picked":["Cold Snap","Reprogram"],"picked":"Rip and Tear","floor":15},{"not_picked":["Thunder Strike","Amplify"],"picked":"Core Surge","floor":16},{"not_picked":["Coolheaded+1","Compile Driver"],"picked":"Leap","floor":18},{"not_picked":["Rebound","Beam Cell","Coolheaded"],"picked":"SKIP","floor":20}],"player_experience":224047,"relics_obtained":[{"floor":6,"key":"Smiling Mask"},{"floor":8,"key":"Dream Catcher"},{"floor":9,"key":"Bag of Preparation"},{"floor":11,"key":"Mummified Hand"}],"event_choices":[{"damage_healed":0,"gold_gain":175,"player_choice":"AGREE","damage_taken":0,"max_hp_gain":0,"max_hp_loss":0,"event_name":"Liars Game","floor":3,"gold_loss":0,"cards_obtained":["Doubt"]},{"cards_removed":["Doubt"],"damage_healed":0,"gold_gain":0,"player_choice":"Card Removal","damage_taken":0,"max_hp_gain":0,"max_hp_loss":0,"event_name":"The Cleric","floor":4,"gold_loss":50},{"damage_healed":0,"gold_gain":0,"player_choice":"Success","damage_taken":12,"relics_obtained":["The Courier"],"max_hp_gain":0,"max_hp_loss":0,"event_name":"Scrap Ooze","floor":5,"gold_loss":0},{"damage_healed":0,"gold_gain":0,"player_choice":"Grow","damage_taken":0,"max_hp_gain":0,"max_hp_loss":0,"event_name":"Living Wall","floor":7,"gold_loss":0,"cards_upgraded":["Sweeping Beam"]},{"damage_healed":0,"gold_gain":0,"player_choice":"Paid Gold","damage_taken":0,"relics_obtained":["Vajra"],"max_hp_gain":0,"max_hp_loss":0,"event_name":"WeMeetAgain","floor":13,"gold_loss":122},{"damage_healed":0,"gold_gain":0,"player_choice":"Simplicity","damage_taken":0,"max_hp_gain":0,"max_hp_loss":0,"event_name":"Back to Basics","floor":19,"gold_loss":0,"cards_upgraded":["Strike_B","Strike_B","Strike_B","Strike_B","Defend_B","Defend_B","Defend_B","Defend_B"]}],"is_beta":true,"boss_relics":[{"not_picked":["Pandora\u0027s Box","White Beast Statue"],"picked":"Inserter"}],"items_purged_floors":[],"is_endless":false,"potions_floor_spawned":[8,11,14],"killed_by":"Snake Plant","ascension_level":0}