{"gold_per_floor":[112,124,136,152,170,170,182,210,210,210,226,260,260,275,275,373,373,393,409,428,353,353,353,384,384,411,411,426,442,461,461,461,556,556,569,569,569,584,97,97,132,95,119,119,119,219,219,236,236,236],"floor_reached":51,"playtime":2428,"items_purged":["Fire Breathing+1"],"score":871,"play_id":"5120cc26-db76-4cad-8990-a26adbf1443c","local_time":"20190125024144","is_ascension_mode":true,"campfire_choices":[{"data":"Shockwave","floor":6.0,"key":"SMITH"},{"data":"Clothesline","floor":10.0,"key":"SMITH"},{"floor":13.0,"key":"REST"},{"data":"Battle Trance","floor":15.0,"key":"SMITH"},{"data":"Flame Barrier","floor":23.0,"key":"SMITH"},{"floor":25.0,"key":"REST"},{"floor":27.0,"key":"REST"},{"floor":32.0,"key":"REST"},{"data":"Heavy Blade","floor":40.0,"key":"SMITH"},{"floor":44,"key":"REST"},{"data":"Double Tap","floor":47,"key":"SMITH"},{"floor":49,"key":"REST"}],"neow_cost":"NONE","seed_source_timestamp":0,"circlet_count":0,"master_deck":["Bash","Juggernaut","Iron Wave","Shockwave+1","Battle Trance+1","Clothesline+1","Demon Form+1","True Grit","Limit Break+1","Spot Weakness","Shrug It Off+1","Pummel","Bludgeon","Corruption+1","Anger","Flame Barrier+1","Flame Barrier","Shrug It Off","Havoc+1","Double Tap+1","Bandage Up","Heavy Blade+1","Spot Weakness"],"special_seed":0,"relics":["Burning Blood","Frozen Egg 2","Juzu Bracelet","Regal Pillow","Pandora\u0027s Box","Smiling Mask","Ancient Tea Set","Sozu","Torii","Sundial","War Paint","Calipers"],"potions_floor_usage":[],"damage_taken":[{"damage":6.0,"enemies":"Cultist","floor":1.0,"turns":3.0},{"damage":7.0,"enemies":"Jaw Worm","floor":2.0,"turns":6.0},{"damage":3.0,"enemies":"Small Slimes","floor":3.0,"turns":4.0},{"damage":10.0,"enemies":"2 Fungi Beasts","floor":4.0,"turns":4.0},{"damage":6.0,"enemies":"3 Louse","floor":5.0,"turns":5.0},{"damage":3.0,"enemies":"Looter","floor":7.0,"turns":5.0},{"damage":13.0,"enemies":"Lagavulin","floor":8.0,"turns":7.0},{"damage":16.0,"enemies":"Exordium Wildlife","floor":11.0,"turns":5.0},{"damage":27.0,"enemies":"Gremlin Nob","floor":12.0,"turns":4.0},{"damage":14.0,"enemies":"3 Louse","floor":14.0,"turns":6.0},{"damage":37.0,"enemies":"The Guardian","floor":16.0,"turns":10.0},{"damage":23.0,"enemies":"2 Thieves","floor":18.0,"turns":3.0},{"damage":0.0,"enemies":"Spheric Guardian","floor":19.0,"turns":3.0},{"damage":14.0,"enemies":"Snecko","floor":20.0,"turns":4.0},{"damage":52.0,"enemies":"Gremlin Leader","floor":24.0,"turns":7.0},{"damage":11.0,"enemies":"Snake Plant","floor":28.0,"turns":4.0},{"damage":17.0,"enemies":"Centurion and Healer","floor":29.0,"turns":4.0},{"damage":23.0,"enemies":"Shelled Parasite and Fungi","floor":30.0,"turns":4.0},{"damage":18.0,"enemies":"Colosseum Slavers","floor":31.0,"turns":5.0},{"damage":56.0,"enemies":"Collector","floor":33.0,"turns":7.0},{"damage":12.0,"enemies":"Orb Walker","floor":35.0,"turns":4.0},{"damage":20.0,"enemies":"3 Darklings","floor":38.0,"turns":4.0},{"damage":42,"enemies":"Nemesis","floor":41,"turns":5},{"damage":9,"enemies":"Mind Bloom Boss Battle","floor":46,"turns":6},{"damage":28,"enemies":"Spire Growth","floor":48,"turns":4},{"damage":77,"enemies":"Time Eater","floor":50,"turns":6}],"seed_played":"-1718861909307701944","potions_obtained":[{"floor":1.0,"key":"EssenceOfSteel"},{"floor":4.0,"key":"PowerPotion"},{"floor":5.0,"key":"SneckoOil"},{"floor":12.0,"key":"AttackPotion"},{"floor":16.0,"key":"PowerPotion"},{"floor":18.0,"key":"AttackPotion"},{"floor":19.0,"key":"AttackPotion"},{"floor":20.0,"key":"Swift Potion"},{"floor":28.0,"key":"EntropicBrew"},{"floor":33.0,"key":"Energy Potion"}],"is_trial":false,"path_per_floor":["M","M","M","M","M","R","M","E","T","R","M","E","R","M","R","B",null,"M","M","M","?","?","R","E","R","T","R","M","M","M","?","R","B",null,"M","?","?","M","$","R","E","$","T","R","?","?","R","M","R","B",null],"character_chosen":"IRONCLAD","items_purchased":["Bandage Up","Torii","Heavy Blade","Spot Weakness"],"campfire_rested":6,"item_purchase_floors":[39,39,39,42],"current_hp_per_floor":[80,79,80,76,76,76,79,72,72,72,62,41,80,72,72,41,80,63,69,61,61,61,61,15,54,54,80,75,64,47,35,74,24,80,74,74,74,60,60,60,28,28,28,67,67,68,68,50,80,13],"gold":236,"neow_bonus":"TRANSFORM_CARD","is_prod":false,"is_daily":false,"chose_seed":false,"campfire_upgraded":6,"win_rate":0,"timestamp":1548402104,"path_taken":["M","M","?","M","M","R","M","E","T","R","M","E","R","M","R","BOSS","M","M","M","?","?","R","E","R","T","R","M","M","M","?","R","BOSS","M","?","?","M","$","R","E","?","T","R","?","?","R","M","R","BOSS"],"build_version":"2019-01-23","purchased_purges":1,"victory":true,"max_hp_per_floor":[80,80,80,80,80,80,80,80,80,80,80,80,80,80,80,80,80,80,80,80,80,80,80,80,80,80,80,80,80,80,80,80,80,80,80,80,80,80,80,80,80,80,80,80,80,80,80,80,80,80],"card_choices":[{"not_picked":["Dual Wield","Carnage"],"picked":"Burning Pact","floor":1.0},{"not_picked":["Second Wind","Havoc","Thunderclap"],"picked":"SKIP","floor":2.0},{"not_picked":["Rupture","Warcry"],"picked":"Iron Wave","floor":3.0},{"not_picked":["Combust","Pommel Strike"],"picked":"Shockwave","floor":4.0},{"not_picked":["Iron Wave","Rage"],"picked":"Battle Trance","floor":5.0},{"not_picked":["Pummel","Clash"],"picked":"Clothesline","floor":7.0},{"not_picked":["Evolve","Power Through"],"picked":"Demon Form","floor":8.0},{"not_picked":["Body Slam","Havoc","Second Wind"],"picked":"SKIP","floor":11.0},{"not_picked":["Cleave","Flex"],"picked":"True Grit","floor":12.0},{"not_picked":["True Grit","Perfected Strike","Sword Boomerang"],"picked":"SKIP","floor":14.0},{"not_picked":["Bludgeon","Exhume"],"picked":"Limit Break","floor":16.0},{"not_picked":["Twin Strike","True Grit","Wild Strike+1"],"picked":"SKIP","floor":18.0},{"not_picked":["Evolve+1","Twin Strike","Hemokinesis"],"picked":"SKIP","floor":19.0},{"not_picked":["Burning Pact","Metallicize+1"],"picked":"Flame Barrier","floor":20.0},{"not_picked":["Clash","Bludgeon","Havoc"],"picked":"SKIP","floor":24.0},{"not_picked":["Headbutt","Burning Pact","Thunderclap"],"picked":"SKIP","floor":28.0},{"not_picked":["Sever Soul","Clothesline"],"picked":"Shrug It Off","floor":29.0},{"not_picked":["Iron Wave","Twin Strike"],"picked":"Havoc+1","floor":30.0},{"not_picked":["Berserk+1","Fiend Fire"],"picked":"Double Tap","floor":33.0},{"not_picked":["True Grit","Havoc","Clothesline+1"],"picked":"SKIP","floor":35.0},{"not_picked":["True Grit+1","Clash+1","Combust+1"],"picked":"SKIP","floor":38.0},{"not_picked":["Twin Strike+1","Thunderclap+1","Bludgeon"],"picked":"SKIP","floor":41},{"not_picked":["Rage+1","Hemokinesis+1","Whirlwind"],"picked":"SKIP","floor":48}],"player_experience":135330,"relics_obtained":[{"floor":8.0,"key":"Frozen Egg 2"},{"floor":9.0,"key":"Juzu Bracelet"},{"floor":12.0,"key":"Regal Pillow"},{"floor":24.0,"key":"Smiling Mask"},{"floor":26.0,"key":"Ancient Tea Set"},{"floor":41,"key":"Sundial"},{"floor":43,"key":"War Paint"},{"floor":46,"key":"Calipers"}],"event_choices":[{"cards_removed":["Infernal Blade"],"damage_healed":0.0,"max_hp_gain":0.0,"max_hp_loss":0.0,"gold_gain":0.0,"event_name":"Beggar","player_choice":"Gave Gold","floor":21.0,"gold_loss":75.0,"damage_taken":0.0},{"damage_healed":0.0,"max_hp_gain":0.0,"max_hp_loss":0.0,"gold_gain":0.0,"event_name":"The Library","player_choice":"Read","floor":22.0,"gold_loss":0.0,"damage_taken":0.0,"cards_obtained":["Flame Barrier"]},{"damage_healed":0.0,"max_hp_gain":0.0,"max_hp_loss":0.0,"gold_gain":0.0,"event_name":"Colosseum","player_choice":"Fight","floor":31.0,"gold_loss":0.0,"damage_taken":0.0},{"damage_healed":0.0,"max_hp_gain":0.0,"max_hp_loss":0.0,"gold_gain":0.0,"event_name":"Colosseum","player_choice":"Fled From Nobs","floor":31.0,"gold_loss":0.0,"damage_taken":0.0},{"damage_healed":0.0,"max_hp_gain":0.0,"max_hp_loss":0.0,"gold_gain":0.0,"event_name":"Tomb of Lord Red Mask","player_choice":"Ignored","floor":36.0,"gold_loss":0.0,"damage_taken":0.0},{"damage_healed":0.0,"max_hp_gain":0.0,"max_hp_loss":0.0,"gold_gain":0.0,"event_name":"Mysterious Sphere","player_choice":"Ignored","floor":37.0,"gold_loss":0.0,"damage_taken":0.0},{"cards_removed":["Burning Pact"],"damage_healed":0,"gold_gain":0,"player_choice":"Removed Skill","damage_taken":0,"max_hp_gain":0,"max_hp_loss":0,"event_name":"Falling","floor":45,"gold_loss":0},{"damage_healed":0,"gold_gain":0,"player_choice":"Fight","damage_taken":0,"max_hp_gain":0,"max_hp_loss":0,"event_name":"MindBloom","floor":46,"gold_loss":0}],"is_beta":false,"boss_relics":[{"not_picked":["Philosopher\u0027s Stone","Orrery"],"picked":"Pandora\u0027s Box"},{"not_picked":["Runic Pyramid","Runic Cube"],"picked":"Sozu"}],"items_purged_floors":[39],"is_endless":false,"potions_floor_spawned":[1,4,5,12,14,16,18,19,20,28,31,33,38,41],"ascension_level":4}