{"gold_per_floor":[117,94,94,112,164,192,192,218,244,272,272,272,272,283,283,379,379,395,428,175,187,187,218,218,245,319,319,338,338,263,274,274,375,375,386,129,129,140,362,362,380,410,410,410,510,510,521,16,16,16],"floor_reached":51,"playtime":2766,"items_purged":["Defend_R","Defend_R"],"score":1068,"play_id":"f2e0d594-4a55-449a-ac2e-360a61310c63","local_time":"20190225214503","is_ascension_mode":true,"campfire_choices":[{"data":"Perfected Strike","floor":7.0,"key":"SMITH"},{"floor":13.0,"key":"REST"},{"data":"Flame Barrier","floor":15.0,"key":"SMITH"},{"floor":24.0,"key":"REST"},{"data":"Bloodletting","floor":29.0,"key":"SMITH"},{"floor":32.0,"key":"REST"},{"data":"Bludgeon","floor":40.0,"key":"SMITH"},{"floor":44.0,"key":"REST"},{"data":"Dual Wield","floor":46.0,"key":"SMITH"},{"floor":49.0,"key":"REST"}],"neow_cost":"NONE","seed_source_timestamp":0,"circlet_count":0,"master_deck":["Strike_R","Strike_R","Strike_R","Strike_R","Strike_R","Defend_R","Bash+1","Perfected Strike+1","Perfected Strike+1","Ghostly Armor","Shrug It Off","Brutality","Thunderclap","Flame Barrier+1","Bludgeon+1","Bloodletting+1","Fire Breathing+1","Perfected Strike+1","Feed","Dual Wield+1","The Bomb","Flame Barrier+1","Impervious","Wild Strike+1","Shockwave+1","Intimidate+1"],"special_seed":0,"relics":["Burning Blood","Juzu Bracelet","Letter Opener","Bag of Preparation","Smiling Mask","Shuriken","Busted Crown","Red Mask","Happy Flower","Peace Pipe","Unceasing Top","The Courier","PreservedInsect","Snecko Eye","Centennial Puzzle","Darkstone Periapt","Charon\u0027s Ashes","Membership Card","Sundial","Thread and Needle","Dream Catcher"],"potions_floor_usage":[],"damage_taken":[{"damage":12.0,"enemies":"2 Louse","floor":1.0,"turns":3.0},{"damage":6.0,"enemies":"Cultist","floor":4.0,"turns":3.0},{"damage":20.0,"enemies":"3 Sentries","floor":6.0,"turns":7.0},{"damage":29.0,"enemies":"Lagavulin","floor":8.0,"turns":8.0},{"damage":3.0,"enemies":"Gremlin Nob","floor":10.0,"turns":4.0},{"damage":3.0,"enemies":"Jaw Worm","floor":14.0,"turns":2.0},{"damage":27.0,"enemies":"Hexaghost","floor":16.0,"turns":8.0},{"damage":10.0,"enemies":"2 Thieves","floor":18.0,"turns":3.0},{"damage":38.0,"enemies":"Masked Bandits","floor":19.0,"turns":4.0},{"damage":2.0,"enemies":"Spheric Guardian","floor":21.0,"turns":3.0},{"damage":21.0,"enemies":"Book of Stabbing","floor":23.0,"turns":4.0},{"damage":18.0,"enemies":"Gremlin Leader","floor":25.0,"turns":4.0},{"damage":0.0,"enemies":"Snake Plant","floor":28.0,"turns":2.0},{"damage":12.0,"enemies":"Shelled Parasite and Fungi","floor":31.0,"turns":4.0},{"damage":53.0,"enemies":"Collector","floor":33.0,"turns":5.0},{"damage":9.0,"enemies":"3 Darklings","floor":35.0,"turns":6.0},{"damage":1.0,"enemies":"Orb Walker","floor":38.0,"turns":2.0},{"damage":0.0,"enemies":"Sphere and 2 Shapes","floor":41.0,"turns":1.0},{"damage":50.0,"enemies":"Nemesis","floor":42.0,"turns":5.0},{"damage":8.0,"enemies":"Mind Bloom Boss Battle","floor":45.0,"turns":4.0},{"damage":31.0,"enemies":"Transient","floor":47.0,"turns":5.0},{"damage":18,"enemies":"Time Eater","floor":50,"turns":5}],"seed_played":"9076352360750874467","potions_obtained":[{"floor":0.0,"key":"SpeedPotion"},{"floor":0.0,"key":"Ancient Potion"},{"floor":0.0,"key":"Strength Potion"},{"floor":8.0,"key":"Dexterity Potion"},{"floor":10.0,"key":"Fire Potion"},{"floor":14.0,"key":"Poison Potion"},{"floor":18.0,"key":"PowerPotion"},{"floor":21.0,"key":"Weak Potion"},{"floor":23.0,"key":"AttackPotion"},{"floor":41.0,"key":"LiquidBronze"},{"floor":45.0,"key":"Explosive Potion"},{"floor":47.0,"key":"AttackPotion"}],"is_trial":false,"path_per_floor":["M","$","?","M","?","E","R","E","T","E","?","?","R","M","R","B",null,"M","?","$","M","?","E","R","E","T","?","M","R","?","M","R","B",null,"M","$","?","M","?","R","M","E","T","R","?","R","M","$","R","B",null],"character_chosen":"IRONCLAD","items_purchased":["Perfected Strike","Happy Flower","Weak Potion","Dual Wield","PowerPotion","The Bomb","Membership Card","Sundial","Thread and Needle","Dream Catcher"],"campfire_rested":5,"item_purchase_floors":[2,20,20,36,36,36,48,48,48,48],"current_hp_per_floor":[66,66,66,66,66,52,52,29,29,32,20,20,44,47,47,26,67,63,31,31,35,35,20,44,32,32,32,38,38,38,32,56,9,62,59,59,59,64,64,64,70,26,26,50,48,48,23,23,47,35],"gold":16,"neow_bonus":"THREE_SMALL_POTIONS","is_prod":false,"is_daily":false,"chose_seed":false,"campfire_upgraded":5,"win_rate":0,"timestamp":1551105903,"path_taken":["M","$","?","?","?","E","R","E","T","E","?","?","R","M","R","BOSS","M","?","$","M","?","E","R","E","T","?","M","R","?","M","R","BOSS","M","$","?","M","?","R","M","E","T","R","?","R","M","$","R","BOSS"],"build_version":"2019-01-23","purchased_purges":2,"victory":true,"max_hp_per_floor":[80,80,80,80,80,80,80,80,80,80,80,80,80,80,80,80,80,80,80,80,80,80,80,80,80,80,80,80,80,80,80,80,80,80,80,80,80,80,80,80,80,80,80,80,80,80,80,80,80,80],"card_choices":[{"not_picked":["Flame Barrier","Body Slam"],"picked":"Perfected Strike","floor":1.0},{"not_picked":["Heavy Blade","Armaments"],"picked":"Ghostly Armor","floor":4.0},{"not_picked":["Flex","True Grit"],"picked":"Shrug It Off","floor":6.0},{"not_picked":["Wild Strike","Iron Wave"],"picked":"Brutality","floor":8.0},{"not_picked":["Headbutt","Limit Break"],"picked":"Thunderclap","floor":10.0},{"not_picked":["Thunderclap","Searing Blow"],"picked":"Flame Barrier","floor":14.0},{"not_picked":["Exhume","Demon Form"],"picked":"Bludgeon","floor":16.0},{"not_picked":[],"picked":"Bloodletting","floor":18.0},{"not_picked":[],"picked":"Fire Breathing+1","floor":19.0},{"not_picked":["Second Wind+1"],"picked":"SKIP","floor":21.0},{"not_picked":["Armaments"],"picked":"SKIP","floor":23.0},{"not_picked":["Searing Blow+1"],"picked":"SKIP","floor":25.0},{"not_picked":["Carnage+1"],"picked":"SKIP","floor":28.0},{"not_picked":["True Grit"],"picked":"SKIP","floor":31.0},{"not_picked":[],"picked":"Feed","floor":33.0},{"not_picked":["Twin Strike+1"],"picked":"SKIP","floor":35.0},{"not_picked":[],"picked":"Flame Barrier+1","floor":38.0},{"not_picked":["Cleave+1"],"picked":"SKIP","floor":41.0},{"not_picked":[],"picked":"Impervious","floor":42.0},{"not_picked":[],"picked":"Wild Strike+1","floor":45.0},{"not_picked":[],"picked":"Shockwave+1","floor":47.0},{"not_picked":[],"picked":"Intimidate+1","floor":49.0}],"player_experience":386590,"relics_obtained":[{"floor":6.0,"key":"Juzu Bracelet"},{"floor":8.0,"key":"Letter Opener"},{"floor":9.0,"key":"Bag of Preparation"},{"floor":10.0,"key":"Smiling Mask"},{"floor":19.0,"key":"Red Mask"},{"floor":23.0,"key":"Peace Pipe"},{"floor":25.0,"key":"Unceasing Top"},{"floor":26.0,"key":"The Courier"},{"floor":42.0,"key":"Centennial Puzzle"},{"floor":43.0,"key":"Darkstone Periapt"},{"floor":45.0,"key":"Charon\u0027s Ashes"}],"event_choices":[{"damage_healed":0.0,"max_hp_gain":0.0,"max_hp_loss":0.0,"gold_gain":0.0,"event_name":"Accursed Blacksmith","player_choice":"Forge","floor":3.0,"gold_loss":0.0,"damage_taken":0.0,"cards_upgraded":["Bash"]},{"damage_healed":0.0,"max_hp_gain":0.0,"max_hp_loss":0.0,"gold_gain":52.0,"event_name":"Golden Wing","player_choice":"Gained Gold","floor":5.0,"gold_loss":0.0,"damage_taken":0.0},{"damage_healed":0.0,"max_hp_gain":0.0,"max_hp_loss":0.0,"gold_gain":0.0,"event_name":"Scrap Ooze","player_choice":"Success","floor":11.0,"gold_loss":0.0,"damage_taken":12.0,"relics_obtained":["Shuriken"]},{"damage_healed":0.0,"max_hp_gain":0.0,"max_hp_loss":0.0,"gold_gain":0.0,"event_name":"Living Wall","player_choice":"Grow","floor":12.0,"gold_loss":0.0,"damage_taken":0.0,"cards_upgraded":["Perfected Strike"]},{"damage_healed":0.0,"max_hp_gain":0.0,"max_hp_loss":0.0,"gold_gain":0.0,"event_name":"Masked Bandits","player_choice":"Fought Bandits","floor":19.0,"gold_loss":0.0,"damage_taken":0.0},{"damage_healed":0.0,"max_hp_gain":0.0,"max_hp_loss":0.0,"gold_gain":0.0,"event_name":"Duplicator","player_choice":"Copied","floor":22.0,"gold_loss":0.0,"damage_taken":0.0,"cards_obtained":["Perfected Strike"]},{"damage_healed":0.0,"max_hp_gain":0.0,"max_hp_loss":0.0,"gold_gain":0.0,"event_name":"The Mausoleum","player_choice":"Opened","floor":27.0,"gold_loss":0.0,"damage_taken":0.0,"relics_obtained":["PreservedInsect"],"cards_obtained":["Writhe"]},{"cards_removed":["Writhe"],"damage_healed":0.0,"max_hp_gain":0.0,"max_hp_loss":0.0,"gold_gain":0.0,"event_name":"Beggar","player_choice":"Gave Gold","floor":30.0,"gold_loss":75.0,"damage_taken":0.0},{"cards_removed":["Defend_R"],"damage_healed":0.0,"max_hp_gain":0.0,"max_hp_loss":0.0,"gold_gain":0.0,"event_name":"Falling","player_choice":"Removed Skill","floor":37.0,"gold_loss":0.0,"damage_taken":0.0},{"damage_healed":0.0,"max_hp_gain":0.0,"max_hp_loss":0.0,"gold_gain":222.0,"event_name":"Tomb of Lord Red Mask","player_choice":"Wore Mask","floor":39.0,"gold_loss":0.0,"damage_taken":0.0},{"damage_healed":0.0,"max_hp_gain":0.0,"max_hp_loss":0.0,"gold_gain":0.0,"event_name":"MindBloom","player_choice":"Fight","floor":45.0,"gold_loss":0.0,"damage_taken":0.0}],"is_beta":false,"boss_relics":[{"not_picked":["Black Blood","Tiny House"],"picked":"Busted Crown"},{"not_picked":["Sozu","Velvet Choker"],"picked":"Snecko Eye"}],"items_purged_floors":[20,48],"is_endless":false,"potions_floor_spawned":[4,8,10,14,18,21,23,41,45,47],"ascension_level":9}