{"gold_per_floor":[110,125,141,151,164,195,195,345,372,30,64,11,44,44,44,116,116,127,139,139,139,139,139,168,180,180,180,9,9,9],"floor_reached":30,"playtime":1824,"items_purged":["Doubt"],"score":586,"play_id":"215b5ac0-346b-44a7-8120-045e4b9b2803","local_time":"20190113123813","is_ascension_mode":true,"campfire_choices":[{"floor":7.0,"key":"REST"},{"floor":15.0,"key":"REST"},{"floor":23,"key":"REST"},{"floor":29,"key":"REST"}],"neow_cost":"PERCENT_DAMAGE","seed_source_timestamp":0,"circlet_count":0,"master_deck":["AscendersBane","Strike_R+1","Strike_R+1","Defend_R+1","Defend_R+1","Defend_R+1","Defend_R+1","Bash","Feed","Headbutt","Clash+1","Clothesline","Sword Boomerang","Combust","Feel No Pain","Apotheosis","Impervious","Limit Break","Demon Form","Shrug It Off+1","Armaments+1","Carnage+1","Reaper"],"special_seed":0,"relics":["Burning Blood","Juzu Bracelet","Orichalcum","Potion Belt","Astrolabe","Dream Catcher","Oddly Smooth Stone"],"potions_floor_usage":[21,24,27,27,27],"damage_taken":[{"damage":13.0,"enemies":"2 Louse","floor":1.0,"turns":3.0},{"damage":4.0,"enemies":"Jaw Worm","floor":2.0,"turns":3.0},{"damage":10.0,"enemies":"Small Slimes","floor":3.0,"turns":4.0},{"damage":16.0,"enemies":"3 Louse","floor":4.0,"turns":4.0},{"damage":19.0,"enemies":"Large Slime","floor":5.0,"turns":8.0},{"damage":8.0,"enemies":"Gremlin Nob","floor":6.0,"turns":3.0},{"damage":18.0,"enemies":"3 Sentries","floor":11.0,"turns":6.0},{"damage":10.0,"enemies":"Lagavulin","floor":13.0,"turns":6.0},{"damage":47.0,"enemies":"Hexaghost","floor":16.0,"turns":8.0},{"damage":21,"enemies":"Spheric Guardian","floor":18,"turns":10},{"damage":33,"enemies":"3 Byrds","floor":19,"turns":7},{"damage":0,"enemies":"Shelled Parasite and Fungi","floor":21,"turns":1},{"damage":56,"enemies":"Gremlin Leader","floor":24,"turns":7},{"damage":42,"enemies":"Snake Plant","floor":25,"turns":7},{"damage":14,"enemies":"Colosseum Slavers","floor":27,"turns":7},{"damage":60,"enemies":"Slavers","floor":30,"turns":4}],"seed_played":"8276061311727285684","potions_obtained":[{"floor":1.0,"key":"SpeedPotion"},{"floor":3.0,"key":"PowerPotion"},{"floor":4.0,"key":"SteroidPotion"},{"floor":13.0,"key":"Fire Potion"},{"floor":16.0,"key":"Strength Potion"},{"floor":18,"key":"SmokeBomb"},{"floor":19,"key":"Strength Potion"},{"floor":24,"key":"AttackPotion"}],"is_trial":false,"path_per_floor":["M","M","M","M","M","E","R","?","T","$","E","$","E","?","R","B",null,"M","M","?","M","?","R","E","M","T","?","$","R","E"],"character_chosen":"IRONCLAD","items_purchased":["Apotheosis","Strength Potion","Fire Potion","Reaper"],"campfire_rested":4,"item_purchase_floors":[10,10,12,28],"current_hp_per_floor":[46,51,50,43,33,31,58,58,58,58,50,50,50,21,50,9,76,65,42,63,69,69,100,50,18,18,13,13,46,0],"gold":9,"neow_bonus":"THREE_RARE_CARDS","is_prod":false,"is_daily":false,"chose_seed":false,"campfire_upgraded":0,"win_rate":0,"timestamp":1547401093,"path_taken":["M","M","M","M","M","E","R","?","T","$","E","?","E","?","R","BOSS","M","M","?","M","?","R","E","M","T","?","$","R","E"],"build_version":"2019-01-10","purchased_purges":1,"victory":false,"max_hp_per_floor":[78,81,84,87,90,90,90,90,90,90,94,94,98,98,98,98,98,102,106,106,106,106,106,106,110,110,113,113,113,113],"card_choices":[{"not_picked":["Bludgeon","Dark Embrace"],"picked":"Feed","floor":0.0},{"not_picked":["Cleave","Feel No Pain"],"picked":"Headbutt","floor":1.0},{"not_picked":["Evolve","Flex"],"picked":"Clash","floor":2.0},{"not_picked":["Body Slam","Second Wind"],"picked":"Clothesline","floor":3.0},{"not_picked":["Iron Wave","Power Through"],"picked":"Sword Boomerang","floor":4.0},{"not_picked":["Flex","True Grit"],"picked":"Combust","floor":5.0},{"not_picked":["Bludgeon","Seeing Red"],"picked":"Feel No Pain","floor":6.0},{"not_picked":["Perfected Strike","Cleave"],"picked":"Impervious","floor":11.0},{"not_picked":["Anger","True Grit"],"picked":"Limit Break","floor":13.0},{"not_picked":["Limit Break","Double Tap"],"picked":"Demon Form","floor":16.0},{"not_picked":["Thunderclap","Blood for Blood","Perfected Strike+1"],"picked":"SKIP","floor":18},{"not_picked":["Hemokinesis","Entrench","Reckless Charge"],"picked":"SKIP","floor":19},{"not_picked":["Rage","Burning Pact","Sentinel"],"picked":"SKIP","floor":24},{"not_picked":["True Grit","Cleave","Anger"],"picked":"SKIP","floor":25}],"player_experience":734062,"relics_obtained":[{"floor":6.0,"key":"Juzu Bracelet"},{"floor":11.0,"key":"Orichalcum"},{"floor":13.0,"key":"Potion Belt"},{"floor":24,"key":"Dream Catcher"},{"floor":26,"key":"Oddly Smooth Stone"}],"event_choices":[{"damage_healed":0.0,"max_hp_gain":0.0,"max_hp_loss":0.0,"gold_gain":150.0,"event_name":"Liars Game","player_choice":"AGREE","floor":8.0,"gold_loss":0.0,"damage_taken":0.0,"cards_obtained":["Doubt"]},{"damage_healed":0.0,"max_hp_gain":0.0,"max_hp_loss":0.0,"gold_gain":0.0,"event_name":"Shining Light","player_choice":"Entered Light","floor":14.0,"gold_loss":0.0,"damage_taken":29.0,"cards_upgraded":["Clash","Strike_R"]},{"damage_healed":21,"gold_gain":0,"player_choice":"Heal","damage_taken":0,"max_hp_gain":0,"max_hp_loss":0,"event_name":"The Library","floor":20,"gold_loss":0},{"damage_healed":0,"gold_gain":0,"player_choice":"Simplicity","damage_taken":0,"max_hp_gain":0,"max_hp_loss":0,"event_name":"Back to Basics","floor":22,"gold_loss":0,"cards_upgraded":["Strike_R","Defend_R","Defend_R","Defend_R","Defend_R"]},{"damage_healed":0,"gold_gain":0,"player_choice":"Fight","damage_taken":0,"max_hp_gain":0,"max_hp_loss":0,"event_name":"Colosseum","floor":27,"gold_loss":0},{"damage_healed":0,"gold_gain":0,"player_choice":"Fled From Nobs","damage_taken":0,"max_hp_gain":0,"max_hp_loss":0,"event_name":"Colosseum","floor":27,"gold_loss":0}],"is_beta":false,"boss_relics":[{"not_picked":["Orrery","Mark of Pain"],"picked":"Astrolabe"}],"items_purged_floors":[10],"is_endless":false,"potions_floor_spawned":[1,3,4,5,13,16,18,19,21,24],"killed_by":"Slavers","ascension_level":20}