{"gold_per_floor":[110,121,132,0,0,26,46,46,120,131,144,173,191,205,205,278,278,296,296,211,221,231,231,260,260,260,293,313,323,28,42,42,42],"floor_reached":33,"playtime":1506,"items_purged":["Strike_R"],"score":602,"play_id":"d77fa5dc-bd01-44c0-a817-9b65e28f0bc2","local_time":"20181019161908","is_ascension_mode":true,"campfire_choices":[{"floor":8,"key":"REST"},{"data":"Fiend Fire","floor":15,"key":"SMITH"},{"data":"Whirlwind","floor":23,"key":"SMITH"},{"data":"Offering","floor":25,"key":"SMITH"},{"floor":32,"key":"REST"}],"neow_cost":"NONE","seed_source_timestamp":0,"circlet_count":0,"master_deck":["Strike_R","Strike_R","Strike_R","Strike_R","Defend_R","Defend_R","Defend_R","Defend_R","Bash","AscendersBane","Whirlwind+1","Feel No Pain","Body Slam","Feed","Rampage","Shrug It Off","Offering+1","Reckless Charge","Carnage","Fiend Fire+1","Second Wind","Immolate","Battle Trance","Uppercut+1","Shrug It Off","True Grit","Metallicize+1","Pommel Strike"],"special_seed":0,"relics":["Burning Blood","Bag of Preparation","FossilizedHelix","Bottled Tornado","Strawberry","Runic Cube","Boot","Self Forming Clay","Dodecahedron","Red Mask","Pen Nib"],"potions_floor_usage":[11,16,24,27,33,33],"damage_taken":[{"damage":1.0,"enemies":"2 Louse","floor":1.0,"turns":4.0},{"damage":7.0,"enemies":"Jaw Worm","floor":2.0,"turns":3.0},{"damage":4.0,"enemies":"Small Slimes","floor":3.0,"turns":4.0},{"damage":76.0,"enemies":"Lagavulin","floor":6.0,"turns":9.0},{"damage":0,"enemies":"Gremlin Gang","floor":7,"turns":2},{"damage":1,"enemies":"2 Fungi Beasts","floor":10,"turns":3},{"damage":17,"enemies":"Exordium Thugs","floor":11,"turns":4},{"damage":16,"enemies":"3 Sentries","floor":12,"turns":6},{"damage":3,"enemies":"Blue Slaver","floor":13,"turns":4},{"damage":0,"enemies":"3 Louse","floor":14,"turns":1},{"damage":45,"enemies":"Hexaghost","floor":16,"turns":8},{"damage":8,"enemies":"Chosen","floor":18,"turns":4},{"damage":26,"enemies":"3 Byrds","floor":21,"turns":5},{"damage":14,"enemies":"Snake Plant","floor":22,"turns":4},{"damage":15,"enemies":"Book of Stabbing","floor":24,"turns":4},{"damage":0,"enemies":"Masked Bandits","floor":27,"turns":2},{"damage":10,"enemies":"Shelled Parasite and Fungi","floor":28,"turns":3},{"damage":0,"enemies":"Centurion and Healer","floor":29,"turns":4},{"damage":12,"enemies":"Snake Plant","floor":31,"turns":3},{"damage":105,"enemies":"Automaton","floor":33,"turns":12}],"seed_played":"-1260098521953848277","potions_obtained":[{"floor":3.0,"key":"SkillPotion"},{"floor":7,"key":"AttackPotion"},{"floor":11,"key":"GamblersBrew"},{"floor":12,"key":"GamblersBrew"},{"floor":13,"key":"Strength Potion"},{"floor":16,"key":"BloodPotion"},{"floor":18,"key":"Explosive Potion"},{"floor":27,"key":"EssenceOfSteel"},{"floor":29,"key":"SkillPotion"}],"is_trial":false,"path_per_floor":["M","M","M","$","?","E","M","R","T","M","M","E","M","M","R","B",null,"M","?","?","M","M","R","E","R","T","?","M","M","$","M","R"],"character_chosen":"IRONCLAD","items_purchased":["Feed","PowerPotion","Pen Nib","Pommel Strike"],"campfire_rested":2,"item_purchase_floors":[4,4,30,30],"current_hp_per_floor":[73,72,74,74,79,9,18,42,42,50,39,39,45,51,51,12,77,78,78,78,61,53,53,44,44,44,50,49,55,55,52,85,0],"gold":42,"neow_bonus":"RANDOM_COMMON_RELIC","is_prod":false,"is_daily":false,"chose_seed":false,"campfire_upgraded":3,"win_rate":0,"timestamp":1539980348,"path_taken":["M","M","M","$","?","E","M","R","T","M","?","E","M","M","R","BOSS","M","?","?","M","M","R","E","R","T","?","M","M","$","M","R","BOSS"],"build_version":"2018-10-18","purchased_purges":1,"victory":false,"max_hp_per_floor":[75,75,75,75,80,80,83,83,83,86,86,96,99,99,99,99,99,102,102,102,105,105,105,105,105,105,105,108,108,108,111,111,111],"card_choices":[{"not_picked":["Cleave","Corruption"],"picked":"Whirlwind","floor":1.0},{"not_picked":["Headbutt","Thunderclap"],"picked":"Feel No Pain","floor":2.0},{"not_picked":["Clash","Dropkick"],"picked":"Body Slam","floor":3.0},{"not_picked":["Havoc","Entrench"],"picked":"Rampage","floor":6},{"not_picked":["Heavy Blade","Sword Boomerang"],"picked":"Shrug It Off","floor":7},{"not_picked":["Wild Strike","Burning Pact"],"picked":"Offering","floor":10},{"not_picked":["Body Slam","Sword Boomerang"],"picked":"Reckless Charge","floor":11},{"not_picked":["Iron Wave","Perfected Strike"],"picked":"Carnage","floor":12},{"not_picked":["Rampage","Evolve"],"picked":"Fiend Fire","floor":13},{"not_picked":["Feel No Pain","Wild Strike"],"picked":"Second Wind","floor":14},{"not_picked":["Bludgeon","Berserk"],"picked":"Immolate","floor":16},{"not_picked":["Body Slam+1","Ghostly Armor"],"picked":"Battle Trance","floor":18},{"not_picked":["Perfected Strike","Rage","True Grit"],"picked":"SKIP","floor":21},{"not_picked":["Pummel","Ghostly Armor"],"picked":"Uppercut+1","floor":22},{"not_picked":["Flex","Sword Boomerang","Whirlwind"],"picked":"SKIP","floor":24},{"not_picked":["Headbutt","Warcry"],"picked":"Shrug It Off","floor":27},{"not_picked":["Power Through","Twin Strike"],"picked":"True Grit","floor":28},{"not_picked":["Clothesline","Burning Pact"],"picked":"Metallicize+1","floor":29},{"not_picked":["Clothesline","Iron Wave","Searing Blow+1"],"picked":"SKIP","floor":31}],"player_experience":579768,"relics_obtained":[{"floor":6,"key":"FossilizedHelix"},{"floor":9,"key":"Bottled Tornado"},{"floor":12,"key":"Strawberry"},{"floor":24,"key":"Self Forming Clay"},{"floor":26,"key":"Dodecahedron"},{"floor":27,"key":"Red Mask"}],"event_choices":[{"damage_healed":0.0,"max_hp_gain":5.0,"max_hp_loss":0.0,"gold_gain":0.0,"event_name":"Big Fish","player_choice":"Donut","floor":5.0,"gold_loss":0.0,"damage_taken":0.0},{"damage_healed":0,"gold_gain":0,"player_choice":"Got Potions","damage_taken":0,"max_hp_gain":0,"max_hp_loss":0,"event_name":"The Lab","floor":19,"gold_loss":0},{"damage_healed":0,"gold_gain":0,"player_choice":"Obtained Relic","damage_taken":0,"relics_obtained":["Boot"],"max_hp_gain":0,"max_hp_loss":0,"event_name":"Addict","floor":20,"gold_loss":85},{"damage_healed":0,"gold_gain":0,"player_choice":"Fought Bandits","damage_taken":0,"max_hp_gain":0,"max_hp_loss":0,"event_name":"Masked Bandits","floor":27,"gold_loss":0}],"is_beta":false,"boss_relics":[{"not_picked":["Calling Bell","Lizard Tail"],"picked":"Runic Cube"}],"items_purged_floors":[30],"is_endless":false,"potions_floor_spawned":[3,7,11,12,13,16,18,21,27,29,31],"killed_by":"Automaton","ascension_level":19}