{"gold_per_floor":[117,128,146,157,175,175,204,204,227,227,239,255,287,4,4,105,105,122,172,21,38,38,38,64,64,88,88,115,125,143,160,160,263,263,278,27,47,47,67,67,92,92,115,115,115,132,132,166,166,166],"floor_reached":51,"playtime":1907,"items_purged":["Strike_R"],"score":1285,"play_id":"ee383d27-0272-4156-a832-fade3d9ce040","local_time":"20190201231433","is_ascension_mode":true,"campfire_choices":[{"data":"Armaments","floor":6,"key":"SMITH"},{"floor":8,"key":"REST"},{"floor":10,"key":"REST"},{"data":"Uppercut","floor":15,"key":"SMITH"},{"data":"Demon Form","floor":23,"key":"SMITH"},{"floor":25,"key":"REST"},{"data":"Sunder","floor":27,"key":"SMITH"},{"floor":32,"key":"REST"},{"floor":40,"key":"REST"},{"data":"Leg Sweep","floor":42,"key":"SMITH"},{"data":"Outmaneuver","floor":44,"key":"SMITH"},{"data":"Pummel","floor":49,"key":"SMITH"}],"neow_cost":"NONE","seed_source_timestamp":36721004423673,"circlet_count":0,"master_deck":["AscendersBane","Strike_R","Strike_R","Defend_R","Defend_R","Defend_R","Defend_R","Bash","Shrug It Off","Pummel+1","Anger","Armaments+1","Uppercut+1","Demon Form+1","Heavy Blade","Sunder+1","Go for the Eyes+1","Spot Weakness+1","Outmaneuver+1","Leg Sweep+1"],"relics":["Burning Blood","Blood Vial","Omamori","Oddly Smooth Stone","Ancient Tea Set","PrismaticShard","Snecko Eye","Bronze Scales","Lantern","Juzu Bracelet","Gremlin Horn","Empty Cage","Bottled Tornado","Bottled Lightning","Strawberry","Ice Cream"],"potions_floor_usage":[5,13,24,28,33,39,48,50],"damage_taken":[{"damage":1,"enemies":"Cultist","floor":1,"turns":3},{"damage":3,"enemies":"Small Slimes","floor":2,"turns":3},{"damage":9,"enemies":"Jaw Worm","floor":3,"turns":4},{"damage":10,"enemies":"Red Slaver","floor":4,"turns":3},{"damage":38,"enemies":"Exordium Thugs","floor":5,"turns":7},{"damage":38,"enemies":"Lagavulin","floor":7,"turns":7},{"damage":2,"enemies":"Blue Slaver","floor":11,"turns":4},{"damage":3,"enemies":"Red Slaver","floor":12,"turns":3},{"damage":16,"enemies":"Gremlin Nob","floor":13,"turns":4},{"damage":38,"enemies":"The Guardian","floor":16,"turns":13},{"damage":6,"enemies":"Spheric Guardian","floor":18,"turns":4},{"damage":0,"enemies":"3 Byrds","floor":21,"turns":4},{"damage":46,"enemies":"Book of Stabbing","floor":24,"turns":6},{"damage":40,"enemies":"Gremlin Leader","floor":28,"turns":4},{"damage":10,"enemies":"Centurion and Healer","floor":29,"turns":3},{"damage":12,"enemies":"Chosen and Byrds","floor":30,"turns":3},{"damage":12,"enemies":"Snake Plant","floor":31,"turns":3},{"damage":13,"enemies":"Champ","floor":33,"turns":6},{"damage":6,"enemies":"Orb Walker","floor":35,"turns":2},{"damage":16,"enemies":"3 Shapes","floor":37,"turns":7},{"damage":27,"enemies":"Jaw Worm Horde","floor":39,"turns":4},{"damage":9,"enemies":"Giant Head","floor":41,"turns":6},{"damage":3,"enemies":"4 Shapes","floor":46,"turns":3},{"damage":13,"enemies":"Reptomancer","floor":48,"turns":5},{"damage":46,"enemies":"Donu and Deca","floor":50,"turns":6}],"seed_played":"-5078411519982275055","potions_obtained":[{"floor":1,"key":"PowerPotion"},{"floor":3,"key":"SkillPotion"},{"floor":7,"key":"Block Potion"},{"floor":12,"key":"Weak Potion"},{"floor":18,"key":"FearPotion"},{"floor":24,"key":"Dexterity Potion"},{"floor":30,"key":"FearPotion"},{"floor":33,"key":"Poison Potion"},{"floor":39,"key":"EssenceOfSteel"},{"floor":46,"key":"Block Potion"}],"is_trial":false,"path_per_floor":["M","M","M","M","M","R","E","R","T","R","M","M","E","$","R","B",null,"M","?","$","M","$","R","E","R","T","R","E","M","M","M","R","B",null,"M","$","M","$","M","R","E","R","T","R","?","M","?","E","R","B",null],"character_chosen":"IRONCLAD","items_purchased":["PrismaticShard","Bronze Scales","Bottled Tornado"],"campfire_rested":5,"item_purchase_floors":[14,20,36],"current_hp_per_floor":[79,80,77,75,45,45,15,39,39,63,69,74,66,66,66,36,69,71,71,71,79,79,79,40,64,64,64,32,30,26,22,46,41,70,72,72,64,64,45,69,68,68,75,75,75,80,80,75,75,37],"gold":166,"neow_bonus":"RANDOM_COMMON_RELIC","is_prod":false,"is_daily":false,"chose_seed":false,"campfire_upgraded":7,"win_rate":0,"timestamp":1549080873,"path_taken":["M","M","M","M","?","R","E","R","T","R","M","M","E","$","R","BOSS","M","?","$","M","?","R","E","R","T","R","E","M","M","M","R","BOSS","M","$","M","$","M","R","E","R","T","R","?","M","?","E","R","BOSS"],"build_version":"2019-01-23","purchased_purges":1,"victory":true,"max_hp_per_floor":[80,80,80,80,80,80,80,80,80,80,80,80,80,80,80,80,80,80,80,80,80,80,80,80,80,80,80,80,80,80,80,80,80,80,80,80,80,80,80,80,80,80,87,87,87,87,87,87,87,87],"card_choices":[{"not_picked":["Rupture","Sever Soul","Twin Strike"],"picked":"SKIP","floor":1},{"not_picked":["Clash","Sentinel"],"picked":"Shrug It Off","floor":2},{"not_picked":["Body Slam","True Grit"],"picked":"Pummel","floor":3},{"not_picked":["Sever Soul","Shrug It Off"],"picked":"Anger","floor":4},{"not_picked":["Shrug It Off","Heavy Blade"],"picked":"Armaments","floor":5},{"not_picked":["Twin Strike","Body Slam","Rupture"],"picked":"SKIP","floor":7},{"not_picked":["Body Slam","Fire Breathing"],"picked":"Uppercut","floor":11},{"not_picked":["Anger","Warcry","Heavy Blade"],"picked":"SKIP","floor":12},{"not_picked":["Wild Strike","Ghostly Armor","Armaments"],"picked":"SKIP","floor":13},{"not_picked":["Exhume","Fission"],"picked":"Demon Form","floor":16},{"not_picked":["Leap","Dagger Spray"],"picked":"Heavy Blade","floor":18},{"not_picked":["Streamline","Thunderclap+1"],"picked":"Sunder","floor":21},{"not_picked":["Sentinel","Poisoned Stab+1","Grand Finale"],"picked":"SKIP","floor":24},{"not_picked":["FTL","Sentinel+1"],"picked":"Go for the Eyes+1","floor":28},{"not_picked":["Body Slam","Redo","Seeing Red"],"picked":"SKIP","floor":29},{"not_picked":["Twin Strike","Havoc+1"],"picked":"Spot Weakness+1","floor":30},{"not_picked":["Flex","Masterful Stab"],"picked":"Outmaneuver","floor":31},{"not_picked":["Finesse+1","Sword Boomerang+1","Sucker Punch"],"picked":"SKIP","floor":35},{"not_picked":["Clash+1","Prepared+1"],"picked":"Leg Sweep","floor":37},{"not_picked":["Finesse","Prepared","Lockon+1"],"picked":"SKIP","floor":39},{"not_picked":["Blade Dance+1","Prepared+1","Compile Driver+1"],"picked":"SKIP","floor":41},{"not_picked":["Blade Dance+1","Prepared+1","Compile Driver+1"],"picked":"SKIP","floor":41},{"not_picked":["Sweeping Beam","True Grit+1","Poisoned Stab"],"picked":"SKIP","floor":46},{"not_picked":["Streamline+1","Cloak And Dagger","Dark Shackles"],"picked":"SKIP","floor":48}],"player_experience":208022,"relics_obtained":[{"floor":7,"key":"Omamori"},{"floor":9,"key":"Oddly Smooth Stone"},{"floor":13,"key":"Ancient Tea Set"},{"floor":24,"key":"Lantern"},{"floor":26,"key":"Juzu Bracelet"},{"floor":28,"key":"Gremlin Horn"},{"floor":41,"key":"Bottled Lightning"},{"floor":43,"key":"Strawberry"},{"floor":48,"key":"Ice Cream"}],"event_choices":[{"damage_healed":0,"gold_gain":100,"player_choice":"Bet on Murderer","damage_taken":0,"max_hp_gain":0,"max_hp_loss":0,"event_name":"The Joust","floor":19,"gold_loss":50},{"damage_healed":0,"gold_gain":0,"player_choice":"Memory 1","damage_taken":0,"max_hp_gain":0,"max_hp_loss":0,"event_name":"SensoryStone","floor":45,"gold_loss":0},{"damage_healed":0,"gold_gain":0,"player_choice":"Bought 0 Potions","damage_taken":0,"max_hp_gain":0,"max_hp_loss":0,"event_name":"The Woman in Blue","floor":47,"gold_loss":0}],"is_beta":false,"boss_relics":[{"not_picked":["Black Star","Runic Dome"],"picked":"Snecko Eye"},{"not_picked":["Lizard Tail","White Beast Statue"],"picked":"Empty Cage"}],"items_purged_floors":[14],"is_endless":false,"potions_floor_spawned":[1,3,7,12,18,24,30,33,39,46],"ascension_level":11}