{"gold_per_floor":[11,22,32,49,49,79,134,151,151,177,177,187,187,84,84,183,183,193,212,227,227,100,126,146,160,206,52,52,52,52,52,52,52],"floor_reached":33,"playtime":1181,"items_purged":[],"score":292,"play_id":"c210ae4d-4156-4623-ac57-57a0e2b01f26","local_time":"20190218225015","is_ascension_mode":false,"campfire_choices":[{"floor":13,"key":"REST"},{"floor":15,"key":"REST"},{"floor":28,"key":"REST"},{"floor":30,"key":"REST"},{"floor":32,"key":"REST"}],"neow_cost":"NO_GOLD","seed_source_timestamp":332684875139300,"circlet_count":0,"master_deck":["Strike_B","Strike_B","Strike_B","Strike_B","Defend_B","Defend_B","Defend_B","Defend_B","Zap","Dualcast+1","Ball Lightning","Static Discharge","Leap+1","Defragment","Ball Lightning","Electrodynamics","Leap+1","Conserve Battery+1","Echo Form","Tempest+1","Ball Lightning","Leap+1","Loop","Leap+1","Steam+1","Defragment","Lockon"],"relics":["Cracked Core","Ginger","Potion Belt","Vajra","Cables","Ancient Tea Set","Toxic Egg 2","Black Star","MutagenicStrength","Art of War","Omamori","PreservedInsect","War Paint","Enchiridion","Thread and Needle"],"potions_floor_usage":[23,23,25],"damage_taken":[{"damage":0,"enemies":"Cultist","floor":1,"turns":3},{"damage":3,"enemies":"Jaw Worm","floor":2,"turns":3},{"damage":5,"enemies":"Small Slimes","floor":3,"turns":3},{"damage":5,"enemies":"Looter","floor":4,"turns":3},{"damage":21,"enemies":"Lagavulin","floor":6,"turns":5},{"damage":15,"enemies":"Gremlin Nob","floor":7,"turns":4},{"damage":1,"enemies":"2 Fungi Beasts","floor":8,"turns":3},{"damage":7,"enemies":"Blue Slaver","floor":12,"turns":2},{"damage":31,"enemies":"Hexaghost","floor":16,"turns":6},{"damage":17,"enemies":"Spheric Guardian","floor":18,"turns":4},{"damage":7,"enemies":"Shell Parasite","floor":19,"turns":5},{"damage":0,"enemies":"3 Cultists","floor":20,"turns":3},{"damage":33,"enemies":"Slavers","floor":23,"turns":4},{"damage":10,"enemies":"Cultist and Chosen","floor":24,"turns":4},{"damage":5,"enemies":"Centurion and Healer","floor":25,"turns":3},{"damage":53,"enemies":"Champ","floor":33,"turns":8}],"seed_played":"-8337292937726076149","potions_obtained":[{"floor":1,"key":"Weak Potion"},{"floor":2,"key":"Poison Potion"},{"floor":4,"key":"Strength Potion"},{"floor":7,"key":"Swift Potion"},{"floor":16,"key":"Energy Potion"},{"floor":19,"key":"FocusPotion"},{"floor":23,"key":"SpeedPotion"}],"is_trial":false,"path_per_floor":["M","M","M","M","?","E","?","M","T","T","?","M","R","$","R","B",null,"M","M","M","?","$","E","M","M","T","$","R","?","R","?","R","B"],"character_chosen":"DEFECT","items_purchased":["Leap+1","Conserve Battery+1","Loop","Leap+1","War Paint"],"campfire_rested":5,"item_purchase_floors":[14,14,22,22,27],"current_hp_per_floor":[75,72,67,62,62,41,26,25,25,25,18,11,33,33,55,24,75,58,51,51,51,51,18,8,3,3,3,25,9,31,31,53,0],"gold":52,"neow_bonus":"ONE_RARE_RELIC","is_prod":false,"is_daily":false,"chose_seed":false,"campfire_upgraded":0,"win_rate":0,"timestamp":1550526615,"path_taken":["M","M","?","?","?","E","?","M","T","?","?","?","R","?","R","BOSS","M","M","?","?","$","E","M","M","T","$","R","?","R","?","R","BOSS"],"build_version":"2019-02-06","purchased_purges":0,"victory":false,"max_hp_per_floor":[75,75,75,75,75,75,75,75,75,75,75,75,75,75,75,75,75,75,75,75,75,75,75,75,75,75,75,75,75,75,75,75,75],"card_choices":[{"not_picked":["Reprogram","Tempest"],"picked":"Ball Lightning","floor":1},{"not_picked":["Hologram","Redo"],"picked":"Static Discharge","floor":2},{"not_picked":["Steam","Hologram","Gash"],"picked":"SKIP","floor":3},{"not_picked":["Turbo","Coolheaded","Compile Driver"],"picked":"SKIP","floor":4},{"not_picked":["White Noise","Blizzard"],"picked":"Leap","floor":6},{"not_picked":["Leap","Rebound"],"picked":"Defragment","floor":7},{"not_picked":["FTL","Compile Driver"],"picked":"Ball Lightning","floor":8},{"not_picked":["Aggregate+1","Self Repair"],"picked":"Electrodynamics","floor":12},{"not_picked":["Reboot+1","Rainbow+1"],"picked":"Echo Form","floor":16},{"not_picked":["Scrape","Doom and Gloom"],"picked":"Tempest+1","floor":18},{"not_picked":["Streamline+1","Sweeping Beam+1"],"picked":"Ball Lightning","floor":19},{"not_picked":["Barrage","Rebound+1"],"picked":"Leap+1","floor":20},{"not_picked":["Compile Driver+1","Electrodynamics"],"picked":"Steam+1","floor":23},{"not_picked":["Rebound","Turbo+1"],"picked":"Defragment","floor":24},{"not_picked":["Heatsinks","Tempest+1"],"picked":"Lockon","floor":25}],"player_experience":231585,"relics_obtained":[{"floor":6,"key":"Potion Belt"},{"floor":7,"key":"Vajra"},{"floor":9,"key":"Cables"},{"floor":10,"key":"Ancient Tea Set"},{"floor":23,"key":"Art of War"},{"floor":23,"key":"Omamori"},{"floor":26,"key":"PreservedInsect"},{"floor":29,"key":"Enchiridion"}],"event_choices":[{"damage_healed":0,"gold_gain":0,"player_choice":"Ignored","damage_taken":0,"max_hp_gain":0,"max_hp_loss":0,"event_name":"Golden Wing","floor":5,"gold_loss":0},{"damage_healed":0,"gold_gain":0,"player_choice":"Searched \u00271\u0027 times","damage_taken":0,"max_hp_gain":0,"max_hp_loss":0,"event_name":"Dead Adventurer","floor":7,"gold_loss":0},{"damage_healed":0,"gold_gain":0,"player_choice":"Success","damage_taken":7,"relics_obtained":["Toxic Egg 2"],"max_hp_gain":0,"max_hp_loss":0,"event_name":"Scrap Ooze","floor":11,"gold_loss":0},{"damage_healed":0,"gold_gain":0,"player_choice":"Inject Mutagens","damage_taken":0,"relics_obtained":["MutagenicStrength"],"max_hp_gain":0,"max_hp_loss":0,"event_name":"Drug Dealer","floor":21,"gold_loss":0},{"damage_healed":0,"gold_gain":0,"player_choice":"Obtained Book","damage_taken":16,"max_hp_gain":0,"max_hp_loss":0,"event_name":"Cursed Tome","floor":29,"gold_loss":0},{"damage_healed":0,"gold_gain":0,"player_choice":"Opened","damage_taken":0,"relics_obtained":["Thread and Needle"],"max_hp_gain":0,"max_hp_loss":0,"event_name":"The Mausoleum","floor":31,"gold_loss":0}],"is_beta":true,"boss_relics":[{"not_picked":["Astrolabe","Runic Pyramid"],"picked":"Black Star"}],"items_purged_floors":[],"is_endless":false,"potions_floor_spawned":[1,2,4,7,16,19,20,23],"killed_by":"Champ","ascension_level":0}