{"gold_per_floor":[116,129,144,144,158,158,190,190,214,95,95,106,106],"floor_reached":13,"playtime":454,"items_purged":["Strike_R"],"score":170,"play_id":"de2529b0-23b5-4a28-820e-5c672852a9c6","local_time":"20181210215301","is_ascension_mode":true,"campfire_choices":[{"data":"Twin Strike","floor":6,"key":"SMITH"},{"data":"Defend_R","floor":8,"key":"SMITH"}],"neow_cost":"NONE","seed_source_timestamp":1418833756060839,"circlet_count":0,"master_deck":["AscendersBane","Strike_R","Strike_R","Strike_R","Strike_R","Defend_R","Defend_R","Defend_R","Defend_R+1","Bash+1","Twin Strike+1","Clash","Infernal Blade","Sword Boomerang","Impervious","Corruption","Disarm"],"relics":["Burning Blood","Strawberry","Happy Flower"],"potions_floor_usage":[7],"damage_taken":[{"damage":9,"enemies":"Jaw Worm","floor":1,"turns":6},{"damage":2,"enemies":"Cultist","floor":2,"turns":4},{"damage":7,"enemies":"Small Slimes","floor":3,"turns":3},{"damage":3,"enemies":"Looter","floor":5,"turns":2},{"damage":30,"enemies":"3 Sentries","floor":7,"turns":9},{"damage":23,"enemies":"3 Louse","floor":12,"turns":4},{"damage":45,"enemies":"Exordium Thugs","floor":13,"turns":4}],"seed_played":"-4047989328511466420","potions_obtained":[{"floor":0,"key":"Explosive Potion"},{"floor":0,"key":"Weak Potion"},{"floor":7,"key":"PowerPotion"}],"is_trial":false,"path_per_floor":["M","M","M","?","M","R","E","R","T","$","?","M","M"],"character_chosen":"IRONCLAD","items_purchased":["Corruption"],"campfire_rested":0,"item_purchase_floors":[10],"current_hp_per_floor":[65,69,68,68,71,71,54,54,54,54,59,42,0],"gold":106,"neow_bonus":"THREE_SMALL_POTIONS","is_prod":false,"is_daily":false,"chose_seed":false,"campfire_upgraded":2,"win_rate":0,"timestamp":1544496781,"path_taken":["M","M","M","?","?","R","E","R","T","?","?","M","M"],"build_version":"2018-12-06","purchased_purges":1,"victory":false,"max_hp_per_floor":[75,75,75,75,75,75,82,82,82,82,87,87,87],"card_choices":[{"not_picked":["Clash","Fire Breathing"],"picked":"Twin Strike","floor":1},{"not_picked":["Thunderclap","Havoc"],"picked":"Clash","floor":2},{"not_picked":["Power Through","Headbutt"],"picked":"Infernal Blade","floor":3},{"not_picked":["Perfected Strike","Burning Pact"],"picked":"Sword Boomerang","floor":5},{"not_picked":["Body Slam","Flex"],"picked":"Impervious","floor":7},{"not_picked":["Twin Strike","Burning Pact"],"picked":"Disarm","floor":12}],"player_experience":673924,"relics_obtained":[{"floor":7,"key":"Strawberry"},{"floor":9,"key":"Happy Flower"}],"event_choices":[{"damage_healed":0,"gold_gain":0,"player_choice":"Upgraded","damage_taken":0,"max_hp_gain":0,"max_hp_loss":0,"event_name":"Upgrade Shrine","floor":4,"gold_loss":0,"cards_upgraded":["Bash"]},{"damage_healed":0,"gold_gain":0,"player_choice":"Donut","damage_taken":0,"max_hp_gain":5,"max_hp_loss":0,"event_name":"Big Fish","floor":11,"gold_loss":0}],"is_beta":false,"boss_relics":[],"items_purged_floors":[10],"is_endless":false,"potions_floor_spawned":[2,7,12],"killed_by":"Exordium Thugs","ascension_level":20}