{"path_per_floor":["M","M","M","?","?","R","M","E","T","M","E","M","M","?","R","B",null,"M","?","?","M","?"],"character_chosen":"IRONCLAD","items_purchased":[],"gold_per_floor":[111,129,142,142,142,142,156,188,188,200,227,237,250,250,250,328,328,342,342,342,356,356,356],"floor_reached":23,"campfire_rested":0,"playtime":957,"current_hp_per_floor":[77,76,80,80,80,80,80,62,62,68,47,41,43,35,35,10,63,69,69,69,64,80,0],"items_purged":[],"gold":356,"score":335,"play_id":"772fe471-8aab-4df2-a818-81b0e1722bd5","local_time":"20180428152659","is_prod":false,"is_daily":false,"chose_seed":false,"is_ascension_mode":true,"campfire_upgraded":2,"timestamp":1524947219,"path_taken":["M","M","?","?","?","R","M","E","T","M","E","M","?","?","R","BOSS","M","?","?","M","?","E"],"build_version":"2018-04-28","seed_source_timestamp":2259641074431485,"purchased_purges":0,"victory":false,"master_deck":["Bash","AscendersBane","Immolate+1","Thunderclap","Metallicize","Shrug It Off","Havoc","Warcry","Evolve","Rupture","Disarm","Warcry+1","Demon Form","Clash","Entrench","Seeing Red","Havoc","Ghostly Armor","Bloodletting","Clash","Infernal Blade","Clothesline","Iron Wave","Flex"],"max_hp_per_floor":[80,80,80,80,80,80,80,80,80,80,80,80,80,80,80,80,80,80,80,80,80,80,80],"relics":["Burning Blood","Regal Pillow","Vajra","Self Forming Clay","Pandora\u0027s Box"],"card_choices":[{"not_picked":["Double Tap","Limit Break"],"picked":"Immolate","floor":0},{"not_picked":["Entrench","Shrug It Off"],"picked":"Thunderclap","floor":1},{"not_picked":["True Grit","Armaments"],"picked":"Metallicize","floor":2},{"not_picked":["Blood for Blood","Wild Strike"],"picked":"Shrug It Off","floor":3},{"not_picked":["Headbutt","Corruption"],"picked":"Havoc","floor":7},{"not_picked":["Rampage","Havoc"],"picked":"Warcry","floor":8},{"not_picked":["Iron Wave","Reckless Charge"],"picked":"Evolve","floor":10},{"not_picked":["Heavy Blade","Cleave"],"picked":"Rupture","floor":11},{"not_picked":["Clash","Warcry"],"picked":"Disarm","floor":12},{"not_picked":["Juggernaut","Pommel Strike"],"picked":"Warcry","floor":13},{"not_picked":["Juggernaut","Feed"],"picked":"Demon Form","floor":16},{"not_picked":["Whirlwind","Uppercut"],"picked":"Iron Wave","floor":18},{"not_picked":["Twin Strike","Bloodletting"],"picked":"Flex","floor":21}],"player_experience":288784,"potions_floor_usage":[8,18,18,23,23],"damage_taken":[{"damage":1,"enemies":"Cultist","floor":1,"turns":3},{"damage":7,"enemies":"Small Slimes","floor":2,"turns":2},{"damage":0,"enemies":"2 Louse","floor":3,"turns":1},{"damage":3,"enemies":"Looter","floor":7,"turns":2},{"damage":24,"enemies":"3 Sentries","floor":8,"turns":3},{"damage":0,"enemies":"Blue Slaver","floor":10,"turns":1},{"damage":27,"enemies":"Lagavulin","floor":11,"turns":6},{"damage":12,"enemies":"Red Slaver","floor":12,"turns":5},{"damage":4,"enemies":"Looter","floor":13,"turns":4},{"damage":31,"enemies":"The Guardian","floor":16,"turns":15},{"damage":0,"enemies":"Spheric Guardian","floor":18,"turns":2},{"damage":11,"enemies":"2 Thieves","floor":21,"turns":2},{"damage":101,"enemies":"Slavers","floor":23,"turns":7}],"event_choices":[{"event_name":"Liars Game","player_choice":"disagreed","floor":4,"damage_taken":0},{"event_name":"The Lab","player_choice":"Got Potions","floor":5,"damage_taken":0},{"event_name":"Wheel of Change","player_choice":"Damage","floor":14,"damage_taken":0},{"event_name":"Ghosts","player_choice":"Ignored","floor":19,"damage_taken":0},{"event_name":"Back to Basics","player_choice":"Elegance","floor":20,"damage_taken":0},{"event_name":"The Library","player_choice":"Heal","floor":22,"damage_taken":0}],"boss_relics":[{"not_picked":["Tiny House","Astrolabe"],"picked":"Pandora\u0027s Box"}],"potions_floor_spawned":[3,11,12,13,16,21],"seed_played":"1457878877192949038","killed_by":"Slavers","ascension_level":13,"is_trial":false}