{"path_per_floor":["M","?","?","M","?","E","M","R","T","M","M","E","R","M","R","B",null,"M","?","M","?","?","R","E","?","T","R","M","M","$","M","R","B",null,"M","?","M","M","?","R","E","$","T","?","M","R","M","M","R","B"],"character_chosen":"DEFECT","items_purchased":["Defragment","Singing Bowl","Bronze Scales","Energy Potion","Anchor"],"gold_per_floor":[109,184,134,147,147,176,195,195,245,263,282,313,313,332,332,434,434,453,453,473,473,473,473,503,529,584,584,598,608,114,132,132,228,228,248,248,260,278,278,278,304,54,54,54,67,67,79,94,94,94],"floor_reached":51,"campfire_rested":7,"playtime":1702,"item_purchase_floors":[30,30,30,30,42],"current_hp_per_floor":[65,54,54,54,54,29,29,66,66,54,46,38,75,75,75,14,60,48,34,21,21,21,60,40,40,40,79,48,31,36,16,56,40,74,57,39,41,41,80,80,37,37,37,37,6,46,38,30,70,23],"items_purged":["Strike_B","Normality"],"gold":94,"score":1210,"play_id":"8e375ff1-0fc2-4d81-bb6e-333c9029269b","local_time":"20180620112457","is_prod":false,"is_daily":false,"chose_seed":false,"is_ascension_mode":true,"campfire_upgraded":2,"win_rate":0,"timestamp":1529511897,"campfire_choices":[{"floor":8,"key":"REST"},{"floor":13,"key":"REST"},{"data":"Static Discharge","floor":15,"key":"SMITH"},{"floor":23,"key":"REST"},{"floor":27,"key":"REST"},{"floor":32,"key":"REST"},{"data":"Defragment","floor":40,"key":"SMITH"},{"floor":46,"key":"REST"},{"floor":49,"key":"REST"}],"path_taken":["M","?","?","M","?","E","M","R","T","?","M","E","R","M","R","BOSS","M","?","?","?","?","R","E","?","T","R","M","M","$","M","R","BOSS","M","?","?","M","?","R","E","$","T","?","M","R","M","?","R","BOSS"],"build_version":"2018-06-14v2","seed_source_timestamp":2965282996511298,"purchased_purges":2,"victory":true,"master_deck":["Strike_B","Strike_B","Defend_B","Defend_B","Defend_B","Defend_B","Zap","Dualcast","Streamline+1","Static Discharge+1","Heatsinks","Ball Lightning","Electrodynamics","Seek","Conserve Battery","Ball Lightning+1","Auto Shields","Thunder Strike","Static Discharge+1","Melter","Defragment+1","Storm+1","Echo Form","Defragment+1","Writhe","White Noise"],"max_hp_per_floor":[75,75,75,75,75,75,75,75,75,75,75,75,75,75,75,75,75,75,80,80,80,80,80,80,80,80,80,80,80,85,85,85,85,85,87,89,91,91,80,80,82,82,82,82,84,84,86,86,86,86],"relics":["Cracked Core","Regal Pillow","Bag of Preparation","Sundial","Cursed Key","Boot","Red Mask","Lantern","Singing Bowl","Bronze Scales","Runic Dome","Peace Pipe","Bottled Flame","Anchor","Turnip"],"card_choices":[{"not_picked":["Rebound","Leap"],"picked":"Streamline","floor":1},{"not_picked":["Heatsinks","Fusion"],"picked":"FTL","floor":4},{"not_picked":["Ball Lightning","Barrage"],"picked":"Static Discharge","floor":6},{"not_picked":["Streamline","Genetic Algorithm"],"picked":"Heatsinks","floor":7},{"not_picked":["Redo","Undo","Streamline"],"picked":"SKIP","floor":10},{"not_picked":["Streamline","Steam"],"picked":"Ball Lightning","floor":11},{"not_picked":["Melter","Lockon"],"picked":"Electrodynamics","floor":12},{"not_picked":["Stack","Coolheaded","Gash"],"picked":"SKIP","floor":14},{"not_picked":["Creative AI","Rainbow"],"picked":"Seek","floor":16},{"not_picked":["Streamline+1","Darkness"],"picked":"Conserve Battery","floor":18},{"not_picked":["Stack","Recycle+1"],"picked":"Ball Lightning+1","floor":20},{"not_picked":["Stack","Skim+1"],"picked":"Thunder Strike","floor":24},{"not_picked":["Leap","Stack"],"picked":"Static Discharge+1","floor":25},{"not_picked":["Turbo+1","Double Energy+1"],"picked":"Melter","floor":28},{"not_picked":["Sweeping Beam","Gash","Go for the Eyes"],"picked":"SKIP","floor":29},{"not_picked":["Hyperbeam","Ball Lightning"],"picked":"Storm+1","floor":31},{"not_picked":["Meteor Strike","Reboot"],"picked":"Echo Form","floor":33},{"not_picked":["Stack+1","Aggregate+1","Coolheaded+1"],"picked":"Singing Bowl","floor":35},{"not_picked":["Darkness","Skim+1","Force Field"],"picked":"Singing Bowl","floor":36},{"not_picked":["Steam","Gash+1","Redo+1"],"picked":"Singing Bowl","floor":37},{"not_picked":["Streamline+1","Steam Power+1"],"picked":"Defragment+1","floor":38},{"not_picked":["Scrape","Recycle+1","Go for the Eyes+1"],"picked":"Singing Bowl","floor":41},{"not_picked":["Coolheaded+1","Compile Driver+1","Lockon+1"],"picked":"Singing Bowl","floor":45},{"not_picked":["Reprogram+1","Rebound","Skim+1"],"picked":"Singing Bowl","floor":47},{"not_picked":["Machine Learning","Ball Lightning+1"],"picked":"White Noise","floor":48}],"player_experience":401224,"potions_floor_usage":[6,12,24,25,29,30,41,41,50],"damage_taken":[{"damage":3,"enemies":"Jaw Worm","floor":1,"turns":4},{"damage":0,"enemies":"2 Louse","floor":4,"turns":2},{"damage":25,"enemies":"Lagavulin","floor":6,"turns":5},{"damage":0,"enemies":"Cultist","floor":7,"turns":2},{"damage":12,"enemies":"Looter","floor":10,"turns":3},{"damage":8,"enemies":"3 Louse","floor":11,"turns":2},{"damage":8,"enemies":"Gremlin Nob","floor":12,"turns":3},{"damage":0,"enemies":"Exordium Wildlife","floor":14,"turns":2},{"damage":61,"enemies":"The Guardian","floor":16,"turns":7},{"damage":12,"enemies":"Chosen","floor":18,"turns":3},{"damage":13,"enemies":"Shell Parasite","floor":20,"turns":5},{"damage":27,"enemies":"Gremlin Leader","floor":24,"turns":5},{"damage":0,"floor":25,"turns":2},{"damage":31,"enemies":"Snecko","floor":28,"turns":4},{"damage":17,"enemies":"Cultist and Chosen","floor":29,"turns":4},{"damage":20,"enemies":"Centurion and Healer","floor":31,"turns":2},{"damage":16,"enemies":"Automaton","floor":33,"turns":4},{"damage":19,"enemies":"3 Darklings","floor":35,"turns":2},{"damage":20,"floor":36,"turns":5},{"damage":0,"enemies":"3 Shapes","floor":37,"turns":2},{"damage":0,"enemies":"Sphere and 2 Shapes","floor":38,"turns":4},{"damage":45,"enemies":"2 Orb Walkers","floor":41,"turns":3},{"damage":33,"enemies":"3 Darklings","floor":45,"turns":3},{"damage":10,"enemies":"4 Shapes","floor":47,"turns":2},{"damage":8,"enemies":"Sphere and 2 Shapes","floor":48,"turns":3},{"damage":59,"enemies":"Donu and Deca","floor":50,"turns":3}],"relics_obtained":[{"floor":6,"key":"Regal Pillow"},{"floor":9,"key":"Bag of Preparation"},{"floor":12,"key":"Sundial"},{"floor":24,"key":"Boot"},{"floor":25,"key":"Red Mask"},{"floor":26,"key":"Lantern"},{"floor":36,"key":"Peace Pipe"},{"floor":41,"key":"Bottled Flame"},{"floor":43,"key":"Turnip"}],"event_choices":[{"event_name":"World of Goop","player_choice":"Gather Gold","floor":2,"damage_taken":0},{"event_name":"The Cleric","player_choice":"Card Removal","floor":3,"damage_taken":0},{"event_name":"Living Wall","player_choice":"Grow","floor":5,"damage_taken":0},{"event_name":"Forgotten Altar","player_choice":"Shed Blood","floor":19,"damage_taken":0},{"event_name":"The Woman in Blue","player_choice":"Bought 0 Potions","floor":21,"damage_taken":0},{"event_name":"The Library","player_choice":"Read","floor":22,"damage_taken":0},{"event_name":"Masked Bandits","player_choice":"Fought over 503 gold","floor":25,"damage_taken":0},{"event_name":"MindBloom","player_choice":"Fight","floor":36,"damage_taken":0},{"event_name":"The Moai Head","player_choice":"Heal","floor":39,"damage_taken":0},{"event_name":"Falling","player_choice":"Removed Attack","floor":44,"damage_taken":0}],"boss_relics":[{"not_picked":["Tiny House","Coffee Dripper"],"picked":"Cursed Key"},{"not_picked":["Orrery","Astrolabe"],"picked":"Runic Dome"}],"items_purged_floors":[30,42],"is_endless":false,"potions_floor_spawned":[4,6,10,12,14,16,24,29,31,33,36,41,45,48],"seed_played":"3997909559398950009","ascension_level":7,"potions_obtained":[{"floor":4,"key":"SkillPotion"},{"floor":6,"key":"FocusPotion"},{"floor":10,"key":"Fire Potion"},{"floor":12,"key":"SneckoOil"},{"floor":14,"key":"PowerPotion"},{"floor":16,"key":"Regen Potion"},{"floor":24,"key":"Block Potion"},{"floor":29,"key":"Fruit Juice"},{"floor":31,"key":"Poison Potion"},{"floor":33,"key":"Explosive Potion"},{"floor":36,"key":"AttackPotion"},{"floor":41,"key":"GamblersBrew"},{"floor":45,"key":"SteroidPotion"}],"is_trial":false}