{"gold_per_floor":[119,119,142,217,36,36,77,77,102,146,225,237,249,72,72,200,200,223,138,162,162,183,183,217,217,217,217,252,252,252,291,291,412,412,428,444,458,479,500,539,558,572,641,641,766,766,784,809,809,809,809,809,152,192,192],"floor_reached":56,"playtime":2069,"items_purged":["Strike_R"],"score":1422,"play_id":"86f17385-f9c2-44fb-bd74-609738b71138","local_time":"20181117223848","is_ascension_mode":true,"campfire_choices":[{"data":"Bash","floor":6,"key":"SMITH"},{"data":"Mayhem","floor":8,"key":"SMITH"},{"floor":12,"key":"REST"},{"data":"Barricade","floor":15,"key":"SMITH"},{"data":"Inflame","floor":23,"key":"SMITH"},{"data":"Limit Break","floor":25,"key":"SMITH"},{"data":"True Grit","floor":29,"key":"SMITH"},{"floor":32,"key":"REST"},{"floor":49,"key":"RECALL"},{"data":"Feel No Pain","floor":52,"key":"SMITH"}],"neow_cost":"NONE","seed_source_timestamp":981539991700450,"circlet_count":0,"master_deck":["Strike_R","Strike_R","Strike_R","Strike_R","Defend_R","Defend_R","Defend_R","Defend_R","Bash+1","Headbutt","Mayhem+1","Barricade+1","Shrug It Off","Feel No Pain+1","Reaper","Limit Break+1","True Grit+1","Inflame+1","Writhe","Combust+1","Reaper","Corruption+1","Pummel","Disarm+1","Juggernaut+1","Clumsy","Parasite","Clumsy","Feel No Pain+1","Body Slam","Impervious+1","Entrench+1","Pommel Strike+1","Sword Boomerang+1","Uppercut+1","Dual Wield+1","Reckless Charge+1","Evolve+1"],"relics":["Burning Blood","Golden Idol","PreservedInsect","Bronze Scales","MawBank","Snecko Eye","Darkstone Periapt","Frozen Egg 2","Turnip","Toxic Egg 2","Bag of Preparation","Boot","Calling Bell","Art of War","Letter Opener","Unceasing Top","Du-Vu Doll","Molten Egg 2","Ice Cream","Pen Nib","Tiny Chest","Potion Belt"],"potions_floor_usage":[16,24,24,33,33,42,45,55,55,55,55],"damage_taken":[{"damage":6,"enemies":"Jaw Worm","floor":1,"turns":3},{"damage":0,"enemies":"2 Louse","floor":3,"turns":3},{"damage":28,"enemies":"Gremlin Nob","floor":7,"turns":4},{"damage":29,"enemies":"3 Sentries","floor":10,"turns":7},{"damage":35,"enemies":"Slime Boss","floor":16,"turns":7},{"damage":2,"enemies":"Chosen","floor":18,"turns":6},{"damage":24,"enemies":"Spheric Guardian","floor":20,"turns":6},{"damage":13,"enemies":"Cultist and Chosen","floor":22,"turns":8},{"damage":44,"enemies":"Book of Stabbing","floor":24,"turns":5},{"damage":52,"enemies":"Slavers","floor":28,"turns":4},{"damage":14,"enemies":"Book of Stabbing","floor":31,"turns":4},{"damage":58,"enemies":"Automaton","floor":33,"turns":9},{"damage":2,"enemies":"Orb Walker","floor":35,"turns":3},{"damage":2,"enemies":"3 Shapes","floor":36,"turns":4},{"damage":69,"enemies":"Sphere and 2 Shapes","floor":37,"turns":6},{"damage":1,"enemies":"Maw","floor":38,"turns":7},{"damage":0,"enemies":"Jaw Worm Horde","floor":39,"turns":4},{"damage":14,"enemies":"Giant Head","floor":40,"turns":5},{"damage":0,"enemies":"4 Shapes","floor":41,"turns":4},{"damage":23,"enemies":"3 Darklings","floor":42,"turns":5},{"damage":20,"enemies":"Mind Bloom Boss Battle","floor":45,"turns":6},{"damage":20,"enemies":"Transient","floor":47,"turns":5},{"damage":0,"enemies":"Spire Growth","floor":48,"turns":4},{"damage":81,"enemies":"Time Eater","floor":50,"turns":6},{"damage":35,"enemies":"Shield and Spear","floor":54,"turns":5},{"damage":98,"enemies":"The Heart","floor":55,"turns":9}],"seed_played":"3838830512577940669","potions_obtained":[{"floor":10,"key":"PowerPotion"},{"floor":16,"key":"BloodPotion"},{"floor":18,"key":"SpeedPotion"},{"floor":30,"key":"Swift Potion"},{"floor":30,"key":"Explosive Potion"},{"floor":30,"key":"Energy Potion"},{"floor":33,"key":"SpeedPotion"},{"floor":35,"key":"FearPotion"},{"floor":37,"key":"GamblersBrew"},{"floor":42,"key":"Regen Potion"},{"floor":47,"key":"Poison Potion"},{"floor":54,"key":"BloodPotion"}],"is_trial":false,"path_per_floor":["M","?","M","?","$","R","E","R","T","E","?","R","?","$","R","B",null,"M","?","M","?","M","R","E","R","T","?","E","R","?","E","R","B",null,"M","M","M","M","M","E","M","M","T","T","?","?","M","M","R","B",null,"R","$","E","B",null],"character_chosen":"IRONCLAD","items_purchased":["Mayhem","Feel No Pain","Reaper","Dexterity Potion","Dual Wield+1","Reckless Charge+1","Pen Nib","Evolve+1","FearPotion","Tiny Chest"],"campfire_rested":2,"item_purchase_floors":[5,14,14,53,53,53,53,53,53,53],"current_hp_per_floor":[88,66,72,61,61,61,39,39,39,16,16,42,47,47,47,42,93,93,93,75,81,82,82,68,68,68,68,43,43,43,41,70,47,117,117,117,84,109,117,117,117,117,117,117,117,117,105,117,117,92,117,117,117,95,54],"gold":192,"neow_bonus":"TEN_PERCENT_HP_BONUS","is_prod":false,"is_daily":false,"chose_seed":false,"campfire_upgraded":7,"win_rate":0,"timestamp":1542512328,"path_taken":["M","?","M","?","$","R","E","R","T","E","?","R","?","$","R","BOSS","M","?","M","?","M","R","E","R","T","?","E","R","?","E","R","BOSS","M","M","?","M","M","E","M","M","T","?","?","?","M","?","R","BOSS","R","$","E","BOSS"],"build_version":"2018-11-15","purchased_purges":1,"victory":true,"max_hp_per_floor":[88,88,88,88,88,88,88,88,88,88,88,88,93,93,93,93,93,93,93,93,99,99,99,99,99,99,99,99,99,99,99,99,99,117,117,117,117,117,117,117,117,117,117,117,117,117,117,117,117,117,117,117,117,117,117],"card_choices":[{"not_picked":["Intimidate","Blood for Blood"],"picked":"Headbutt","floor":1},{"not_picked":["Clash","Rage","Blood for Blood"],"picked":"SKIP","floor":3},{"not_picked":["Burning Pact","Pommel Strike"],"picked":"Barricade","floor":7},{"not_picked":["Twin Strike","Disarm"],"picked":"Shrug It Off","floor":10},{"not_picked":["Double Tap","Juggernaut"],"picked":"Limit Break","floor":16},{"not_picked":["Havoc","Twin Strike"],"picked":"True Grit","floor":18},{"not_picked":["Sword Boomerang+1","Perfected Strike+1"],"picked":"Inflame","floor":20},{"not_picked":["Headbutt+1","Cleave+1"],"picked":"Combust+1","floor":22},{"not_picked":["Havoc","Iron Wave"],"picked":"Reaper","floor":24},{"not_picked":["Dual Wield+1","Body Slam"],"picked":"Pummel","floor":28},{"not_picked":["Infernal Blade+1","Clothesline"],"picked":"Disarm+1","floor":31},{"not_picked":["Bludgeon","Limit Break+1"],"picked":"Juggernaut+1","floor":33},{"not_picked":["Searing Blow+1","Reckless Charge+1"],"picked":"Feel No Pain+1","floor":35},{"not_picked":["Headbutt+1","Perfected Strike"],"picked":"Body Slam","floor":36},{"not_picked":["Battle Trance+1","Evolve+1"],"picked":"Impervious+1","floor":37},{"not_picked":["Anger","Havoc+1","Thunderclap+1"],"picked":"SKIP","floor":38},{"not_picked":["Perfected Strike+1","Havoc+1","Pommel Strike"],"picked":"SKIP","floor":39},{"not_picked":["Cleave","Havoc+1"],"picked":"Entrench+1","floor":40},{"not_picked":["Iron Wave","Battle Trance+1","Armaments+1"],"picked":"SKIP","floor":41},{"not_picked":["Headbutt+1","Fire Breathing+1","Rupture+1"],"picked":"SKIP","floor":42},{"not_picked":["Flex+1","Headbutt+1"],"picked":"Pommel Strike+1","floor":45},{"not_picked":["Twin Strike+1","Rupture+1"],"picked":"Sword Boomerang+1","floor":47},{"not_picked":["Evolve+1","Heavy Blade+1"],"picked":"Uppercut+1","floor":48},{"not_picked":["Cleave+1","Brutality+1","Intimidate+1"],"picked":"SKIP","floor":54}],"player_experience":644983,"relics_obtained":[{"floor":7,"key":"PreservedInsect"},{"floor":9,"key":"Bronze Scales"},{"floor":10,"key":"MawBank"},{"floor":24,"key":"Turnip"},{"floor":26,"key":"Toxic Egg 2"},{"floor":28,"key":"Bag of Preparation"},{"floor":31,"key":"Boot"},{"floor":34,"key":"Art of War"},{"floor":34,"key":"Letter Opener"},{"floor":34,"key":"Unceasing Top"},{"floor":40,"key":"Du-Vu Doll"},{"floor":44,"key":"Molten Egg 2"},{"floor":45,"key":"Ice Cream"},{"floor":54,"key":"Potion Belt"}],"event_choices":[{"damage_healed":0,"gold_gain":0,"player_choice":"Take Damage","damage_taken":22,"relics_obtained":["Golden Idol"],"max_hp_gain":0,"max_hp_loss":0,"event_name":"Golden Idol","floor":2,"gold_loss":0},{"damage_healed":0,"gold_gain":75,"player_choice":"Gather Gold","damage_taken":11,"max_hp_gain":0,"max_hp_loss":0,"event_name":"World of Goop","floor":4,"gold_loss":0},{"damage_healed":0,"gold_gain":67,"player_choice":"Gained Gold","damage_taken":0,"max_hp_gain":0,"max_hp_loss":0,"event_name":"Golden Wing","floor":11,"gold_loss":0},{"damage_healed":0,"gold_gain":0,"player_choice":"Donut","damage_taken":0,"max_hp_gain":5,"max_hp_loss":0,"event_name":"Big Fish","floor":13,"gold_loss":0},{"damage_healed":0,"gold_gain":0,"player_choice":"Obtained Relic","damage_taken":0,"relics_obtained":["Darkstone Periapt"],"max_hp_gain":0,"max_hp_loss":0,"event_name":"Addict","floor":19,"gold_loss":85},{"damage_healed":0,"gold_gain":0,"player_choice":"Opened","damage_taken":0,"relics_obtained":["Frozen Egg 2"],"max_hp_gain":0,"max_hp_loss":0,"event_name":"The Mausoleum","floor":21,"gold_loss":0,"cards_obtained":["Writhe"]},{"damage_healed":0,"gold_gain":0,"player_choice":"Read","damage_taken":0,"max_hp_gain":0,"max_hp_loss":0,"event_name":"The Library","floor":27,"gold_loss":0,"cards_obtained":["Corruption"]},{"damage_healed":0,"gold_gain":0,"player_choice":"Got Potions","damage_taken":0,"max_hp_gain":0,"max_hp_loss":0,"event_name":"Lab","floor":30,"gold_loss":0},{"damage_healed":0,"gold_gain":0,"player_choice":"Fight","damage_taken":0,"max_hp_gain":0,"max_hp_loss":0,"event_name":"MindBloom","floor":45,"gold_loss":0},{"damage_healed":0,"gold_gain":0,"player_choice":"Memory 1","damage_taken":0,"max_hp_gain":0,"max_hp_loss":0,"event_name":"SensoryStone","floor":46,"gold_loss":0}],"is_beta":false,"boss_relics":[{"not_picked":["Black Star","Astrolabe"],"picked":"Snecko Eye"},{"not_picked":["Eternal Feather","Black Blood"],"picked":"Calling Bell"}],"items_purged_floors":[53],"is_endless":false,"potions_floor_spawned":[10,16,18,31,33,35,37,40,42,47,54],"ascension_level":1}