{"path_per_floor":["M","M","M","M","$","R","E","R","T","R","E","M","E","M","R","B",null,"M","M","M","M","M","R","E","R","T","?","R","E","$","M","R","B",null,"M","M","$","?","M","R","M","E","T","$","M","M","R","M","R","B"],"character_chosen":"IRONCLAD","items_purchased":["Dropkick","Centennial Puzzle","Ornamental Fan","Energy Potion"],"gold_per_floor":[118,130,140,150,75,75,102,102,102,102,127,147,181,191,191,296,296,316,282,298,314,325,325,352,352,352,352,352,381,66,85,85,185,185,195,211,111,411,421,421,435,470,545,116,132,151,151,163,163,163],"floor_reached":51,"campfire_rested":2,"playtime":5593,"current_hp_per_floor":[32,36,41,44,44,44,59,59,59,59,65,74,78,86,86,93,100,104,108,100,96,83,83,55,107,107,107,107,96,96,95,95,75,128,103,77,77,77,74,127,124,119,119,119,114,107,107,114,114,44],"items_purged":["Strike_R","Defend_R","Defend_R"],"gold":163,"score":669,"play_id":"37ed58a1-a673-4051-b2ec-42b09446744d","is_prod":false,"is_daily":false,"is_ascension_mode":false,"campfire_upgraded":9,"path_taken":["M","M","M","M","$","R","E","R","T","R","E","?","E","M","R","BOSS","M","M","M","M","M","R","E","R","T","?","R","E","$","M","R","BOSS","M","M","?","?","M","R","M","E","T","$","M","M","R","M","R","BOSS"],"build_version":"2018-02-08-PROD1","purchased_purges":3,"victory":true,"master_deck":["Strike_R+1","Strike_R+1","Defend_R+1","Defend_R+1","Bash+1","Twin Strike","Iron Wave","Clash","Iron Wave","Armaments+1","Feed+1","Uppercut+1","Flame Barrier+1","Clash","Metallicize+1","Clash","Headbutt","Anger+1","Clash","Thunderclap","Offering+1","Berserk+1","Dropkick","Clash","Pommel Strike","Clash","Seeing Red+1","Blood for Blood+1","Metallicize+1"],"max_hp_per_floor":[80,80,80,80,80,80,84,84,84,84,84,88,92,96,96,100,100,104,108,112,116,120,120,124,124,124,124,124,124,124,128,128,128,128,128,128,128,128,128,128,132,139,139,139,139,143,143,143,143,147],"relics":["Black Blood","Dream Catcher","Regal Pillow","Blood Vial","Toolbox","Letter Opener","Ice Cream","Ginger","Centennial Puzzle","Black Star","Happy Flower","Strawberry","Molten Egg 2","Ornamental Fan"],"card_choices":[{"not_picked":["Warcry","Sever Soul"],"picked":"Clash"},{"not_picked":["Perfected Strike","Cleave"],"picked":"Iron Wave"},{"not_picked":["Metallicize","Pommel Strike"],"picked":"Armaments"},{"not_picked":["Spot Weakness","Twin Strike"],"picked":"Feed"},{"not_picked":["Power Through","Shrug It Off"],"picked":"Uppercut"},{"not_picked":["Cleave","Offering"],"picked":"Flame Barrier"},{"not_picked":["Body Slam","Battle Trance"],"picked":"Clash"},{"not_picked":["Sword Boomerang","Twin Strike"],"picked":"Metallicize"},{"not_picked":["Iron Wave","Whirlwind"],"picked":"Clash"},{"not_picked":["Heavy Blade","Pommel Strike"],"picked":"Headbutt"},{"not_picked":["Shrug It Off","Burning Pact"],"picked":"Anger"},{"not_picked":["Flex","Sword Boomerang"],"picked":"Clash"},{"not_picked":["Armaments","Cleave"],"picked":"Thunderclap"},{"not_picked":["Headbutt","Armaments"],"picked":"Offering"},{"not_picked":["Second Wind","Searing Blow"],"picked":"Berserk"},{"not_picked":["Fire Breathing","Warcry"],"picked":"Clash"},{"not_picked":["Body Slam","Thunderclap"],"picked":"Pommel Strike"},{"not_picked":["Dark Embrace","Reckless Charge"],"picked":"Clash"},{"not_picked":["Flame Barrier","Headbutt"],"picked":"Seeing Red"},{"not_picked":["Pommel Strike","Clothesline"],"picked":"Blood for Blood"},{"not_picked":["Second Wind","Sever Soul"],"picked":"Metallicize"}],"player_experience":13595,"potions_floor_usage":[7,20,24,31,33,33,41,50,50,50],"damage_taken":[{"damage":14,"enemies":"Blue Slaver","floor":1,"turns":5},{"damage":2,"enemies":"2 Louse","floor":2,"turns":3},{"damage":1,"enemies":"Cultist","floor":3,"turns":3},{"damage":3,"enemies":"Lots of Slimes","floor":4,"turns":4},{"damage":10,"enemies":"3 Sentries","floor":7,"turns":9},{"damage":0,"enemies":"Gremlin Nob","floor":11,"turns":3},{"damage":3,"enemies":"2 Fungi Beasts","floor":12,"turns":4},{"damage":8,"enemies":"Lagavulin","floor":13,"turns":7},{"damage":4,"enemies":"Gremlin Gang","floor":14,"turns":3},{"damage":5,"enemies":"The Guardian","floor":16,"turns":10},{"damage":2,"enemies":"Chosen","floor":18,"turns":6},{"damage":8,"enemies":"2 Thieves","floor":19,"turns":5},{"damage":22,"enemies":"3 Cultists","floor":20,"turns":6},{"damage":24,"enemies":"Slaver and Parasite","floor":21,"turns":7},{"damage":29,"enemies":"Sentry and Sphere","floor":22,"turns":6},{"damage":44,"enemies":"Gremlin Leader","floor":24,"turns":9},{"damage":23,"enemies":"Book of Stabbing","floor":29,"turns":5},{"damage":17,"enemies":"Chosen and Byrds","floor":31,"turns":6},{"damage":32,"enemies":"Automaton","floor":33,"turns":11},{"damage":35,"enemies":"3 Darklings","floor":35,"turns":6},{"damage":38,"enemies":"3 Shapes","floor":36,"turns":7},{"damage":15,"enemies":"Maw","floor":39,"turns":5},{"damage":18,"enemies":"Sphere and 2 Shapes","floor":41,"turns":4},{"damage":24,"enemies":"Giant Head","floor":42,"turns":6},{"damage":17,"enemies":"3 Darklings","floor":45,"turns":4},{"damage":23,"enemies":"4 Shapes","floor":46,"turns":4},{"damage":5,"enemies":"Maw","floor":48,"turns":6},{"damage":101,"enemies":"Awakened One","floor":50,"turns":14}],"event_choices":[{"event_name":"Back to Basics","player_choice":"Simplicity","floor":27,"damage_taken":0},{"event_name":"Wheel of Change","player_choice":"Gold","floor":38,"damage_taken":0}],"boss_relics":[{"not_picked":["Sozu","Eternal Feather"],"picked":"Black Blood"},{"not_picked":["Velvet Choker","Cursed Key"],"picked":"Black Star"}],"potions_floor_spawned":[3,12,13,16,19,24,29,33,35,36,39,42,48],"seed_played":"7903938896750784945","ascension_level":0,"is_trial":false}