{"gold_per_floor":[117,117,127,127,127,127,159,174,201,217,217,217,244,258,258,363,363,375,375,387,58,69,69,98,110,110,136,136],"floor_reached":28,"playtime":1020,"items_purged":["Strike_B"],"score":415,"play_id":"27426a26-0d63-460d-b94a-3c1c83cf3605","local_time":"20180718204802","is_ascension_mode":true,"campfire_choices":[{"data":"Biased Cognition","floor":6,"key":"SMITH"},{"floor":12,"key":"REST"},{"data":"Zap","floor":15,"key":"SMITH"},{"floor":23,"key":"REST"}],"neow_cost":"TEN_PERCENT_HP_LOSS","seed_source_timestamp":2083697262552883,"circlet_count":0,"master_deck":["Strike_B","Strike_B","Defend_B","Defend_B","Defend_B","Zap+1","Dualcast","AscendersBane","Conserve Battery","Biased Cognition+1","Blizzard","Cold Snap","Auto Shields","Compile Driver+1","Sunder+1","Machine Learning","Ball Lightning+1","Melter+1","Consume","Beam Cell+1"],"relics":["Cracked Core","Torii","Boot","Symbiotic Virus","Bronze Scales","Molten Egg 2","Inserter","Blood Vial","Art of War","Gremlin Horn","The Courier"],"potions_floor_usage":[7,16,24,27],"damage_taken":[{"damage":7,"enemies":"2 Louse","floor":1,"turns":3},{"damage":2,"enemies":"Small Slimes","floor":3,"turns":4},{"damage":34,"enemies":"3 Sentries","floor":7,"turns":12},{"damage":0,"enemies":"Cultist","floor":8,"turns":3},{"damage":1,"enemies":"Blue Slaver","floor":10,"turns":2},{"damage":1,"enemies":"Gremlin Nob","floor":13,"turns":3},{"damage":6,"enemies":"Gremlin Gang","floor":14,"turns":3},{"damage":4,"enemies":"The Guardian","floor":16,"turns":7},{"damage":0,"enemies":"Spheric Guardian","floor":18,"turns":3},{"damage":1,"enemies":"Shell Parasite","floor":20,"turns":4},{"damage":35,"enemies":"Centurion and Healer","floor":22,"turns":6},{"damage":24,"enemies":"Book of Stabbing","floor":24,"turns":5},{"damage":2,"enemies":"Cultist and Chosen","floor":25,"turns":4},{"damage":14,"enemies":"Gremlin Leader","floor":27,"turns":5},{"damage":24,"enemies":"Slaver and Parasite","floor":28,"turns":2}],"seed_played":"3934027389205602293","potions_obtained":[{"floor":1,"key":"Regen Potion"},{"floor":8,"key":"FocusPotion"},{"floor":11,"key":"FairyPotion"},{"floor":16,"key":"FearPotion"},{"floor":18,"key":"FocusPotion"},{"floor":24,"key":"SteroidPotion"}],"is_trial":false,"path_per_floor":["M","?","M","?","?","R","E","M","T","M","?","R","E","M","R","B",null,"M","?","M","$","M","R","E","M","T","E"],"character_chosen":"DEFECT","items_purchased":["Blood Vial","Melter+1","Consume"],"campfire_rested":2,"item_purchase_floors":[21,21,21],"current_hp_per_floor":[61,58,56,56,56,56,37,37,37,36,36,56,55,49,49,45,62,62,62,61,61,28,48,26,26,26,14,0],"gold":136,"neow_bonus":"ONE_RARE_RELIC","is_prod":false,"is_daily":false,"chose_seed":false,"campfire_upgraded":2,"win_rate":0,"timestamp":1531964882,"path_taken":["M","?","M","?","?","R","E","?","T","M","?","R","E","M","R","BOSS","M","?","M","$","M","R","E","?","T","E","M"],"build_version":"2018-07-12","purchased_purges":1,"victory":false,"max_hp_per_floor":[68,68,68,68,68,68,68,68,68,68,68,68,68,68,68,68,68,68,68,68,68,68,68,68,68,68,68,68],"card_choices":[{"not_picked":["Undo","Compile Driver","Rebound"],"picked":"SKIP","floor":1},{"not_picked":["Cold Snap","Streamline"],"picked":"Conserve Battery","floor":3},{"not_picked":["Barrage","Turbo"],"picked":"Cold Snap","floor":7},{"not_picked":["Scrape","Cold Snap","Go for the Eyes"],"picked":"SKIP","floor":8},{"not_picked":["Coolheaded","Steam Power"],"picked":"Auto Shields","floor":10},{"not_picked":["Skim","Recycle"],"picked":"Compile Driver","floor":13},{"not_picked":["Consume","Reprogram"],"picked":"Sunder+1","floor":14},{"not_picked":["Rainbow","Creative AI"],"picked":"Machine Learning","floor":16},{"not_picked":["Turbo","Streamline+1"],"picked":"Ball Lightning+1","floor":18},{"not_picked":["Rebound+1","Turbo","Tempest"],"picked":"SKIP","floor":20},{"not_picked":["Blizzard+1","Aggregate","Go for the Eyes+1"],"picked":"SKIP","floor":22},{"not_picked":["Rebound+1","Blizzard+1"],"picked":"Beam Cell+1","floor":24},{"not_picked":["Hologram","Compile Driver+1","Barrage+1"],"picked":"SKIP","floor":25},{"not_picked":["Ball Lightning+1","Turbo+1","Stack"],"picked":"SKIP","floor":27}],"player_experience":430304,"relics_obtained":[{"floor":7,"key":"Symbiotic Virus"},{"floor":9,"key":"Bronze Scales"},{"floor":13,"key":"Molten Egg 2"},{"floor":24,"key":"Art of War"},{"floor":26,"key":"Gremlin Horn"},{"floor":27,"key":"The Courier"}],"event_choices":[{"event_name":"Scrap Ooze","player_choice":"success","floor":2,"damage_taken":3},{"event_name":"Transmorgrifier","player_choice":"Transform","floor":4,"damage_taken":0},{"event_name":"Living Wall","player_choice":"Change","floor":5,"damage_taken":0},{"event_name":"The Lab","player_choice":"Got Potions","floor":11,"damage_taken":0},{"event_name":"Ghosts","player_choice":"Ignored","floor":19,"damage_taken":0}],"boss_relics":[{"not_picked":["Calling Bell","Orrery"],"picked":"Inserter"}],"items_purged_floors":[21],"is_endless":false,"potions_floor_spawned":[1,8,13,16,18,24],"killed_by":"Slaver and Parasite","ascension_level":11}