{"gold_per_floor":[113,38,38,3,18,18,46,64,64,94,10,27,77,102,102,176,176,195,175,190,206,21,21,36,36,63,63,63,92,92,103,103,181,181,200,200,248,248,248,248,273,283,310,344,189,189,189,214,214,214],"floor_reached":50,"playtime":2879,"items_purged":["Pain","Decay","Shame"],"score":1179,"play_id":"70e21c77-f8c2-4b5f-9d03-de825ad28b9c","local_time":"20190217105300","is_ascension_mode":true,"campfire_choices":[{"data":"Neutralize","floor":6.0,"key":"SMITH"},{"data":"A Thousand Cuts","floor":15.0,"key":"SMITH"},{"floor":25.0,"key":"REST"},{"floor":27.0,"key":"REST"},{"floor":30.0,"key":"REST"},{"floor":32.0,"key":"REST"},{"data":"Crippling Poison","floor":40.0,"key":"SMITH"},{"floor":47.0,"key":"REST"},{"floor":49,"key":"RECALL"}],"neow_cost":"NONE","seed_source_timestamp":0,"circlet_count":0,"master_deck":["AscendersBane","Defend_G","Defend_G","Defend_G","Defend_G+1","Defend_G","Strike_G","Strike_G","Survivor","Neutralize+1","Quick Slash+1","Masterful Stab+1","A Thousand Cuts+1","PiercingWail","Well Laid Plans","Crippling Poison+1","Riddle With Holes+1","Bullet Time","A Thousand Cuts+1","Heel Hook+1","Terror+1","Cloak And Dagger","PiercingWail+1","Tools of the Trade","Noxious Fumes","Cloak And Dagger","After Image","Footwork","Die Die Die+1","Cloak And Dagger+1","Dodge and Roll+1","Corpse Explosion","PiercingWail","Backflip"],"special_seed":0,"relics":["Calling Bell","Centennial Puzzle","Molten Egg 2","Incense Burner","Kunai","Bottled Tornado","Odd Mushroom","Tingsha","Astrolabe","Happy Flower","Sundial","Blood Vial","Philosopher\u0027s Stone","Gambling Chip","Art of War","Smiling Mask","War Paint","Pocketwatch"],"potions_floor_usage":[50],"damage_taken":[{"damage":12.0,"enemies":"Jaw Worm","floor":1.0,"turns":6.0},{"damage":2.0,"enemies":"2 Louse","floor":5.0,"turns":3.0},{"damage":14.0,"enemies":"Gremlin Nob","floor":7.0,"turns":4.0},{"damage":1.0,"enemies":"Cultist","floor":8.0,"turns":3.0},{"damage":15.0,"enemies":"The Mushroom Lair","floor":10.0,"turns":4.0},{"damage":7.0,"enemies":"3 Louse","floor":12.0,"turns":3.0},{"damage":17.0,"enemies":"3 Sentries","floor":14.0,"turns":14.0},{"damage":3.0,"enemies":"Slime Boss","floor":16.0,"turns":9.0},{"damage":3.0,"enemies":"Chosen","floor":18.0,"turns":5.0},{"damage":6.0,"enemies":"Shell Parasite","floor":20.0,"turns":3.0},{"damage":9.0,"enemies":"Centurion and Healer","floor":21.0,"turns":4.0},{"damage":32.0,"enemies":"Shelled Parasite and Fungi","floor":24.0,"turns":6.0},{"damage":31.0,"enemies":"Book of Stabbing","floor":29.0,"turns":6.0},{"damage":19.0,"enemies":"Snake Plant","floor":31.0,"turns":5.0},{"damage":26.0,"enemies":"Automaton","floor":33.0,"turns":9.0},{"damage":11.0,"enemies":"Orb Walker","floor":35.0,"turns":3.0},{"damage":29.0,"enemies":"2 Orb Walkers","floor":37.0,"turns":4.0},{"damage":23.0,"enemies":"Reptomancer","floor":41.0,"turns":7.0},{"damage":10.0,"enemies":"3 Darklings","floor":42.0,"turns":3.0},{"damage":20.0,"enemies":"Giant Head","floor":44.0,"turns":9.0},{"damage":0.0,"enemies":"Nemesis","floor":48.0,"turns":8.0},{"damage":33,"enemies":"Awakened One","floor":50,"turns":4}],"seed_played":"4912821101916587175","potions_obtained":[{"floor":5.0,"key":"Swift Potion"},{"floor":7.0,"key":"Poison Potion"},{"floor":12.0,"key":"Block Potion"},{"floor":14.0,"key":"Block Potion"},{"floor":19.0,"key":"Ancient Potion"},{"floor":20.0,"key":"SteroidPotion"},{"floor":37.0,"key":"Fire Potion"},{"floor":42.0,"key":"Swift Potion"},{"floor":44.0,"key":"LiquidBronze"}],"is_trial":false,"path_per_floor":["M","$","?","?","M","R","E","M","T","?","$","M","?","E","R","B",null,"M","?","M","M","$","?","M","R","T","R","?","E","R","M","R","B",null,"M","?","?","?","T","R","E","M","T","E","$","?","R","E","R","B"],"character_chosen":"THE_SILENT","items_purchased":["Well Laid Plans","Noxious Fumes","Dexterity Potion","PiercingWail"],"campfire_rested":5,"item_purchase_floors":[11,22,45,45],"current_hp_per_floor":[47,47,47,63,61,61,47,46,46,31,31,24,24,7,7,4,51,48,48,42,33,33,33,1,20,20,39,39,8,27,10,29,5,51,42,42,15,54,54,54,31,23,23,5,5,5,20,22,22,0],"gold":214,"neow_bonus":"BOSS_RELIC","is_prod":false,"is_daily":false,"chose_seed":false,"campfire_upgraded":3,"win_rate":0,"timestamp":1550418780,"path_taken":["M","$","?","?","M","R","E","?","T","?","?","?","?","E","R","BOSS","M","?","M","?","?","?","M","R","T","R","?","E","R","M","R","BOSS","M","?","?","?","?","R","E","?","T","E","$","?","R","E","R","BOSS"],"build_version":"2019-01-23","purchased_purges":3,"victory":false,"max_hp_per_floor":[66,66,66,66,66,66,66,66,66,66,66,66,66,66,66,66,66,66,66,66,66,66,66,66,66,66,66,66,66,66,66,66,66,66,66,66,66,54,54,54,54,54,54,54,54,51,51,51,51,51],"card_choices":[{"not_picked":["Outmaneuver","Deflect"],"picked":"Quick Slash+1","floor":1.0},{"not_picked":["Accuracy","Outmaneuver"],"picked":"Terror","floor":5.0},{"not_picked":["Cloak And Dagger","Slice+1"],"picked":"Masterful Stab+1","floor":7.0},{"not_picked":["Expertise","Quick Slash+1"],"picked":"A Thousand Cuts","floor":8.0},{"not_picked":["Deflect","Deadly Poison"],"picked":"PiercingWail","floor":10.0},{"not_picked":["Dodge and Roll","Riddle With Holes+1"],"picked":"Crippling Poison","floor":12.0},{"not_picked":["Endless Agony+1","Blade Dance"],"picked":"Riddle With Holes+1","floor":14.0},{"not_picked":["A Thousand Cuts","Venomology"],"picked":"Bullet Time","floor":16.0},{"not_picked":["Heel Hook+1","Poisoned Stab+1"],"picked":"Cloak And Dagger","floor":18.0},{"not_picked":["Reflex+1","Accuracy"],"picked":"PiercingWail","floor":20.0},{"not_picked":["Backflip","Quick Slash+1"],"picked":"Tools of the Trade","floor":21.0},{"not_picked":["Masterful Stab+1","Sucker Punch+1"],"picked":"Cloak And Dagger","floor":24.0},{"not_picked":["Backflip","Slice+1"],"picked":"After Image","floor":29.0},{"not_picked":["Dagger Throw+1","Cloak And Dagger"],"picked":"Footwork","floor":31.0},{"not_picked":["Grand Finale+1","Doppelganger"],"picked":"Die Die Die+1","floor":33.0},{"not_picked":["Slice+1","Flying Knee+1","Prepared"],"picked":"SKIP","floor":35.0},{"not_picked":["Dodge and Roll","Noxious Fumes"],"picked":"Cloak And Dagger+1","floor":37.0},{"not_picked":["Poisoned Stab+1","Infinite Blades","Bane+1"],"picked":"SKIP","floor":41.0},{"not_picked":["Poisoned Stab+1","Flying Knee+1"],"picked":"Dodge and Roll+1","floor":42.0},{"not_picked":["Dash+1","Endless Agony+1"],"picked":"Corpse Explosion","floor":44.0},{"not_picked":["Prepared","Calculated Gamble+1"],"picked":"Backflip","floor":48.0}],"player_experience":836691,"relics_obtained":[{"floor":0.0,"key":"Centennial Puzzle"},{"floor":0.0,"key":"Molten Egg 2"},{"floor":0.0,"key":"Incense Burner"},{"floor":7.0,"key":"Kunai"},{"floor":9.0,"key":"Bottled Tornado"},{"floor":10.0,"key":"Odd Mushroom"},{"floor":14.0,"key":"Tingsha"},{"floor":26.0,"key":"Happy Flower"},{"floor":29.0,"key":"Blood Vial"},{"floor":37.0,"key":"Gambling Chip"},{"floor":41.0,"key":"Art of War"},{"floor":43.0,"key":"Smiling Mask"},{"floor":44.0,"key":"War Paint"},{"floor":48.0,"key":"Pocketwatch"}],"event_choices":[{"cards_removed":["Doubt"],"damage_healed":0.0,"max_hp_gain":0.0,"max_hp_loss":0.0,"gold_gain":0.0,"event_name":"Living Wall","player_choice":"Forget","floor":3.0,"gold_loss":0.0,"damage_taken":0.0},{"damage_healed":16.0,"max_hp_gain":0.0,"max_hp_loss":0.0,"gold_gain":0.0,"event_name":"The Cleric","player_choice":"Healed","floor":4.0,"gold_loss":35.0,"damage_taken":0.0},{"damage_healed":0.0,"max_hp_gain":0.0,"max_hp_loss":0.0,"gold_gain":0.0,"event_name":"Mushrooms","player_choice":"Fought Mushrooms","floor":10.0,"gold_loss":0.0,"damage_taken":0.0},{"damage_healed":0.0,"max_hp_gain":0.0,"max_hp_loss":0.0,"gold_gain":50.0,"event_name":"Golden Shrine","player_choice":"Pray","floor":13.0,"gold_loss":0.0,"damage_taken":0.0},{"damage_healed":0.0,"max_hp_gain":0.0,"max_hp_loss":0.0,"gold_gain":0.0,"event_name":"The Woman in Blue","player_choice":"Bought 1 Potion","floor":19.0,"gold_loss":0.0,"damage_taken":0.0},{"damage_healed":0.0,"max_hp_gain":0.0,"max_hp_loss":0.0,"gold_gain":0.0,"event_name":"The Mausoleum","player_choice":"Ignored","floor":23.0,"gold_loss":0.0,"damage_taken":0.0},{"damage_healed":0.0,"max_hp_gain":0.0,"max_hp_loss":0.0,"gold_gain":0.0,"event_name":"Addict","player_choice":"Stole Relic","floor":28.0,"gold_loss":0.0,"damage_taken":0.0,"relics_obtained":["Sundial"],"cards_obtained":["Shame"]},{"cards_removed":["Terror"],"damage_healed":0.0,"max_hp_gain":0.0,"max_hp_loss":0.0,"gold_gain":0.0,"event_name":"Falling","player_choice":"Removed Skill","floor":36.0,"gold_loss":0.0,"damage_taken":0.0},{"damage_healed":0.0,"max_hp_gain":0.0,"max_hp_loss":0.0,"gold_gain":0.0,"event_name":"Mysterious Sphere","player_choice":"Fight","floor":37.0,"gold_loss":0.0,"damage_taken":0.0},{"damage_healed":54.0,"max_hp_gain":0.0,"max_hp_loss":12.0,"gold_gain":0.0,"event_name":"The Moai Head","player_choice":"Heal","floor":38.0,"gold_loss":0.0,"damage_taken":0.0},{"damage_healed":0.0,"max_hp_gain":0.0,"max_hp_loss":3.0,"gold_gain":0.0,"event_name":"Winding Halls","player_choice":"Max HP","floor":46.0,"gold_loss":0.0,"damage_taken":0.0}],"is_beta":false,"boss_relics":[{"not_picked":["Sozu","Velvet Choker"],"picked":"Astrolabe"},{"not_picked":["Lizard Tail","WristBlade"],"picked":"Philosopher\u0027s Stone"}],"items_purged_floors":[2,22,45],"is_endless":false,"potions_floor_spawned":[5,7,12,14,20,24,37,42,44,48],"killed_by":"Awakened One","ascension_level":20}