{"path_per_floor":["M","M","M","?","M","R","E","R","T","M","M","E","M","M","R","B",null,"M","$","?","M","M","R","E"],"character_chosen":"THE_SILENT","items_purchased":["Adrenaline","Footwork"],"gold_per_floor":[113,128,148,148,160,160,186,186,186,197,210,238,258,278,278,374,374,393,105,105,121,134,134,164],"floor_reached":25,"campfire_rested":1,"playtime":7253,"current_hp_per_floor":[70,67,65,65,60,60,59,59,59,52,41,36,36,33,33,15,77,67,67,51,42,28,51,5],"items_purged":["Strike_G"],"gold":164,"score":237,"play_id":"54aab9ef-fa4e-48ef-8ce6-39d1a9fbbea3","is_prod":false,"is_daily":false,"is_ascension_mode":false,"campfire_upgraded":3,"path_taken":["M","M","M","?","M","R","E","R","T","M","M","E","?","M","R","BOSS","M","$","?","?","M","R","E","M"],"build_version":"2018-02-08-PROD1","purchased_purges":1,"victory":false,"master_deck":["Defend_G","Defend_G","Defend_G","Defend_G","Defend_G","Strike_G","Strike_G","Strike_G","Strike_G","Survivor","Neutralize","Dagger Throw","Masterful Stab","Bouncing Flask+1","Dagger Spray+1","Flechettes","Bullet Time","Poisoned Stab","Deadly Poison+1","Flying Knee","Sucker Punch+1","Adrenaline","Footwork","Necronomicurse","Dagger Spray+1","Heel Hook+1","After Image"],"max_hp_per_floor":[70,70,70,70,70,70,77,77,77,77,77,77,77,77,77,77,77,77,77,77,77,77,77,77],"relics":["Ring of the Snake","Strawberry","Lantern","Mummified Hand","Sozu","Necronomicon","Bag of Preparation"],"card_choices":[{"not_picked":["Footwork","Escape Plan"],"picked":"Dagger Throw"},{"not_picked":["Flechettes","Well Laid Plans"],"picked":"Masterful Stab"},{"not_picked":["Dagger Spray","Skewer"],"picked":"Bouncing Flask"},{"not_picked":["Eviscerate","Backflip"],"picked":"Dagger Spray"},{"not_picked":["Riddle With Holes","Prepared"],"picked":"Flechettes"},{"not_picked":["Skewer","Slice"],"picked":"Bullet Time"},{"not_picked":["Deadly Poison","Outmaneuver"],"picked":"Poisoned Stab"},{"not_picked":["Tools of the Trade","Footwork"],"picked":"Deadly Poison"},{"not_picked":["Caltrops","Deadly Poison"],"picked":"Flying Knee"},{"not_picked":["Deadly Poison","Backflip"],"picked":"Sucker Punch"},{"not_picked":["Bouncing Flask","Flying Knee"],"picked":"Dagger Spray"},{"not_picked":["Dagger Spray","Quick Slash"],"picked":"Heel Hook"},{"not_picked":["Calculated Gamble","Terror"],"picked":"After Image"}],"player_experience":4355,"potions_floor_usage":[12,16,16,16],"damage_taken":[{"damage":0,"enemies":"Jaw Worm","floor":1,"turns":6},{"damage":3,"enemies":"2 Louse","floor":2,"turns":2},{"damage":2,"enemies":"Blue Slaver","floor":3,"turns":3},{"damage":5,"enemies":"Looter","floor":5,"turns":3},{"damage":8,"enemies":"Gremlin Nob","floor":7,"turns":4},{"damage":7,"enemies":"3 Louse","floor":10,"turns":2},{"damage":11,"enemies":"Exordium Wildlife","floor":11,"turns":4},{"damage":20,"enemies":"3 Sentries","floor":12,"turns":6},{"damage":0,"enemies":"Lots of Slimes","floor":13,"turns":1},{"damage":3,"enemies":"Gremlin Gang","floor":14,"turns":4},{"damage":18,"enemies":"Hexaghost","floor":16,"turns":8},{"damage":10,"enemies":"Chosen","floor":18,"turns":4},{"damage":9,"enemies":"2 Thieves","floor":21,"turns":3},{"damage":14,"enemies":"Slaver and Parasite","floor":22,"turns":5},{"damage":46,"enemies":"Slavers","floor":24,"turns":6},{"damage":11,"enemies":"Cultist and Chosen","floor":25,"turns":4}],"event_choices":[{"event_name":"Liars Game","player_choice":"disagreed","floor":4,"damage_taken":0},{"event_name":"Cursed Tome","player_choice":"Obtained Book","floor":20,"damage_taken":0}],"boss_relics":[{"not_picked":["Lizard Tail","Philosopher\u0027s Stone"],"picked":"Sozu"}],"potions_floor_spawned":[1,2,10,11,14,21,22],"seed_played":"-5677699077543609648","killed_by":"Cultist and Chosen","ascension_level":0,"is_trial":false}