{"gold_per_floor":[112,187,204,217,234,234,259,277,277,277,277,277,3,28,28,125,125,140,140,150,162,87,122,122,148,148,148,162,162,162,162,162,162],"floor_reached":33,"playtime":1331,"items_purged":["Strike_G"],"score":469,"play_id":"73b2c4f1-66ac-4f75-bc86-8f20a879b525","local_time":"20180924150355","is_ascension_mode":true,"campfire_choices":[{"data":"Glass Knife","floor":6,"key":"SMITH"},{"floor":10,"key":"REST"},{"data":"Catalyst","floor":15,"key":"SMITH"},{"floor":24,"key":"REST"},{"floor":27,"key":"REST"},{"floor":32,"key":"REST"}],"neow_cost":"NONE","seed_source_timestamp":74539764276721,"circlet_count":0,"master_deck":["Defend_G","Defend_G","Defend_G","Defend_G","Defend_G","Strike_G","Strike_G","Strike_G","Strike_G","Survivor","Neutralize","AscendersBane","Doppelganger","Deflect","Cloak And Dagger","Endless Agony","Glass Knife+1","Deadly Poison+1","Skewer","Caltrops","Catalyst+1","Wraith Form v2","Crippling Poison","Backflip","Endless Agony","Cloak And Dagger"],"relics":["Ring of the Snake","Omamori","Blood Vial","Chemical X","PreservedInsect","HoveringKite","MutagenicStrength","Question Card","FossilizedHelix","Bottled Tornado","NlothsMask"],"potions_floor_usage":[23,33,33],"damage_taken":[{"damage":0,"enemies":"Jaw Worm","floor":1,"turns":5},{"damage":2,"enemies":"Small Slimes","floor":3,"turns":4},{"damage":5,"enemies":"2 Louse","floor":4,"turns":3},{"damage":0,"enemies":"Looter","floor":5,"turns":4},{"damage":9,"enemies":"3 Sentries","floor":7,"turns":9},{"damage":4,"enemies":"Gremlin Gang","floor":8,"turns":5},{"damage":16,"enemies":"Gremlin Nob","floor":14,"turns":2},{"damage":25,"enemies":"Hexaghost","floor":16,"turns":8},{"damage":14,"enemies":"Shell Parasite","floor":18,"turns":5},{"damage":0,"enemies":"Spheric Guardian","floor":20,"turns":2},{"damage":26,"enemies":"Snecko","floor":21,"turns":4},{"damage":16,"enemies":"Book of Stabbing","floor":23,"turns":4},{"damage":29,"enemies":"Slavers","floor":25,"turns":6},{"damage":0,"enemies":"Centurion and Healer","floor":28,"turns":5},{"damage":54,"enemies":"Collector","floor":33,"turns":6}],"seed_played":"-1390407992432776047","potions_obtained":[{"floor":3,"key":"Weak Potion"},{"floor":5,"key":"Block Potion"},{"floor":25,"key":"FearPotion"}],"is_trial":false,"path_per_floor":["M","?","M","M","M","R","E","M","T","R","?","?","$","E","R","B",null,"M","?","M","M","$","E","R","E","T","R","M","?","?","T","R"],"character_chosen":"THE_SILENT","items_purchased":["Chemical X","Caltrops"],"campfire_rested":4,"item_purchase_floors":[13,13],"current_hp_per_floor":[63,52,50,45,45,45,36,32,32,53,53,53,53,39,39,16,57,45,45,47,23,23,9,30,3,3,24,26,26,26,26,47,0],"gold":162,"neow_bonus":"ONE_RANDOM_RARE_CARD","is_prod":false,"is_daily":false,"chose_seed":false,"campfire_upgraded":2,"win_rate":0,"timestamp":1537815835,"path_taken":["M","?","M","M","M","R","E","M","T","R","?","?","$","E","R","BOSS","M","?","M","M","$","E","R","E","T","R","M","?","?","?","R","BOSS"],"build_version":"2018-09-20","purchased_purges":1,"victory":false,"max_hp_per_floor":[70,70,70,70,70,70,70,70,70,70,70,70,70,70,70,70,70,70,70,70,70,70,70,70,70,70,70,70,70,70,70,70,70],"card_choices":[{"not_picked":["Bane","Slice"],"picked":"Deflect","floor":1},{"not_picked":["Acrobatics","PiercingWail"],"picked":"Cloak And Dagger","floor":3},{"not_picked":["Concentrate","PiercingWail"],"picked":"Endless Agony","floor":4},{"not_picked":["Dash","Infinite Blades"],"picked":"Glass Knife","floor":5},{"not_picked":["Distraction","Poisoned Stab"],"picked":"Deadly Poison","floor":7},{"not_picked":["Quick Slash","Flying Knee"],"picked":"Skewer","floor":8},{"not_picked":["Dagger Spray","Infinite Blades"],"picked":"Catalyst","floor":14},{"not_picked":["Tools of the Trade","After Image"],"picked":"Wraith Form v2","floor":16},{"not_picked":["Tactician","Predator"],"picked":"Crippling Poison","floor":18},{"not_picked":["Flechettes","Prepared","Blade Dance"],"picked":"SKIP","floor":20},{"not_picked":["Quick Slash","Prepared"],"picked":"Backflip","floor":21},{"not_picked":["Finisher","Heel Hook"],"picked":"Endless Agony","floor":23},{"not_picked":["Outmaneuver","Caltrops","Underhanded Strike","Bane"],"picked":"SKIP","floor":25},{"not_picked":["Choke+1","Dagger Throw","Prepared"],"picked":"Cloak And Dagger","floor":28}],"player_experience":498525,"relics_obtained":[{"floor":7,"key":"Omamori"},{"floor":9,"key":"Blood Vial"},{"floor":14,"key":"PreservedInsect"},{"floor":23,"key":"Question Card"},{"floor":25,"key":"FossilizedHelix"},{"floor":26,"key":"Bottled Tornado"}],"event_choices":[{"event_name":"World of Goop","player_choice":"Gather Gold","floor":2,"damage_taken":0},{"event_name":"Dead Adventurer","player_choice":"Searched \u00272\u0027 times","floor":11,"damage_taken":0},{"event_name":"Living Wall","player_choice":"Grow","floor":12,"damage_taken":0},{"event_name":"Drug Dealer","player_choice":"Inject Mutagens","floor":19,"damage_taken":0},{"event_name":"Cursed Tome","player_choice":"Ignored","floor":29,"damage_taken":0},{"event_name":"FaceTrader","player_choice":"Trade","floor":30,"damage_taken":0}],"is_beta":false,"boss_relics":[{"not_picked":["Coffee Dripper","Runic Dome"],"picked":"HoveringKite"}],"items_purged_floors":[22],"is_endless":false,"potions_floor_spawned":[3,5,16,21,25],"killed_by":"Collector","ascension_level":12}