{"gold_per_floor":[109,123,139,139,29,59,59,84,110,137,137,168,168,194,194,290,290,301,320,320,419,5,30,55,88,115,115,144,178,203,232,232,334,334,348,348,348,382,59,87,87,121,121,148,179,214,269,304,304,304],"floor_reached":51,"playtime":2038,"items_purged":["Pain","Strike_R","Shame"],"score":1402,"play_id":"0e753111-e0d5-4e53-a773-fde6cd911869","local_time":"20181109225131","daily_mods":["Heirloom","Flight","DeadlyEvents","Elite Swarm"],"is_ascension_mode":false,"campfire_choices":[{"data":"Demon Form","floor":7,"key":"SMITH"},{"data":"Limit Break","floor":11,"key":"SMITH"},{"floor":13,"key":"REST"},{"data":"Offering","floor":15,"key":"SMITH"},{"floor":27,"key":"REST"},{"data":"Dark Embrace","floor":32,"key":"SMITH"},{"data":"Double Tap","floor":41,"key":"SMITH"},{"data":"Iron Wave","floor":49,"key":"SMITH"}],"neow_cost":"","seed_source_timestamp":0,"circlet_count":0,"master_deck":["Strike_R+1","Strike_R+1","Strike_R","Strike_R","Defend_R","Defend_R","Defend_R","Defend_R","Bash","Iron Wave+1","Pommel Strike","Hemokinesis","Combust","Demon Form+1","Double Tap+1","Limit Break+1","Feed","Offering+1","Immolate","Pommel Strike+1","Havoc+1","Battle Trance+1","Limit Break+1","Fiend Fire","Limit Break+1","Offering+1","Dark Embrace+1","Limit Break+1","Exhume+1","Heavy Blade+1","Finesse+1","Finesse+1","Madness+1","Exhume+1","Warcry+1","Reaper","Limit Break+1"],"relics":["Burning Blood","Ginger","WarpedTongs","Oddly Smooth Stone","Centennial Puzzle","Kunai","Du-Vu Doll","Red Skull","Philosopher\u0027s Stone","Toxic Egg 2","Gremlin Horn","Incense Burner","Bottled Tornado","Anchor","Bronze Scales","Bird Faced Urn","Smiling Mask","Happy Flower","Cursed Key","Whetstone","Omamori","Ornamental Fan","Vajra","Turnip","Orichalcum","Torii","Dodecahedron","Bag of Marbles","Tiny Chest","Calipers"],"potions_floor_usage":[10,12,12,23,24,29,33,44,50,50,50],"damage_taken":[{"damage":2,"enemies":"Small Slimes","floor":1,"turns":4},{"damage":1,"enemies":"Cultist","floor":2,"turns":4},{"damage":0,"enemies":"2 Louse","floor":3,"turns":3},{"damage":16,"enemies":"3 Sentries","floor":6,"turns":5},{"damage":18,"enemies":"Gremlin Nob","floor":8,"turns":4},{"damage":29,"enemies":"3 Sentries","floor":10,"turns":5},{"damage":15,"enemies":"Lagavulin","floor":12,"turns":5},{"damage":17,"enemies":"Gremlin Nob","floor":14,"turns":3},{"damage":21,"enemies":"The Guardian","floor":16,"turns":8},{"damage":32,"enemies":"3 Byrds","floor":18,"turns":4},{"damage":29,"enemies":"Chosen","floor":19,"turns":4},{"damage":36,"enemies":"Gremlin Leader","floor":23,"turns":4},{"damage":17,"enemies":"Book of Stabbing","floor":24,"turns":2},{"damage":23,"enemies":"Slavers","floor":25,"turns":3},{"damage":11,"enemies":"Gremlin Leader","floor":28,"turns":2},{"damage":6,"enemies":"Book of Stabbing","floor":29,"turns":2},{"damage":7,"enemies":"Slavers","floor":31,"turns":1},{"damage":16,"enemies":"Automaton","floor":33,"turns":6},{"damage":8,"enemies":"3 Shapes","floor":35,"turns":5},{"damage":16,"enemies":"Reptomancer","floor":38,"turns":3},{"damage":12,"enemies":"Nemesis","floor":40,"turns":3},{"damage":18,"enemies":"Giant Head","floor":42,"turns":2},{"damage":17,"enemies":"Reptomancer","floor":44,"turns":3},{"damage":18,"enemies":"Giant Head","floor":45,"turns":2},{"damage":29,"enemies":"Nemesis","floor":46,"turns":5},{"damage":6,"enemies":"Reptomancer","floor":47,"turns":3},{"damage":12,"enemies":"Giant Head","floor":48,"turns":3},{"damage":17,"enemies":"Donu and Deca","floor":50,"turns":6}],"seed_played":"4201025949411555399","potions_obtained":[{"floor":2,"key":"FearPotion"},{"floor":8,"key":"BloodPotion"},{"floor":10,"key":"Strength Potion"},{"floor":14,"key":"Strength Potion"},{"floor":18,"key":"BloodPotion"},{"floor":24,"key":"SteroidPotion"},{"floor":25,"key":"BloodPotion"},{"floor":31,"key":"SteroidPotion"},{"floor":38,"key":"GamblersBrew"},{"floor":42,"key":"EssenceOfSteel"},{"floor":44,"key":"SteroidPotion"}],"is_trial":true,"path_per_floor":["M","M","M","?","$","E","R","E","T","E","R","E","R","E","R","B",null,"M","M","?","?","$","E","E","E","T","R","E","E","T","E","R","B",null,"M","?","T","E","$","E","R","E","T","E","E","E","E","E","R","B",null],"character_chosen":"IRONCLAD","items_purchased":["Combust","Toxic Egg 2","Battle Trance+1","Ornamental Fan","Warcry+1"],"campfire_rested":2,"item_purchase_floors":[5,22,22,39,39],"current_hp_per_floor":[80,80,80,80,80,70,70,58,58,43,43,34,58,47,47,32,80,54,35,63,63,63,41,30,16,16,42,40,49,49,53,53,47,93,97,87,87,83,83,81,81,77,77,72,68,50,111,108,108,104],"gold":304,"neow_bonus":"","is_prod":false,"is_daily":false,"chose_seed":false,"campfire_upgraded":6,"win_rate":0,"timestamp":1541821891,"path_taken":["M","M","M","?","$","E","R","E","T","E","R","E","R","E","R","BOSS","M","M","?","?","$","E","E","E","T","R","E","E","?","E","R","BOSS","M","?","?","?","?","E","R","E","T","E","E","E","?","E","R","BOSS"],"build_version":"2018-11-08","purchased_purges":3,"victory":true,"max_hp_per_floor":[80,80,80,80,80,80,80,80,80,80,80,80,80,80,80,80,80,80,84,84,84,84,84,84,87,87,87,90,90,90,93,93,93,93,99,99,99,103,103,103,103,107,107,107,111,111,111,114,114,117],"card_choices":[{"not_picked":["Warcry","Blood for Blood"],"picked":"Iron Wave","floor":1},{"not_picked":["Seeing Red","Ghostly Armor"],"picked":"Pommel Strike","floor":2},{"not_picked":["Armaments","Headbutt"],"picked":"Hemokinesis","floor":3},{"not_picked":["Impervious","Juggernaut"],"picked":"Demon Form","floor":6},{"not_picked":["Exhume","Juggernaut"],"picked":"Double Tap","floor":8},{"not_picked":["Impervious","Dark Embrace"],"picked":"Limit Break","floor":10},{"not_picked":["Dark Embrace","Exhume"],"picked":"Feed","floor":12},{"not_picked":["Brutality","Limit Break"],"picked":"Offering","floor":14},{"not_picked":["Juggernaut","Berserk"],"picked":"Immolate","floor":16},{"not_picked":["Dual Wield","Havoc"],"picked":"Pommel Strike+1","floor":18},{"not_picked":["Warcry","Thunderclap"],"picked":"Havoc+1","floor":19},{"not_picked":["Feed","Brutality"],"picked":"Limit Break+1","floor":23},{"not_picked":["Double Tap+1","Brutality"],"picked":"Fiend Fire","floor":24},{"not_picked":["Fiend Fire","Demon Form"],"picked":"Limit Break+1","floor":25},{"not_picked":["Juggernaut","Bludgeon"],"picked":"Offering+1","floor":28},{"not_picked":["Fiend Fire","Juggernaut"],"picked":"Dark Embrace","floor":29},{"not_picked":["Dark Embrace","Double Tap+1"],"picked":"Limit Break+1","floor":31},{"not_picked":["Immolate","Barricade"],"picked":"Exhume+1","floor":33},{"not_picked":["Clash","Sword Boomerang"],"picked":"Heavy Blade+1","floor":35},{"not_picked":["Panacea+1","Impatience+1"],"picked":"Finesse+1","floor":36},{"not_picked":["Deep Breath+1","Bandage Up+1"],"picked":"Finesse+1","floor":36},{"not_picked":["Secret Weapon+1","PanicButton+1"],"picked":"Madness+1","floor":36},{"not_picked":["Dark Embrace","Immolate"],"picked":"Exhume+1","floor":38},{"not_picked":["Demon Form","Offering+1","Berserk"],"picked":"SKIP","floor":40},{"not_picked":["Barricade","Brutality","Bludgeon"],"picked":"SKIP","floor":42},{"not_picked":["Dark Embrace","Offering+1"],"picked":"Reaper","floor":44},{"not_picked":["Barricade","Bludgeon"],"picked":"Limit Break+1","floor":45},{"not_picked":["Offering+1","Double Tap+1","Bludgeon"],"picked":"SKIP","floor":46},{"not_picked":["Berserk","Dark Embrace","Bludgeon"],"picked":"SKIP","floor":47},{"not_picked":["Fiend Fire","Juggernaut","Double Tap+1"],"picked":"SKIP","floor":48}],"player_experience":630293,"relics_obtained":[{"floor":8,"key":"Oddly Smooth Stone"},{"floor":9,"key":"Centennial Puzzle"},{"floor":10,"key":"Kunai"},{"floor":12,"key":"Du-Vu Doll"},{"floor":14,"key":"Red Skull"},{"floor":23,"key":"Gremlin Horn"},{"floor":24,"key":"Incense Burner"},{"floor":25,"key":"Bottled Tornado"},{"floor":26,"key":"Anchor"},{"floor":28,"key":"Bronze Scales"},{"floor":29,"key":"Bird Faced Urn"},{"floor":30,"key":"Smiling Mask"},{"floor":31,"key":"Happy Flower"},{"floor":37,"key":"Whetstone"},{"floor":38,"key":"Omamori"},{"floor":40,"key":"Vajra"},{"floor":42,"key":"Turnip"},{"floor":43,"key":"Orichalcum"},{"floor":44,"key":"Torii"},{"floor":45,"key":"Dodecahedron"},{"floor":46,"key":"Bag of Marbles"},{"floor":47,"key":"Tiny Chest"},{"floor":48,"key":"Calipers"}],"event_choices":[{"damage_healed":0,"gold_gain":0,"player_choice":"Rummage","damage_taken":0,"relics_obtained":["WarpedTongs"],"max_hp_gain":0,"max_hp_loss":0,"event_name":"Accursed Blacksmith","floor":4,"gold_loss":0,"cards_obtained":["Pain"]},{"damage_healed":28,"gold_gain":0,"player_choice":"Heal","damage_taken":0,"max_hp_gain":0,"max_hp_loss":0,"event_name":"The Library","floor":20,"gold_loss":0},{"damage_healed":0,"gold_gain":99,"player_choice":"Stole From Cult","damage_taken":0,"max_hp_gain":0,"max_hp_loss":0,"event_name":"Nest","floor":21,"gold_loss":0},{"damage_healed":0,"gold_gain":0,"player_choice":"Memory 3","damage_taken":10,"max_hp_gain":0,"max_hp_loss":0,"event_name":"SensoryStone","floor":36,"gold_loss":0}],"is_beta":false,"boss_relics":[{"not_picked":["Runic Pyramid","Tiny House"],"picked":"Philosopher\u0027s Stone"},{"not_picked":["Busted Crown","Empty Cage"],"picked":"Cursed Key"}],"items_purged_floors":[5,22,39],"is_endless":false,"potions_floor_spawned":[2,8,10,14,18,24,25,31,38,42,44,47],"ascension_level":0}