{"gold_per_floor":[110,110,260,277,86,138,138,150,150,164,179,179,189,189,189,262,262,262,4,4,4,4,4,4,4,4,4,4,4,4,4,4,4,4,4,4,4,4,4,4,4],"floor_reached":41,"playtime":1833,"items_purged":["Doubt"],"score":776,"play_id":"42cefc0d-8bd4-44c4-83aa-c23fe1e7e88b","local_time":"20181028110723","is_ascension_mode":true,"campfire_choices":[{"data":"Footwork","floor":7,"key":"SMITH"},{"data":"Deadly Poison","floor":12,"key":"SMITH"},{"data":"Cloak And Dagger","floor":15,"key":"SMITH"},{"floor":23,"key":"REST"},{"data":"Cloak And Dagger","floor":30,"key":"SMITH"},{"data":"Bouncing Flask","floor":32,"key":"SMITH"},{"data":"A Thousand Cuts","floor":40,"key":"SMITH"}],"neow_cost":"NONE","seed_source_timestamp":85462147849651,"circlet_count":0,"master_deck":["Defend_G","Defend_G","Defend_G","Defend_G","Strike_G","Strike_G","Survivor","Neutralize+1","AscendersBane","Terror+1","Bane+1","Dodge and Roll+1","Bouncing Flask+1","Deadly Poison+1","Footwork+1","PiercingWail","Noxious Fumes","Backflip","Backflip","Cloak And Dagger+1","Blade Dance","After Image","Flash of Steel","RitualDagger","Leg Sweep","Poisoned Stab","Cloak And Dagger+1","Decay","Endless Agony","All Out Attack","A Thousand Cuts+1","Well Laid Plans+1","RitualDagger","Dagger Spray","Parasite","Crippling Poison"],"relics":["Astrolabe","Lantern","Kunai","Sundial","Ectoplasm","PreservedInsect","Runic Dome"],"potions_floor_usage":[11,33],"damage_taken":[{"damage":5,"enemies":"2 Louse","floor":1,"turns":4},{"damage":7,"enemies":"Small Slimes","floor":4,"turns":4},{"damage":2,"enemies":"Jaw Worm","floor":8,"turns":4},{"damage":3,"enemies":"Exordium Wildlife","floor":10,"turns":5},{"damage":1,"enemies":"Lots of Slimes","floor":11,"turns":3},{"damage":7,"enemies":"2 Fungi Beasts","floor":13,"turns":3},{"damage":5,"enemies":"Hexaghost","floor":16,"turns":10},{"damage":25,"enemies":"3 Byrds","floor":18,"turns":6},{"damage":0,"enemies":"Chosen","floor":21,"turns":5},{"damage":15,"enemies":"Shelled Parasite and Fungi","floor":22,"turns":7},{"damage":9,"enemies":"Centurion and Healer","floor":24,"turns":8},{"damage":0,"enemies":"Snecko","floor":27,"turns":5},{"damage":14,"enemies":"Snake Plant","floor":28,"turns":4},{"damage":9,"enemies":"Automaton","floor":33,"turns":11},{"damage":1,"enemies":"Orb Walker","floor":35,"turns":3},{"damage":0,"enemies":"3 Shapes","floor":38,"turns":7},{"damage":18,"enemies":"Writhing Mass","floor":39,"turns":8},{"damage":55,"enemies":"Reptomancer","floor":41,"turns":4}],"seed_played":"-5253676307438953078","potions_obtained":[{"floor":1,"key":"Explosive Potion"},{"floor":4,"key":"FearPotion"},{"floor":8,"key":"Ancient Potion"},{"floor":16,"key":"Weak Potion"},{"floor":22,"key":"PowerPotion"},{"floor":33,"key":"Regen Potion"}],"is_trial":false,"path_per_floor":["M","?","?","M","$","T","R","M","T","M","M","R","M","?","R","B",null,"M","$","?","M","M","R","M","?","T","M","M","?","R","?","R","B",null,"M","?","?","M","M","R"],"character_chosen":"THE_SILENT","items_purchased":["Footwork","PiercingWail","After Image","Flash of Steel"],"campfire_rested":1,"item_purchase_floors":[5,5,19,19],"current_hp_per_floor":[54,54,54,47,47,47,47,45,45,42,41,41,34,16,16,11,52,27,27,21,21,6,25,16,16,16,16,2,76,76,76,76,67,74,73,73,73,73,55,55,0],"gold":4,"neow_bonus":"BOSS_RELIC","is_prod":false,"is_daily":false,"chose_seed":false,"campfire_upgraded":6,"win_rate":0,"timestamp":1540739243,"path_taken":["M","?","?","M","$","?","R","?","T","M","?","R","M","?","R","BOSS","M","$","?","?","M","R","M","?","T","?","M","?","R","?","R","BOSS","M","?","?","M","M","R","E"],"build_version":"2018-10-25v2","purchased_purges":1,"victory":false,"max_hp_per_floor":[66,66,66,66,66,66,66,66,66,66,66,66,66,66,66,66,66,66,66,66,66,66,66,66,66,66,66,66,76,76,76,76,76,76,76,76,76,76,76,76,76],"card_choices":[{"not_picked":["Noxious Fumes","Bane"],"picked":"Bouncing Flask","floor":1},{"not_picked":["Accuracy","Outmaneuver"],"picked":"Deadly Poison","floor":4},{"not_picked":["Underhanded Strike","Flying Knee"],"picked":"Noxious Fumes","floor":8},{"not_picked":["Leg Sweep","Heel Hook"],"picked":"Backflip","floor":10},{"not_picked":["Bane","Outmaneuver"],"picked":"Backflip","floor":11},{"not_picked":["Outmaneuver","Masterful Stab"],"picked":"Cloak And Dagger","floor":13},{"not_picked":["Doppelganger","Envenom"],"picked":"Glass Knife","floor":16},{"not_picked":["Backflip","Leg Sweep"],"picked":"Blade Dance","floor":18},{"not_picked":["Slice","Prepared"],"picked":"Leg Sweep","floor":21},{"not_picked":["Escape Plan","Deflect"],"picked":"Poisoned Stab","floor":22},{"not_picked":["Quick Slash","Sucker Punch"],"picked":"Cloak And Dagger","floor":24},{"not_picked":["Dodge and Roll+1","Die Die Die"],"picked":"Endless Agony","floor":27},{"not_picked":["Quick Slash","Dodge and Roll"],"picked":"All Out Attack","floor":28},{"not_picked":["Doppelganger","Night Terror"],"picked":"A Thousand Cuts","floor":33},{"not_picked":["Slice+1","Expertise"],"picked":"Well Laid Plans+1","floor":35},{"not_picked":["Catalyst","Crippling Poison"],"picked":"Dagger Spray","floor":38},{"not_picked":["Dagger Throw","Bane"],"picked":"Crippling Poison","floor":39}],"player_experience":607117,"relics_obtained":[{"floor":6,"key":"Lantern"},{"floor":9,"key":"Kunai"},{"floor":26,"key":"PreservedInsect"}],"event_choices":[{"damage_healed":0,"gold_gain":0,"player_choice":"Grow","damage_taken":0,"max_hp_gain":0,"max_hp_loss":0,"event_name":"Living Wall","floor":2,"gold_loss":0,"cards_upgraded":["Neutralize"]},{"damage_healed":0,"gold_gain":150,"player_choice":"AGREE","damage_taken":0,"max_hp_gain":0,"max_hp_loss":0,"event_name":"Liars Game","floor":3,"gold_loss":0,"cards_obtained":["Doubt"]},{"damage_healed":0,"gold_gain":0,"player_choice":"Success","damage_taken":18,"relics_obtained":["Sundial"],"max_hp_gain":0,"max_hp_loss":0,"event_name":"Scrap Ooze","floor":14,"gold_loss":0},{"damage_healed":0,"gold_gain":0,"player_choice":"Joined the Cult","damage_taken":6,"max_hp_gain":0,"max_hp_loss":0,"event_name":"Nest","floor":20,"gold_loss":0,"cards_obtained":["RitualDagger"]},{"damage_healed":0,"gold_gain":0,"player_choice":"Smashed Altar","damage_taken":0,"max_hp_gain":0,"max_hp_loss":0,"event_name":"Forgotten Altar","floor":25,"gold_loss":0,"cards_obtained":["Decay"]},{"cards_removed":["Glass Knife"],"damage_healed":64,"gold_gain":0,"player_choice":"Offered Rare","damage_taken":0,"max_hp_gain":10,"max_hp_loss":0,"event_name":"Bonfire Elementals","floor":29,"gold_loss":0},{"damage_healed":0,"gold_gain":100,"player_choice":"Pray","damage_taken":0,"max_hp_gain":0,"max_hp_loss":0,"event_name":"Golden Shrine","floor":31,"gold_loss":0},{"damage_healed":0,"gold_gain":0,"player_choice":"Copied","damage_taken":0,"max_hp_gain":0,"max_hp_loss":0,"event_name":"Duplicator","floor":36,"gold_loss":0,"cards_obtained":["RitualDagger"]},{"cards_removed":["Defend_G"],"damage_healed":0,"gold_gain":0,"player_choice":"Removed Skill","damage_taken":0,"max_hp_gain":0,"max_hp_loss":0,"event_name":"Falling","floor":37,"gold_loss":0}],"is_beta":false,"boss_relics":[{"not_picked":["Velvet Choker","Snecko Eye"],"picked":"Ectoplasm"},{"not_picked":["Black Star","Runic Pyramid"],"picked":"Runic Dome"}],"items_purged_floors":[5],"is_endless":false,"potions_floor_spawned":[1,4,8,16,22,27,33,38,39],"killed_by":"Reptomancer","ascension_level":19}