{"gold_per_floor":[116,134,59,59,83,83,116,116,116,154,154,154,198,137,137,137],"floor_reached":16,"playtime":595,"items_purged":[],"score":232,"play_id":"bfebbf86-598d-445d-9369-6501728cd900","local_time":"20190219181647","is_ascension_mode":true,"campfire_choices":[{"data":"Conserve Battery","floor":6,"key":"SMITH"},{"floor":8,"key":"REST"},{"floor":15,"key":"REST"}],"neow_cost":"CURSE","seed_source_timestamp":18895532725095,"circlet_count":0,"master_deck":["AscendersBane","Strike_B","Strike_B","Strike_B","Defend_B","Defend_B","Defend_B","Defend_B","Zap","Dualcast","Conserve Battery+1","Hologram","Ball Lightning","Loop+1","Fission+1","Skim+1","Fusion+1"],"relics":["Cracked Core","Golden Idol","Bird Faced Urn","The Courier","Toxic Egg 2","Dream Catcher"],"potions_floor_usage":[13],"damage_taken":[{"damage":7,"enemies":"2 Louse","floor":1,"turns":3},{"damage":9,"enemies":"Small Slimes","floor":2,"turns":4},{"damage":0,"enemies":"Jaw Worm","floor":5,"turns":3},{"damage":34,"enemies":"Gremlin Nob","floor":7,"turns":4},{"damage":7,"enemies":"Lagavulin","floor":10,"turns":7},{"damage":35,"enemies":"3 Sentries","floor":13,"turns":8},{"damage":31,"enemies":"Hexaghost","floor":16,"turns":9}],"seed_played":"-5799885316978607103","potions_obtained":[{"floor":7,"key":"Strength Potion"}],"is_trial":false,"path_per_floor":["M","M","?","?","M","R","E","R","T","E","?","?","E","?","R","B"],"character_chosen":"DEFECT","items_purchased":[],"campfire_rested":2,"item_purchase_floors":[],"current_hp_per_floor":[71,62,62,62,62,62,28,50,50,45,38,38,5,5,27,0],"gold":137,"neow_bonus":"TWENTY_PERCENT_HP_BONUS","is_prod":false,"is_daily":false,"chose_seed":false,"campfire_upgraded":1,"win_rate":0,"timestamp":1550618207,"path_taken":["M","M","?","?","M","R","E","R","T","E","?","?","E","?","R","BOSS"],"build_version":"2019-01-23","purchased_purges":0,"victory":false,"max_hp_per_floor":[85,85,82,74,74,74,74,74,74,74,74,74,74,74,74,74],"card_choices":[{"not_picked":["Turbo","Force Field"],"picked":"Conserve Battery","floor":1},{"not_picked":["Fusion","Tempest"],"picked":"Hologram","floor":2},{"not_picked":["Rebound","Steam"],"picked":"Ball Lightning","floor":5},{"not_picked":["Chaos","Blizzard"],"picked":"Loop","floor":7},{"not_picked":["Scrape","Compile Driver"],"picked":"Fission","floor":10},{"not_picked":["Auto Shields+1","Ball Lightning"],"picked":"Skim+1","floor":13},{"not_picked":["Sweeping Beam","Rebound"],"picked":"Fusion+1","floor":15}],"player_experience":309824,"relics_obtained":[{"floor":7,"key":"Bird Faced Urn"},{"floor":9,"key":"The Courier"},{"floor":10,"key":"Toxic Egg 2"},{"floor":13,"key":"Dream Catcher"}],"event_choices":[{"cards_removed":["Parasite"],"damage_healed":0,"gold_gain":0,"player_choice":"Card Removal","damage_taken":0,"max_hp_gain":0,"max_hp_loss":0,"event_name":"The Cleric","floor":3,"gold_loss":75},{"damage_healed":0,"gold_gain":0,"player_choice":"Lose Max HP","damage_taken":0,"relics_obtained":["Golden Idol"],"max_hp_gain":0,"max_hp_loss":8,"event_name":"Golden Idol","floor":4,"gold_loss":0},{"cards_removed":["Strike_B"],"damage_healed":0,"gold_gain":0,"player_choice":"Card Removal","damage_taken":7,"max_hp_gain":0,"max_hp_loss":0,"event_name":"Golden Wing","floor":11,"gold_loss":0},{"damage_healed":0,"gold_gain":0,"player_choice":"Grow","damage_taken":0,"max_hp_gain":0,"max_hp_loss":0,"event_name":"Living Wall","floor":12,"gold_loss":0,"cards_upgraded":["Loop"]},{"damage_healed":0,"gold_gain":0,"player_choice":"Left Gold","damage_taken":0,"max_hp_gain":0,"max_hp_loss":0,"event_name":"World of Goop","floor":14,"gold_loss":61}],"is_beta":false,"boss_relics":[],"items_purged_floors":[],"is_endless":false,"potions_floor_spawned":[7],"killed_by":"Hexaghost","ascension_level":20}