{"gold_per_floor":[115,135,145,159,159,159,172,202,271,291,318,318,343,353,353,353],"floor_reached":16,"playtime":725,"items_purged":[],"score":248,"play_id":"d744d74a-b149-4a28-8bec-f29467b78244","local_time":"20181211114802","is_ascension_mode":true,"campfire_choices":[{"data":"Armaments","floor":6,"key":"SMITH"},{"floor":12,"key":"REST"},{"floor":15,"key":"REST"}],"neow_cost":"NONE","seed_source_timestamp":1468661739950976,"circlet_count":0,"master_deck":["AscendersBane","Strike_R","Strike_R","Strike_R","Strike_R","Strike_R","Defend_R","Defend_R","Defend_R","Defend_R","Bash","Pommel Strike","Armaments+1","Body Slam","Hemokinesis","Hemokinesis","Iron Wave","Limit Break"],"relics":["Burning Blood","Self Forming Clay","Singing Bowl","Champion Belt","Blood Vial"],"potions_floor_usage":[7,8,13,16,16],"damage_taken":[{"damage":2,"enemies":"Cultist","floor":1,"turns":4},{"damage":4,"enemies":"Jaw Worm","floor":2,"turns":6},{"damage":7,"enemies":"Small Slimes","floor":3,"turns":3},{"damage":12,"enemies":"3 Louse","floor":4,"turns":4},{"damage":28,"enemies":"Lots of Slimes","floor":7,"turns":7},{"damage":38,"enemies":"Gremlin Nob","floor":8,"turns":4},{"damage":11,"enemies":"Blue Slaver","floor":10,"turns":4},{"damage":30,"enemies":"3 Sentries","floor":11,"turns":14},{"damage":23,"enemies":"Gremlin Nob","floor":13,"turns":4},{"damage":5,"enemies":"Large Slime","floor":14,"turns":5},{"damage":78,"enemies":"Slime Boss","floor":16,"turns":9}],"seed_played":"-2058328865056865630","potions_obtained":[{"floor":3,"key":"Ancient Potion"},{"floor":5,"key":"Regen Potion"},{"floor":7,"key":"PowerPotion"},{"floor":11,"key":"BloodPotion"},{"floor":13,"key":"Regen Potion"},{"floor":14,"key":"PowerPotion"}],"is_trial":false,"path_per_floor":["M","M","M","M","?","R","M","E","T","M","E","R","E","M","R","B"],"character_chosen":"IRONCLAD","items_purchased":[],"campfire_rested":2,"item_purchase_floors":[],"current_hp_per_floor":[79,81,80,74,74,74,67,35,35,32,8,33,24,29,54,0],"gold":353,"neow_bonus":"TEN_PERCENT_HP_BONUS","is_prod":false,"is_daily":false,"chose_seed":false,"campfire_upgraded":1,"win_rate":0,"timestamp":1544546882,"path_taken":["M","M","M","M","?","R","M","E","T","?","E","R","E","M","R","BOSS"],"build_version":"2018-12-06","purchased_purges":0,"victory":false,"max_hp_per_floor":[82,82,82,82,82,82,82,82,82,84,84,84,84,86,86,86],"card_choices":[{"not_picked":["Bloodletting","Warcry"],"picked":"Pommel Strike","floor":1},{"not_picked":["Cleave","Evolve"],"picked":"Armaments","floor":2},{"not_picked":["Flex","Power Through"],"picked":"Body Slam","floor":3},{"not_picked":["Ghostly Armor","Inflame"],"picked":"Hemokinesis","floor":4},{"not_picked":["Ghostly Armor","Bloodletting","Flex"],"picked":"SKIP","floor":7},{"not_picked":["Twin Strike","Warcry"],"picked":"Hemokinesis","floor":8},{"not_picked":["Clash","Flex","Warcry"],"picked":"Singing Bowl","floor":10},{"not_picked":["Warcry","Heavy Blade"],"picked":"Iron Wave","floor":11},{"not_picked":["Anger","Warcry"],"picked":"Limit Break","floor":13},{"not_picked":["Armaments","Second Wind","Pommel Strike"],"picked":"Singing Bowl","floor":14}],"player_experience":678550,"relics_obtained":[{"floor":8,"key":"Self Forming Clay"},{"floor":9,"key":"Singing Bowl"},{"floor":11,"key":"Champion Belt"},{"floor":13,"key":"Blood Vial"}],"event_choices":[{"damage_healed":0,"gold_gain":0,"player_choice":"Got Potions","damage_taken":0,"max_hp_gain":0,"max_hp_loss":0,"event_name":"Lab","floor":5,"gold_loss":0}],"is_beta":false,"boss_relics":[],"items_purged_floors":[],"is_endless":false,"potions_floor_spawned":[3,7,11,13,14],"killed_by":"Slime Boss","ascension_level":20}