{"gold_per_floor":[114,114,127,127,202,202,230,230,230,259,337,351,351,364,364,435,435,451,465,128,128,128,53,85,85,85,105,105,105,105,137,137,214,214,231,231,250,250,21,21,32,67,90,125,125,152,152,0,0,0,0,0,0,0,27,27],"floor_reached":57,"playtime":2634,"items_purged":["Pain"],"score":2785,"play_id":"afb7912e-a28f-498a-be84-6d1377162822","local_time":"20190224133512","is_ascension_mode":true,"campfire_choices":[{"data":"Bash","floor":6,"key":"SMITH"},{"data":"Perfected Strike","floor":8,"key":"SMITH"},{"data":"Shockwave","floor":13,"key":"SMITH"},{"data":"Disarm","floor":15,"key":"SMITH"},{"data":"Feed","floor":28,"key":"SMITH"},{"data":"Perfected Strike","floor":30,"key":"SMITH"},{"floor":32,"key":"REST"},{"data":"PanicButton","floor":40,"key":"SMITH"},{"data":"Disarm","floor":47,"key":"SMITH"},{"floor":49,"key":"RECALL"},{"data":"Impervious","floor":53,"key":"SMITH"}],"neow_cost":"NONE","seed_source_timestamp":158172266313206,"circlet_count":0,"master_deck":["AscendersBane","Strike_R","Strike_R","Strike_R","Strike_R","Strike_R","Defend_R","Defend_R","Bash+1","Perfected Strike+1","Headbutt","Perfected Strike+1","Shockwave+1","Pommel Strike","Disarm+1","Feed+1","Twin Strike","Perfected Strike+1","Pommel Strike","Impervious+1","Cleave","Disarm+1","Necronomicurse","Brutality","Reaper","Rage","Violence","PanicButton+1","Flash of Steel","Perfected Strike","Uppercut+1","Demon Form+1","Perfected Strike+1"],"relics":["Burning Blood","Question Card","Juzu Bracelet","Torii","Pantograph","Runic Dome","Ornamental Fan","WarpedTongs","Happy Flower","Bag of Marbles","Necronomicon","Potion Belt","Black Star","Toy Ornithopter","Boot","Mummified Hand","Frozen Egg 2","Pear","Toxic Egg 2","Omamori","Red Mask","Self Forming Clay","Dodecahedron"],"potions_floor_usage":[31,55,56,56,56,56],"damage_taken":[{"damage":7,"enemies":"Small Slimes","floor":1,"turns":4},{"damage":3,"enemies":"2 Louse","floor":3,"turns":3},{"damage":32,"enemies":"Gremlin Nob","floor":7,"turns":4},{"damage":25,"enemies":"3 Sentries","floor":10,"turns":6},{"damage":9,"enemies":"Jaw Worm","floor":12,"turns":3},{"damage":1,"enemies":"Exordium Wildlife","floor":14,"turns":2},{"damage":24,"enemies":"Hexaghost","floor":16,"turns":9},{"damage":5,"enemies":"Shell Parasite","floor":18,"turns":5},{"damage":2,"enemies":"Chosen","floor":19,"turns":5},{"damage":6,"enemies":"Book of Stabbing","floor":24,"turns":4},{"damage":12,"enemies":"Snake Plant","floor":27,"turns":4},{"damage":44,"enemies":"Slavers","floor":31,"turns":3},{"damage":32,"enemies":"Collector","floor":33,"turns":6},{"damage":19,"enemies":"3 Darklings","floor":35,"turns":3},{"damage":0,"enemies":"Orb Walker","floor":37,"turns":1},{"damage":20,"enemies":"Maw","floor":41,"turns":5},{"damage":25,"enemies":"Giant Head","floor":42,"turns":5},{"damage":3,"enemies":"Nemesis","floor":44,"turns":4},{"damage":2,"enemies":"Giant Head","floor":46,"turns":6},{"damage":57,"enemies":"Awakened One","floor":50,"turns":10},{"damage":60,"enemies":"Donu and Deca","floor":51,"turns":7},{"damage":71,"enemies":"Shield and Spear","floor":55,"turns":8},{"damage":90,"enemies":"The Heart","floor":56,"turns":9}],"seed_played":"-5279805974541525978","potions_obtained":[{"floor":7,"key":"SteroidPotion"},{"floor":14,"key":"Dexterity Potion"},{"floor":27,"key":"Fruit Juice"},{"floor":31,"key":"Regen Potion"},{"floor":35,"key":"AttackPotion"},{"floor":42,"key":"PowerPotion"},{"floor":55,"key":"Explosive Potion"}],"is_trial":false,"path_per_floor":["M","?","M","?","?","R","E","R","T","E","T","M","R","M","R","B",null,"M","M","$","?","?","$","E","?","T","M","R","?","R","E","R","B",null,"M","?","M","?","$","R","M","E","T","E","?","E","R","?","R","B","B",null,"R","$","E","B",null],"character_chosen":"IRONCLAD","items_purchased":["Ornamental Fan","Pommel Strike","Toy Ornithopter"],"campfire_rested":1,"item_purchase_floors":[20,20,39],"current_hp_per_floor":[74,74,77,77,66,66,40,40,40,21,21,18,18,23,23,30,69,73,77,77,77,77,77,77,77,77,74,74,53,53,24,53,52,86,85,75,81,81,81,81,67,52,52,71,71,81,81,81,81,72,55,96,96,96,40,42],"gold":27,"neow_bonus":"TEN_PERCENT_HP_BONUS","is_prod":false,"is_daily":false,"chose_seed":false,"campfire_upgraded":9,"win_rate":0,"timestamp":1551033312,"path_taken":["M","?","M","?","?","R","E","R","T","E","?","M","R","M","R","BOSS","M","M","$","?","?","$","E","?","T","M","R","?","R","E","R","BOSS","M","?","M","?","?","R","M","E","T","E","?","E","R","?","R","BOSS","BOSS","R","$","E","BOSS"],"build_version":"2019-01-23","purchased_purges":1,"victory":true,"max_hp_per_floor":[82,82,82,82,82,82,82,82,82,82,82,82,82,82,82,82,82,85,85,85,85,85,85,85,85,85,88,88,88,88,97,97,97,97,97,97,97,97,97,97,97,101,101,111,105,105,105,105,105,109,109,109,109,109,113,113],"card_choices":[{"not_picked":["Clothesline","Flame Barrier"],"picked":"Perfected Strike","floor":1},{"not_picked":["Dual Wield","Havoc"],"picked":"Headbutt","floor":3},{"not_picked":["True Grit","Evolve"],"picked":"Perfected Strike","floor":7},{"not_picked":["Entrench","Intimidate","Anger"],"picked":"Shockwave","floor":10},{"not_picked":["Reckless Charge","Flame Barrier","Intimidate"],"picked":"Pommel Strike","floor":12},{"not_picked":["Double Tap","Carnage","Pommel Strike"],"picked":"Disarm","floor":14},{"not_picked":["Double Tap","Reaper","Barricade"],"picked":"Feed","floor":16},{"not_picked":["Feel No Pain","Flex","Uppercut"],"picked":"Twin Strike","floor":18},{"not_picked":["Headbutt","Body Slam","Flame Barrier"],"picked":"Perfected Strike","floor":19},{"not_picked":["Sever Soul","Combust","Heavy Blade"],"picked":"Impervious","floor":24},{"not_picked":["Shrug It Off","Pommel Strike","Rupture"],"picked":"Disarm","floor":27},{"not_picked":["Entrench","True Grit","Flame Barrier"],"picked":"Brutality","floor":31},{"not_picked":["Barricade","Demon Form","Bludgeon"],"picked":"Reaper","floor":33},{"not_picked":["Twin Strike","Sword Boomerang","Havoc+1"],"picked":"Rage","floor":35},{"not_picked":["Trip","Forethought","Purity"],"picked":"Violence","floor":36},{"not_picked":["Good Instincts","Deep Breath","Dramatic Entrance"],"picked":"PanicButton","floor":36},{"not_picked":["Good Instincts","Discovery","Enlightenment"],"picked":"Flash of Steel","floor":36},{"not_picked":["Warcry","Iron Wave","Evolve","Armaments"],"picked":"SKIP","floor":37},{"not_picked":["Flex","Ghostly Armor","Armaments+1"],"picked":"Perfected Strike","floor":41},{"not_picked":["Second Wind","Anger","Shrug It Off"],"picked":"Uppercut+1","floor":42},{"not_picked":["Fiend Fire","Rupture","Rampage","Heavy Blade"],"picked":"SKIP","floor":44},{"not_picked":["Iron Wave+1","Burning Pact","Reckless Charge"],"picked":"Demon Form+1","floor":46},{"not_picked":["True Grit+1","Pommel Strike+1","Blood for Blood+1"],"picked":"Perfected Strike+1","floor":55}],"player_experience":868830,"relics_obtained":[{"floor":7,"key":"Question Card"},{"floor":9,"key":"Juzu Bracelet"},{"floor":10,"key":"Torii"},{"floor":11,"key":"Pantograph"},{"floor":24,"key":"Happy Flower"},{"floor":26,"key":"Bag of Marbles"},{"floor":29,"key":"Necronomicon"},{"floor":31,"key":"Potion Belt"},{"floor":42,"key":"Boot"},{"floor":42,"key":"Mummified Hand"},{"floor":44,"key":"Frozen Egg 2"},{"floor":44,"key":"Pear"},{"floor":46,"key":"Toxic Egg 2"},{"floor":46,"key":"Omamori"},{"floor":55,"key":"Self Forming Clay"},{"floor":55,"key":"Dodecahedron"}],"event_choices":[{"damage_healed":0,"gold_gain":0,"player_choice":"Leave","damage_taken":0,"max_hp_gain":0,"max_hp_loss":0,"event_name":"The Cleric","floor":2,"gold_loss":0},{"damage_healed":0,"gold_gain":0,"player_choice":"Grow","damage_taken":0,"max_hp_gain":0,"max_hp_loss":0,"event_name":"Living Wall","floor":4,"gold_loss":0,"cards_upgraded":["Perfected Strike"]},{"damage_healed":0,"gold_gain":75,"player_choice":"Gather Gold","damage_taken":11,"max_hp_gain":0,"max_hp_loss":0,"event_name":"World of Goop","floor":5,"gold_loss":0},{"damage_healed":0,"gold_gain":0,"player_choice":"Ignored","damage_taken":0,"max_hp_gain":0,"max_hp_loss":0,"event_name":"Ghosts","floor":21,"gold_loss":0},{"damage_healed":0,"gold_gain":0,"player_choice":"Rummage","damage_taken":0,"relics_obtained":["WarpedTongs"],"max_hp_gain":0,"max_hp_loss":0,"event_name":"Accursed Blacksmith","floor":22,"gold_loss":0,"cards_obtained":["Pain"]},{"damage_healed":0,"gold_gain":0,"cards_transformed":["Defend_R","Defend_R"],"player_choice":"Became Test Subject","damage_taken":0,"max_hp_gain":0,"max_hp_loss":0,"event_name":"Drug Dealer","floor":25,"gold_loss":0,"cards_obtained":["Cleave","Dark Embrace"]},{"damage_healed":0,"gold_gain":0,"player_choice":"Obtained Book","damage_taken":21,"max_hp_gain":0,"max_hp_loss":0,"event_name":"Cursed Tome","floor":29,"gold_loss":0},{"damage_healed":0,"gold_gain":0,"player_choice":"Memory 3","damage_taken":10,"max_hp_gain":0,"max_hp_loss":0,"event_name":"SensoryStone","floor":36,"gold_loss":0},{"cards_removed":["Dark Embrace"],"damage_healed":0,"gold_gain":0,"player_choice":"Removed Power","damage_taken":0,"max_hp_gain":0,"max_hp_loss":0,"event_name":"Falling","floor":38,"gold_loss":0},{"damage_healed":0,"gold_gain":0,"player_choice":"Max HP","damage_taken":0,"max_hp_gain":0,"max_hp_loss":6,"event_name":"Winding Halls","floor":45,"gold_loss":0},{"damage_healed":0,"gold_gain":0,"player_choice":"Paid","damage_taken":0,"relics_obtained":["Red Mask"],"max_hp_gain":0,"max_hp_loss":0,"event_name":"Tomb of Lord Red Mask","floor":48,"gold_loss":152}],"is_beta":false,"boss_relics":[{"not_picked":["Runic Pyramid","Empty Cage"],"picked":"Runic Dome"},{"not_picked":["Snecko Eye","Orrery"],"picked":"Black Star"}],"items_purged_floors":[23],"is_endless":false,"potions_floor_spawned":[7,14,16,27,31,35,42,55],"ascension_level":20}