{"gold_per_floor":[119,119,194,212,212,236,275,275,328,328,366,366,380,400,400,521,521,546,138,154,178,202,202,241,241,265,299,224,245,245,245,245,245],"floor_reached":33,"playtime":1543,"items_purged":[],"score":438,"play_id":"1b5c60a5-fca3-41e2-831a-780ee0f53847","local_time":"20190211232234","is_ascension_mode":true,"campfire_choices":[{"data":"Thunderclap","floor":8,"key":"SMITH"},{"floor":10,"key":"REST"},{"data":"Bash","floor":12,"key":"SMITH"},{"data":"Bludgeon","floor":15,"key":"SMITH"},{"floor":23,"key":"REST"},{"floor":25,"key":"REST"},{"data":"Enlightenment","floor":32,"key":"SMITH"}],"neow_cost":"NONE","seed_source_timestamp":32349442314386,"circlet_count":0,"master_deck":["Defend_R","Defend_R","Defend_R","Bash+1","Shrug It Off","Battle Trance","Thunderclap+1","Bludgeon+1","True Grit","Pummel","Limit Break","Pommel Strike+1","Enlightenment+1","Warcry+1","Evolve","Metallicize","Combust","Bite","Bite","Bite","Bite","Bite"],"relics":["Burning Blood","Bloody Idol","Bronze Scales","Potion Belt","Lantern","Philosopher\u0027s Stone","Sling","Tiny Chest","PreservedInsect","Smiling Mask","Ginger"],"potions_floor_usage":[7,22,24,24,27,27],"damage_taken":[{"damage":1,"enemies":"Small Slimes","floor":1,"turns":4},{"damage":0,"enemies":"2 Louse","floor":4,"turns":3},{"damage":0,"enemies":"Jaw Worm","floor":6,"turns":6},{"damage":43,"enemies":"Gremlin Nob","floor":7,"turns":5},{"damage":37,"enemies":"3 Sentries","floor":11,"turns":8},{"damage":5,"enemies":"2 Fungi Beasts","floor":13,"turns":3},{"damage":2,"enemies":"3 Louse","floor":14,"turns":3},{"damage":20,"enemies":"Slime Boss","floor":16,"turns":8},{"damage":2,"enemies":"Chosen","floor":18,"turns":4},{"damage":24,"enemies":"Shell Parasite","floor":20,"turns":2},{"damage":21,"enemies":"3 Cultists","floor":21,"turns":5},{"damage":32,"enemies":"Centurion and Healer","floor":22,"turns":7},{"damage":28,"enemies":"Book of Stabbing","floor":24,"turns":3},{"damage":9,"enemies":"Gremlin Leader","floor":27,"turns":3},{"damage":17,"enemies":"Snake Plant","floor":29,"turns":2},{"damage":42,"enemies":"Champ","floor":33,"turns":3}],"seed_played":"-4775696541008562875","potions_obtained":[{"floor":4,"key":"SpeedPotion"},{"floor":6,"key":"Energy Potion"},{"floor":13,"key":"Swift Potion"},{"floor":14,"key":"Weak Potion"},{"floor":21,"key":"LiquidBronze"},{"floor":22,"key":"Energy Potion"},{"floor":24,"key":"SkillPotion"}],"is_trial":false,"path_per_floor":["M","?","?","M","?","M","E","R","T","R","E","R","M","M","R","B",null,"M","$","M","M","M","R","E","R","T","E","?","M","?","?","R","B"],"character_chosen":"IRONCLAD","items_purchased":["Sling","Tiny Chest","Enlightenment"],"campfire_rested":3,"item_purchase_floors":[19,19,19],"current_hp_per_floor":[85,63,52,58,63,69,32,32,32,59,28,28,29,33,33,19,75,79,79,61,46,20,47,25,52,52,49,49,38,38,38,38,0],"gold":245,"neow_bonus":"TEN_PERCENT_HP_BONUS","is_prod":false,"is_daily":false,"chose_seed":false,"campfire_upgraded":4,"win_rate":0,"timestamp":1549902154,"path_taken":["M","?","?","M","?","M","E","R","T","R","E","R","M","M","R","BOSS","M","$","M","M","M","R","E","R","T","E","?","M","?","?","R","BOSS"],"build_version":"2019-01-23","purchased_purges":0,"victory":false,"max_hp_per_floor":[88,88,88,88,93,93,93,93,93,93,93,93,93,93,93,93,93,93,93,93,93,93,93,93,93,93,93,93,93,65,65,65,65],"card_choices":[{"not_picked":["Twin Strike","Dual Wield"],"picked":"Shrug It Off","floor":1},{"not_picked":["Wild Strike","Hemokinesis"],"picked":"Battle Trance","floor":4},{"not_picked":["Uppercut","Clash","Fire Breathing"],"picked":"SKIP","floor":6},{"not_picked":["Anger","Iron Wave"],"picked":"Thunderclap","floor":7},{"not_picked":["Dual Wield","Battle Trance"],"picked":"Bludgeon","floor":11},{"not_picked":["Thunderclap","Clothesline"],"picked":"True Grit","floor":13},{"not_picked":["Twin Strike","Warcry"],"picked":"Pummel","floor":14},{"not_picked":["Berserk","Juggernaut"],"picked":"Limit Break","floor":16},{"not_picked":["Ghostly Armor","Anger+1"],"picked":"Pommel Strike+1","floor":18},{"not_picked":["Clothesline+1","Heavy Blade+1"],"picked":"Warcry+1","floor":20},{"not_picked":["Burning Pact","Iron Wave"],"picked":"Evolve","floor":21},{"not_picked":["Anger+1","Cleave","True Grit"],"picked":"SKIP","floor":22},{"not_picked":["Burning Pact","Rupture"],"picked":"Metallicize","floor":24},{"not_picked":["True Grit","Fiend Fire"],"picked":"Combust","floor":27},{"not_picked":["Anger+1","Entrench+1","Cleave"],"picked":"SKIP","floor":29}],"player_experience":337026,"relics_obtained":[{"floor":7,"key":"Bronze Scales"},{"floor":9,"key":"Potion Belt"},{"floor":11,"key":"Lantern"},{"floor":24,"key":"PreservedInsect"},{"floor":26,"key":"Smiling Mask"},{"floor":27,"key":"Ginger"}],"event_choices":[{"damage_healed":0,"gold_gain":0,"player_choice":"Take Damage","damage_taken":22,"relics_obtained":["Golden Idol"],"max_hp_gain":0,"max_hp_loss":0,"event_name":"Golden Idol","floor":2,"gold_loss":0},{"damage_healed":0,"gold_gain":75,"player_choice":"Gather Gold","damage_taken":11,"max_hp_gain":0,"max_hp_loss":0,"event_name":"World of Goop","floor":3,"gold_loss":0},{"damage_healed":0,"gold_gain":0,"player_choice":"Donut","damage_taken":0,"max_hp_gain":5,"max_hp_loss":0,"event_name":"Big Fish","floor":5,"gold_loss":0},{"cards_removed":["Defend_R"],"damage_healed":0,"gold_gain":0,"player_choice":"Gave Gold","damage_taken":0,"max_hp_gain":0,"max_hp_loss":0,"event_name":"Beggar","floor":28,"gold_loss":75},{"damage_healed":0,"gold_gain":0,"player_choice":"Became a vampire","damage_taken":0,"max_hp_gain":0,"max_hp_loss":28,"event_name":"Vampires","floor":30,"gold_loss":0,"cards_obtained":["Bite","Bite","Bite","Bite","Bite"]},{"damage_healed":0,"gold_gain":0,"player_choice":"Gave Idol","damage_taken":0,"relics_obtained":["Bloody Idol"],"max_hp_gain":0,"max_hp_loss":0,"event_name":"Forgotten Altar","floor":31,"relics_lost":["Golden Idol"],"gold_loss":0}],"is_beta":false,"boss_relics":[{"not_picked":["Busted Crown","Fusion Hammer"],"picked":"Philosopher\u0027s Stone"}],"items_purged_floors":[],"is_endless":false,"potions_floor_spawned":[4,6,13,14,21,22,24],"killed_by":"Champ","ascension_level":8}