{"gold_per_floor":[113,113,124,124,27,59,2,2,2,27,27,43,43,43,43,43],"floor_reached":16,"playtime":513,"items_purged":[],"score":207,"play_id":"c530cd88-f498-422b-b96f-3c06b88d765b","local_time":"20190221131126","is_ascension_mode":true,"campfire_choices":[{"data":"Corruption","floor":8,"key":"SMITH"},{"data":"True Grit","floor":15,"key":"SMITH"}],"neow_cost":"NONE","seed_source_timestamp":1790543852243,"circlet_count":0,"master_deck":["AscendersBane","Strike_R","Strike_R+1","Strike_R","Strike_R","Defend_R","Defend_R","Defend_R","Defend_R","Bash","Metallicize+1","Pommel Strike","Corruption+1","Shrug It Off","Sword Boomerang","Feel No Pain","True Grit+1"],"relics":["Burning Blood","NeowsBlessing","Ornamental Fan","Bottled Tornado","Darkstone Periapt","Lantern"],"potions_floor_usage":[10,10],"damage_taken":[{"damage":0,"enemies":"2 Louse","floor":1,"turns":1},{"damage":0,"enemies":"Cultist","floor":3,"turns":1},{"damage":1,"enemies":"3 Sentries","floor":6,"turns":2},{"damage":20,"enemies":"Lagavulin","floor":10,"turns":10},{"damage":0,"enemies":"Small Slimes","floor":12,"turns":4},{"damage":55,"enemies":"The Guardian","floor":16,"turns":16}],"seed_played":"-7046342527527899630","potions_obtained":[{"floor":1,"key":"Ancient Potion"}],"is_trial":false,"path_per_floor":["M","?","M","?","$","E","$","R","T","E","?","M","?","T","R","B"],"character_chosen":"IRONCLAD","items_purchased":["Corruption","Shrug It Off","PowerPotion"],"campfire_rested":0,"item_purchase_floors":[5,5,7],"current_hp_per_floor":[74,74,75,52,52,57,57,57,57,43,43,49,54,54,54,0],"gold":43,"neow_bonus":"THREE_ENEMY_KILL","is_prod":false,"is_daily":false,"chose_seed":false,"campfire_upgraded":2,"win_rate":0,"timestamp":1550772686,"path_taken":["M","?","?","?","$","E","$","R","T","E","?","M","?","?","R","BOSS"],"build_version":"2019-01-23","purchased_purges":0,"victory":false,"max_hp_per_floor":[75,75,75,75,75,75,75,75,75,75,75,75,80,80,80,80],"card_choices":[{"not_picked":["Clash","Armaments"],"picked":"Metallicize","floor":1},{"not_picked":["Anger","Heavy Blade"],"picked":"Pommel Strike","floor":3},{"not_picked":["Thunderclap","Power Through"],"picked":"Sword Boomerang","floor":6},{"not_picked":["Warcry","Corruption"],"picked":"Feel No Pain","floor":10},{"not_picked":["Dark Embrace","Pummel"],"picked":"True Grit","floor":12}],"player_experience":320505,"relics_obtained":[{"floor":6,"key":"Ornamental Fan"},{"floor":9,"key":"Bottled Tornado"},{"floor":10,"key":"Darkstone Periapt"},{"floor":14,"key":"Lantern"}],"event_choices":[{"cards_removed":["Strike_R"],"damage_healed":0,"gold_gain":0,"player_choice":"Offered Basic","damage_taken":0,"max_hp_gain":0,"max_hp_loss":0,"event_name":"Bonfire Elementals","floor":2,"gold_loss":0},{"damage_healed":0,"gold_gain":0,"player_choice":"Entered Light","damage_taken":23,"max_hp_gain":0,"max_hp_loss":0,"event_name":"Shining Light","floor":4,"gold_loss":0,"cards_upgraded":["Metallicize","Strike_R"]},{"damage_healed":0,"gold_gain":0,"player_choice":"Ignored","damage_taken":0,"max_hp_gain":0,"max_hp_loss":0,"event_name":"Golden Idol","floor":11,"gold_loss":0},{"damage_healed":0,"gold_gain":0,"player_choice":"Donut","damage_taken":0,"max_hp_gain":5,"max_hp_loss":0,"event_name":"Big Fish","floor":13,"gold_loss":0}],"is_beta":false,"boss_relics":[],"items_purged_floors":[],"is_endless":false,"potions_floor_spawned":[1],"killed_by":"The Guardian","ascension_level":19}