{"gold_per_floor":[110,73,20,36,36,70,91,91,91,124,124,124,147,190,190,284,284,299,299,324,34,50,90,90,90,90,106,106,141,141,153,153,230,230,241,241,254,254,274,274,274,274,274,274,17,30,0,0],"floor_reached":48,"playtime":1943,"items_purged":["Injury"],"score":1122,"play_id":"92f60441-ca49-4313-8209-842c15f21696","local_time":"20190224175059","is_ascension_mode":true,"campfire_choices":[{"data":"Sunder","floor":8.0,"key":"SMITH"},{"floor":12.0,"key":"REST"},{"floor":15.0,"key":"REST"},{"floor":25.0,"key":"REST"},{"floor":30.0,"key":"REST"},{"data":"Consume","floor":32.0,"key":"SMITH"},{"floor":40,"key":"REST"},{"floor":42,"key":"REST"}],"neow_cost":"NONE","seed_source_timestamp":0,"circlet_count":0,"master_deck":["AscendersBane","Strike_B+1","Strike_B+1","Strike_B+1","Strike_B+1","Defend_B+1","Defend_B+1","Defend_B+1","Defend_B+1","Zap","Dualcast","Ball Lightning","Sunder+1","Compile Driver","Reboot","Beam Cell","Conserve Battery","Leap","Core Surge","Consume+1","Defragment+1","Stack","Rainbow","Recycle","Go for the Eyes","Biased Cognition","Steam Power+1","Panacea","Capacitor+1","Writhe","Loop","Conserve Battery+1"],"special_seed":0,"relics":["Cracked Core","NeowsBlessing","Bloody Idol","The Courier","Oddly Smooth Stone","Pen Nib","Mercury Hourglass","Dodecahedron","Inserter","Symbiotic Virus","Matryoshka","Anchor","Sundial","Pear","Snecko Eye","Potion Belt","Bottled Lightning","Happy Flower","Red Mask"],"potions_floor_usage":[48],"damage_taken":[{"damage":0.0,"enemies":"Cultist","floor":1.0,"turns":1.0},{"damage":0.0,"enemies":"Small Slimes","floor":4.0,"turns":1.0},{"damage":0.0,"enemies":"Gremlin Nob","floor":6.0,"turns":1.0},{"damage":12.0,"enemies":"Jaw Worm","floor":7.0,"turns":2.0},{"damage":14.0,"enemies":"Lagavulin","floor":10.0,"turns":5.0},{"damage":9.0,"enemies":"3 Louse","floor":13.0,"turns":2.0},{"damage":18.0,"enemies":"3 Sentries","floor":14.0,"turns":5.0},{"damage":50.0,"enemies":"The Guardian","floor":16.0,"turns":11.0},{"damage":0.0,"enemies":"3 Byrds","floor":18.0,"turns":3.0},{"damage":0.0,"enemies":"Spheric Guardian","floor":20.0,"turns":3.0},{"damage":12.0,"enemies":"Snecko","floor":22.0,"turns":4.0},{"damage":0.0,"enemies":"Gremlin Leader","floor":23.0,"turns":5.0},{"damage":28.0,"enemies":"Chosen and Byrds","floor":27.0,"turns":4.0},{"damage":25.0,"enemies":"Book of Stabbing","floor":29.0,"turns":6.0},{"damage":0.0,"enemies":"Centurion and Healer","floor":31.0,"turns":5.0},{"damage":42.0,"enemies":"Champ","floor":33.0,"turns":10.0},{"damage":11,"enemies":"Orb Walker","floor":35,"turns":4},{"damage":36,"enemies":"3 Darklings","floor":37,"turns":5},{"damage":17,"enemies":"4 Shapes","floor":39,"turns":7},{"damage":61,"enemies":"Transient","floor":46,"turns":6},{"damage":40,"enemies":"Maw","floor":48,"turns":6}],"seed_played":"3606237845151969943","potions_obtained":[{"floor":6.0,"key":"FearPotion"},{"floor":7.0,"key":"Strength Potion"},{"floor":16.0,"key":"Strength Potion"},{"floor":20.0,"key":"Fire Potion"},{"floor":23.0,"key":"Strength Potion"},{"floor":33.0,"key":"LiquidBronze"}],"is_trial":false,"path_per_floor":["M","$","$","M","?","E","M","R","T","E","T","R","M","E","R","B",null,"M","?","M","$","M","E","?","R","T","M","?","E","R","M","R","B",null,"M","?","M","?","M","R","?","R","T","?","$","M","?","M"],"character_chosen":"DEFECT","items_purchased":["Sunder","Poison Potion","Symbiotic Virus","Regen Potion","Loop","Happy Flower"],"campfire_rested":6,"item_purchase_floors":[2,3,21,45,45,45],"current_hp_per_floor":[64,64,64,64,64,64,52,52,52,38,38,59,50,32,53,3,54,54,54,54,54,42,42,42,63,63,40,40,30,54,59,59,22,66,60,60,29,29,17,41,57,81,81,81,81,25,25,0],"gold":0,"neow_bonus":"THREE_ENEMY_KILL","is_prod":false,"is_daily":false,"chose_seed":false,"campfire_upgraded":2,"win_rate":0,"timestamp":1551048659,"path_taken":["M","?","$","?","?","E","M","R","T","E","?","R","M","E","R","BOSS","M","?","M","$","?","E","?","R","T","M","?","E","R","M","R","BOSS","M","?","M","?","?","R","?","R","T","?","$","M","?","M"],"build_version":"2019-01-23","purchased_purges":1,"victory":false,"max_hp_per_floor":[71,71,71,71,71,71,71,71,71,71,71,71,71,71,71,71,71,71,71,71,71,71,71,71,71,71,71,71,81,81,81,81,81,81,81,81,81,81,81,81,81,81,81,81,81,81,81,81],"card_choices":[{"not_picked":["Fusion","Heatsinks"],"picked":"Ball Lightning","floor":1.0},{"not_picked":["Steam","Darkness"],"picked":"Compile Driver","floor":4.0},{"not_picked":["Streamline","Darkness"],"picked":"Reboot","floor":6.0},{"not_picked":["Barrage","Gash"],"picked":"Beam Cell","floor":7.0},{"not_picked":["Turbo","Gash"],"picked":"Conserve Battery","floor":10.0},{"not_picked":["Sweeping Beam","Hologram","Consume"],"picked":"SKIP","floor":13.0},{"not_picked":["Reprogram","Redo"],"picked":"Leap","floor":14.0},{"not_picked":["Meteor Strike","Reboot"],"picked":"Core Surge","floor":16.0},{"not_picked":["Storm","Tempest","Steam"],"picked":"SKIP","floor":18.0},{"not_picked":["Storm","Steam"],"picked":"Tempest","floor":18.0},{"not_picked":["Hologram+1","Sweeping Beam"],"picked":"Consume","floor":20.0},{"not_picked":["Auto Shields","Streamline"],"picked":"Defragment+1","floor":22.0},{"not_picked":["Consume","Hologram"],"picked":"Stack","floor":23.0},{"not_picked":["Sweeping Beam","Recycle"],"picked":"Rainbow","floor":27.0},{"not_picked":["Turbo","Beam Cell"],"picked":"Recycle","floor":29.0},{"not_picked":["Capacitor","Ball Lightning"],"picked":"Go for the Eyes","floor":31.0},{"not_picked":["Hyperbeam","Creative AI"],"picked":"Biased Cognition","floor":33.0},{"not_picked":["Cold Snap","Go for the Eyes"],"picked":"Steam Power+1","floor":35},{"not_picked":["Impatience","Chrysalis"],"picked":"Panacea","floor":36},{"not_picked":["Rebound+1","Turbo"],"picked":"Capacitor+1","floor":37},{"not_picked":["Beam Cell+1","Redo","Compile Driver"],"picked":"SKIP","floor":39},{"not_picked":["Redo","White Noise"],"picked":"Conserve Battery+1","floor":46}],"player_experience":327897,"relics_obtained":[{"floor":6.0,"key":"The Courier"},{"floor":9.0,"key":"Oddly Smooth Stone"},{"floor":10.0,"key":"Pen Nib"},{"floor":11.0,"key":"Mercury Hourglass"},{"floor":14.0,"key":"Dodecahedron"},{"floor":23.0,"key":"Matryoshka"},{"floor":26.0,"key":"Anchor"},{"floor":26.0,"key":"Sundial"},{"floor":29.0,"key":"Pear"},{"floor":43,"key":"Potion Belt"},{"floor":43,"key":"Bottled Lightning"}],"event_choices":[{"damage_healed":0.0,"max_hp_gain":0.0,"max_hp_loss":0.0,"gold_gain":0.0,"event_name":"Golden Idol","player_choice":"Take Wound","floor":5.0,"gold_loss":0.0,"damage_taken":0.0,"relics_obtained":["Golden Idol"],"cards_obtained":["Injury"]},{"damage_healed":0.0,"max_hp_gain":0.0,"max_hp_loss":0.0,"gold_gain":0.0,"event_name":"FaceTrader","player_choice":"Leave","floor":19.0,"gold_loss":0.0,"damage_taken":0.0},{"damage_healed":0.0,"max_hp_gain":0.0,"max_hp_loss":0.0,"gold_gain":0.0,"event_name":"Forgotten Altar","player_choice":"Gave Idol","floor":24.0,"relics_lost":["Golden Idol"],"gold_loss":0.0,"damage_taken":0.0,"relics_obtained":["Bloody Idol"]},{"damage_healed":0.0,"max_hp_gain":0.0,"max_hp_loss":0.0,"gold_gain":0.0,"event_name":"Back to Basics","player_choice":"Simplicity","floor":28.0,"gold_loss":0.0,"damage_taken":0.0,"cards_upgraded":["Strike_B","Strike_B","Strike_B","Strike_B","Defend_B","Defend_B","Defend_B","Defend_B"]},{"damage_healed":0,"gold_gain":0,"player_choice":"Memory 1","damage_taken":0,"max_hp_gain":0,"max_hp_loss":0,"event_name":"SensoryStone","floor":36,"gold_loss":0},{"cards_removed":["Tempest"],"damage_healed":0,"gold_gain":0,"player_choice":"Purged","damage_taken":0,"max_hp_gain":0,"max_hp_loss":0,"event_name":"Purifier","floor":38,"gold_loss":0},{"damage_healed":16,"gold_gain":0,"player_choice":"Writhe","damage_taken":0,"max_hp_gain":0,"max_hp_loss":0,"event_name":"Winding Halls","floor":41,"gold_loss":0,"cards_obtained":["Writhe"]},{"damage_healed":0,"gold_gain":0,"player_choice":"Ignored","damage_taken":0,"max_hp_gain":0,"max_hp_loss":0,"event_name":"Mysterious Sphere","floor":44,"gold_loss":0},{"damage_healed":0,"gold_gain":0,"player_choice":"Paid","damage_taken":0,"relics_obtained":["Red Mask"],"max_hp_gain":0,"max_hp_loss":0,"event_name":"Tomb of Lord Red Mask","floor":47,"gold_loss":30}],"is_beta":false,"boss_relics":[{"not_picked":["Pandora\u0027s Box","Black Star"],"picked":"Inserter"},{"not_picked":["Coffee Dripper","Calling Bell"],"picked":"Snecko Eye"}],"items_purged_floors":[21],"is_endless":false,"potions_floor_spawned":[6,7,16,20,23,33,37],"killed_by":"Maw","ascension_level":20}