{"gold_per_floor":[115,131,131,131,131,163,163,197,197,197,213,213,213,244,244,318,318,333,433,15,15,31,31,56,56,56,91,91,91,91,103,103,176,176,190,209,209,223,223],"floor_reached":39,"playtime":1983,"items_purged":["Strike_R"],"score":916,"play_id":"3357a9f2-3d5b-408b-bf8e-a3146a7e915b","local_time":"20190215211833","is_ascension_mode":true,"campfire_choices":[{"data":"Bash","floor":7,"key":"SMITH"},{"floor":10,"key":"REST"},{"data":"Clothesline","floor":15,"key":"SMITH"},{"floor":23,"key":"REST"},{"floor":25,"key":"REST"},{"data":"Limit Break","floor":28,"key":"SMITH"},{"data":"Carnage","floor":32,"key":"SMITH"}],"neow_cost":"PERCENT_DAMAGE","seed_source_timestamp":127469736811164,"circlet_count":0,"master_deck":["AscendersBane","Strike_R","Strike_R","Defend_R","Defend_R","Defend_R","Defend_R","Bash+1","Anger","Shrug It Off","Combust","Clothesline+1","Metallicize","Limit Break","Heavy Blade+1","Pommel Strike","Necronomicurse","Sword Boomerang","Limit Break+1","Carnage+1","Headbutt+1","Juggernaut","Metallicize","Shrug It Off+1","Battle Trance","Flame Barrier"],"relics":["Burning Blood","StoneCalendar","Du-Vu Doll","WingedGreaves","Kunai","Orichalcum","Velvet Choker","Turnip","Darkstone Periapt","Pocketwatch","Necronomicon","Pantograph","Matryoshka","Calipers","Orrery"],"potions_floor_usage":[8,19],"damage_taken":[{"damage":12,"enemies":"Cultist","floor":1,"turns":5},{"damage":4,"enemies":"2 Louse","floor":2,"turns":3},{"damage":27,"enemies":"3 Sentries","floor":6,"turns":7},{"damage":27,"enemies":"Lagavulin","floor":8,"turns":7},{"damage":0,"enemies":"Small Slimes","floor":11,"turns":4},{"damage":39,"enemies":"3 Sentries","floor":14,"turns":7},{"damage":27,"enemies":"The Guardian","floor":16,"turns":11},{"damage":19,"enemies":"Spheric Guardian","floor":18,"turns":5},{"damage":16,"enemies":"Colosseum Slavers","floor":19,"turns":5},{"damage":11,"enemies":"Colosseum Nobs","floor":19,"turns":6},{"damage":8,"enemies":"3 Byrds","floor":22,"turns":4},{"damage":24,"enemies":"Gremlin Leader","floor":24,"turns":4},{"damage":8,"enemies":"Book of Stabbing","floor":27,"turns":2},{"damage":18,"enemies":"Snake Plant","floor":31,"turns":3},{"damage":28,"enemies":"Automaton","floor":33,"turns":5},{"damage":7,"enemies":"3 Shapes","floor":35,"turns":7},{"damage":27,"enemies":"3 Darklings","floor":36,"turns":5},{"damage":22,"enemies":"Writhing Mass","floor":38,"turns":4},{"damage":36,"enemies":"Maw","floor":39,"turns":4}],"seed_played":"-4215591611420842600","potions_obtained":[{"floor":6,"key":"Regen Potion"},{"floor":16,"key":"Ancient Potion"},{"floor":18,"key":"Ancient Potion"},{"floor":27,"key":"SpeedPotion"}],"is_trial":false,"path_per_floor":["M","M","?","?","?","E","R","E","T","R","M","?","?","E","R","B",null,"M","?","$","?","M","R","E","R","T","E","R","$","?","M","R","B",null,"M","M","?","M","M"],"character_chosen":"IRONCLAD","items_purchased":["Pocketwatch"],"campfire_rested":3,"item_purchase_floors":[20],"current_hp_per_floor":[44,46,46,41,41,20,20,14,14,36,42,35,75,42,42,21,62,49,34,34,19,17,41,23,47,47,45,45,45,61,49,49,52,74,73,52,52,36,0],"gold":223,"neow_bonus":"ONE_RARE_RELIC","is_prod":false,"is_daily":false,"chose_seed":false,"campfire_upgraded":4,"win_rate":0,"timestamp":1550283513,"path_taken":["M","M","?","?","?","E","R","E","T","R","?","?","?","E","R","BOSS","M","?","$","?","M","R","E","R","T","E","R","?","?","M","R","BOSS","M","M","?","M","M"],"build_version":"2019-01-23","purchased_purges":1,"victory":false,"max_hp_per_floor":[75,75,75,75,75,75,75,75,75,75,75,75,75,75,75,75,75,75,75,75,81,81,81,81,81,81,81,81,81,81,81,81,81,81,81,81,81,81,81],"card_choices":[{"not_picked":["Seeing Red","Flex"],"picked":"Anger","floor":1},{"not_picked":["Body Slam","Thunderclap"],"picked":"Shrug It Off","floor":2},{"not_picked":["Evolve","Bloodletting"],"picked":"Combust","floor":6},{"not_picked":["Sever Soul","Clash"],"picked":"Clothesline","floor":8},{"not_picked":["Second Wind","Warcry"],"picked":"Inflame","floor":11},{"not_picked":["Wild Strike","Sword Boomerang"],"picked":"Metallicize","floor":14},{"not_picked":["Bludgeon","Berserk"],"picked":"Limit Break","floor":16},{"not_picked":["Ghostly Armor","Pommel Strike"],"picked":"Heavy Blade+1","floor":18},{"not_picked":["Sever Soul","Cleave"],"picked":"Pommel Strike","floor":19},{"not_picked":["Havoc","Intimidate"],"picked":"Sword Boomerang","floor":22},{"not_picked":["Sword Boomerang+1","Flex"],"picked":"Limit Break","floor":24},{"not_picked":["Warcry","Shockwave"],"picked":"Carnage","floor":27},{"not_picked":["Iron Wave","Pommel Strike"],"picked":"Headbutt+1","floor":31},{"not_picked":["Berserk","Demon Form"],"picked":"Juggernaut","floor":33},{"not_picked":["Twin Strike","Perfected Strike"],"picked":"Metallicize","floor":34},{"not_picked":["Clothesline","Cleave"],"picked":"Shrug It Off+1","floor":34},{"not_picked":["Second Wind","Ghostly Armor+1","Heavy Blade"],"picked":"SKIP","floor":35},{"not_picked":["Armaments","Wild Strike"],"picked":"Battle Trance","floor":36},{"not_picked":["Armaments+1","Ghostly Armor+1"],"picked":"Flame Barrier","floor":38}],"player_experience":826657,"relics_obtained":[{"floor":6,"key":"Du-Vu Doll"},{"floor":8,"key":"WingedGreaves"},{"floor":9,"key":"Kunai"},{"floor":14,"key":"Orichalcum"},{"floor":19,"key":"Turnip"},{"floor":19,"key":"Darkstone Periapt"},{"floor":21,"key":"Necronomicon"},{"floor":24,"key":"Pantograph"},{"floor":26,"key":"Matryoshka"},{"floor":27,"key":"Calipers"}],"event_choices":[{"damage_healed":0,"gold_gain":0,"player_choice":"Ignored","damage_taken":0,"max_hp_gain":0,"max_hp_loss":0,"event_name":"Liars Game","floor":3,"gold_loss":0},{"damage_healed":0,"gold_gain":0,"player_choice":"Fled","damage_taken":5,"max_hp_gain":0,"max_hp_loss":0,"event_name":"Scrap Ooze","floor":4,"gold_loss":0},{"cards_removed":["Strike_R"],"damage_healed":0,"gold_gain":0,"player_choice":"Card Removal","damage_taken":0,"max_hp_gain":0,"max_hp_loss":0,"event_name":"Wheel of Change","floor":5,"gold_loss":0},{"cards_removed":["Strike_R"],"damage_healed":0,"gold_gain":0,"player_choice":"Card Removal","damage_taken":7,"max_hp_gain":0,"max_hp_loss":0,"event_name":"Golden Wing","floor":12,"gold_loss":0},{"cards_removed":["Inflame"],"damage_healed":40,"gold_gain":0,"player_choice":"Offered Uncommon","damage_taken":0,"max_hp_gain":0,"max_hp_loss":0,"event_name":"Bonfire Elementals","floor":13,"gold_loss":0},{"damage_healed":0,"gold_gain":0,"player_choice":"Fight","damage_taken":0,"max_hp_gain":0,"max_hp_loss":0,"event_name":"Colosseum","floor":19,"gold_loss":0},{"damage_healed":0,"gold_gain":0,"player_choice":"Fought Nobs","damage_taken":0,"max_hp_gain":0,"max_hp_loss":0,"event_name":"Colosseum","floor":19,"gold_loss":0},{"damage_healed":0,"gold_gain":0,"player_choice":"Obtained Book","damage_taken":21,"max_hp_gain":0,"max_hp_loss":0,"event_name":"Cursed Tome","floor":21,"gold_loss":0},{"damage_healed":16,"gold_gain":0,"player_choice":"Heal","damage_taken":0,"max_hp_gain":0,"max_hp_loss":0,"event_name":"The Library","floor":30,"gold_loss":0},{"damage_healed":0,"gold_gain":0,"player_choice":"Memory 1","damage_taken":0,"max_hp_gain":0,"max_hp_loss":0,"event_name":"SensoryStone","floor":37,"gold_loss":0}],"is_beta":false,"boss_relics":[{"not_picked":["Black Star","Sozu"],"picked":"Velvet Choker"},{"not_picked":["Busted Crown","Lizard Tail"],"picked":"Orrery"}],"items_purged_floors":[20],"is_endless":false,"potions_floor_spawned":[6,16,18,27,31,33,35,36],"killed_by":"Maw","ascension_level":20}