{"gold_per_floor":[118,133,133,58,72,98,98,98,122,137,157,157,191,211,211,311,311,329,329,180,180,180,207,207,207,232,232,232],"floor_reached":28,"playtime":1054,"items_purged":["Regret"],"score":246,"play_id":"c1739453-3b27-4b68-8a36-b0ae2641c381","local_time":"20190204115431","is_ascension_mode":false,"campfire_choices":[{"floor":8,"key":"REST"},{"floor":12,"key":"RECALL"},{"floor":15,"key":"REST"},{"floor":27,"key":"REST"}],"neow_cost":"NONE","seed_source_timestamp":546030364400799,"circlet_count":0,"master_deck":["Strike_R","Strike_R","Strike_R","Strike_R","Strike_R","Defend_R","Defend_R","Defend_R","Defend_R","Bash","Flex","Armaments","Heavy Blade","Twin Strike","Double Tap","Reaper","Thunderclap+1","RitualDagger"],"relics":["Burning Blood","NeowsBlessing","Ancient Tea Set","Red Skull","Strawberry","Black Star","PreservedInsect","Calipers","Question Card","Singing Bowl","Lantern"],"potions_floor_usage":[6,23,23,24,24],"damage_taken":[{"damage":0,"enemies":"2 Louse","floor":1,"turns":1},{"damage":0,"enemies":"Small Slimes","floor":2,"turns":1},{"damage":0,"enemies":"Cultist","floor":5,"turns":1},{"damage":58,"enemies":"Lagavulin","floor":6,"turns":7},{"damage":0,"enemies":"2 Fungi Beasts","floor":10,"turns":5},{"damage":18,"enemies":"Exordium Thugs","floor":11,"turns":3},{"damage":12,"enemies":"3 Sentries","floor":13,"turns":9},{"damage":4,"enemies":"Blue Slaver","floor":14,"turns":4},{"damage":66,"enemies":"Hexaghost","floor":16,"turns":9},{"damage":35,"enemies":"3 Byrds","floor":18,"turns":8},{"damage":56,"enemies":"Gremlin Leader","floor":23,"turns":6},{"damage":0,"enemies":"2 Thieves","floor":24,"turns":1},{"damage":47,"enemies":"Book of Stabbing","floor":28,"turns":4}],"seed_played":"5223158141335878300","potions_obtained":[{"floor":5,"key":"Strength Potion"},{"floor":10,"key":"SteroidPotion"},{"floor":11,"key":"BloodPotion"},{"floor":13,"key":"Ancient Potion"},{"floor":16,"key":"Strength Potion"},{"floor":23,"key":"SmokeBomb"}],"is_trial":false,"path_per_floor":["M","M","?","$","M","E","?","R","T","M","M","R","E","M","R","B",null,"M","?","$","T","?","E","M","?","T","R","E"],"character_chosen":"IRONCLAD","items_purchased":["PreservedInsect"],"campfire_rested":3,"item_purchase_floors":[20],"current_hp_per_floor":[80,80,80,80,80,28,28,52,52,58,46,46,47,49,75,15,87,58,50,50,50,50,10,24,18,18,44,0],"gold":232,"neow_bonus":"THREE_ENEMY_KILL","is_prod":false,"is_daily":false,"chose_seed":false,"campfire_upgraded":0,"win_rate":0,"timestamp":1549277671,"path_taken":["M","M","?","$","M","E","?","R","T","M","M","R","E","?","R","BOSS","M","?","$","?","?","E","?","?","T","R","E"],"build_version":"2019-01-23","purchased_purges":1,"victory":false,"max_hp_per_floor":[80,80,80,80,80,80,80,80,80,80,80,80,87,87,87,87,87,87,87,87,87,87,87,87,87,87,87,87],"card_choices":[{"not_picked":["Twin Strike","Power Through","Bloodletting"],"picked":"SKIP","floor":1},{"not_picked":["Perfected Strike","Sentinel","Pommel Strike"],"picked":"SKIP","floor":2},{"not_picked":["Uppercut","Pommel Strike"],"picked":"Flex","floor":5},{"not_picked":["Anger","Infernal Blade"],"picked":"Armaments","floor":6},{"not_picked":["Headbutt","Sentinel"],"picked":"Heavy Blade","floor":10},{"not_picked":["Clothesline","Bloodletting"],"picked":"Twin Strike","floor":11},{"not_picked":["Power Through","True Grit","Clash"],"picked":"SKIP","floor":13},{"not_picked":["Clash","Carnage"],"picked":"Double Tap","floor":14},{"not_picked":["Bludgeon","Juggernaut"],"picked":"Reaper","floor":16},{"not_picked":["Shrug It Off","Seeing Red+1","Shockwave"],"picked":"SKIP","floor":18},{"not_picked":["True Grit+1","Shrug It Off"],"picked":"Thunderclap+1","floor":23}],"player_experience":173202,"relics_obtained":[{"floor":6,"key":"Red Skull"},{"floor":13,"key":"Strawberry"},{"floor":21,"key":"Calipers"},{"floor":23,"key":"Question Card"},{"floor":23,"key":"Singing Bowl"},{"floor":26,"key":"Lantern"}],"event_choices":[{"damage_healed":0,"gold_gain":0,"player_choice":"Box","damage_taken":0,"relics_obtained":["Ancient Tea Set"],"max_hp_gain":0,"max_hp_loss":0,"event_name":"Big Fish","floor":3,"gold_loss":0,"cards_obtained":["Regret"]},{"damage_healed":0,"gold_gain":0,"player_choice":"0 cards matched","damage_taken":0,"max_hp_gain":0,"max_hp_loss":0,"event_name":"Match and Keep!","floor":7,"gold_loss":0,"cards_obtained":[]},{"damage_healed":0,"gold_gain":0,"player_choice":"","damage_taken":8,"max_hp_gain":0,"max_hp_loss":0,"event_name":"Knowing Skull","floor":19,"potions_obtained":[],"gold_loss":0,"cards_obtained":[]},{"damage_healed":0,"gold_gain":0,"player_choice":"Ignored","damage_taken":0,"max_hp_gain":0,"max_hp_loss":0,"event_name":"Ghosts","floor":22,"gold_loss":0},{"damage_healed":0,"gold_gain":0,"player_choice":"Joined the Cult","damage_taken":6,"max_hp_gain":0,"max_hp_loss":0,"event_name":"Nest","floor":25,"gold_loss":0,"cards_obtained":["RitualDagger"]}],"is_beta":true,"boss_relics":[{"not_picked":["Pandora\u0027s Box","Busted Crown"],"picked":"Black Star"}],"items_purged_floors":[4],"is_endless":false,"potions_floor_spawned":[5,10,11,13,16,23,24],"killed_by":"Book of Stabbing","ascension_level":0}