{"gold_per_floor":[110,110,125,135,135,165,165,183,183,183,183,193,204,135,135,236,236,251,251,56,56,56,56,73,91,91,91,91,91,91,104,104,204,204,224,2,2,12,12,12,12,12,62,62,62,76,88,99,99,99],"floor_reached":51,"playtime":2014,"items_purged":["Defend_R"],"score":849,"play_id":"ad2b940f-21ca-4f6f-801c-7487a8dbcf16","local_time":"20190126223751","is_ascension_mode":true,"campfire_choices":[{"data":"Flame Barrier","floor":7.0,"key":"SMITH"},{"data":"Bash","floor":10.0,"key":"SMITH"},{"data":"Demon Form","floor":15.0,"key":"SMITH"},{"data":"Armaments","floor":23.0,"key":"SMITH"},{"data":"Disarm","floor":27.0,"key":"SMITH"},{"floor":30.0,"key":"REST"},{"data":"Infernal Blade","floor":32.0,"key":"SMITH"},{"floor":40.0,"key":"RECALL"},{"floor":42.0,"key":"REST"},{"floor":49,"key":"REST"}],"neow_cost":"NONE","seed_source_timestamp":267217870752930,"circlet_count":0,"master_deck":["Strike_R","Strike_R","Strike_R","Strike_R","Strike_R","Defend_R","Defend_R","Bash+1","Iron Wave","Iron Wave","Metallicize","Flame Barrier+1","Pommel Strike","Armaments+1","Demon Form+1","Reaper","Reaper","Disarm+1","Body Slam+1","Havoc+1","Ghostly","Ghostly","Ghostly","Ghostly","Ghostly","Infernal Blade+1","Demon Form","Shrug It Off+1","Limit Break","Madness","Madness","Havoc+1","Rage+1"],"special_seed":0,"relics":["Burning Blood","NeowsBlessing","Ginger","Turnip","Incense Burner","Philosopher\u0027s Stone","Juzu Bracelet","FaceOfCleric","Shuriken","Enchiridion","Fusion Hammer","Anchor"],"potions_floor_usage":[50],"damage_taken":[{"damage":0.0,"enemies":"Jaw Worm","floor":1.0,"turns":1.0},{"damage":0.0,"enemies":"Small Slimes","floor":3.0,"turns":1.0},{"damage":0.0,"enemies":"Cultist","floor":4.0,"turns":1.0},{"damage":19.0,"enemies":"Gremlin Nob","floor":6.0,"turns":4.0},{"damage":12.0,"enemies":"3 Louse","floor":8.0,"turns":4.0},{"damage":21.0,"enemies":"Exordium Thugs","floor":12.0,"turns":5.0},{"damage":0.0,"enemies":"Red Slaver","floor":13.0,"turns":3.0},{"damage":38.0,"enemies":"The Guardian","floor":16.0,"turns":10.0},{"damage":25.0,"enemies":"2 Thieves","floor":18.0,"turns":4.0},{"damage":24.0,"enemies":"Spheric Guardian","floor":24.0,"turns":6.0},{"damage":22.0,"enemies":"Snake Plant","floor":25.0,"turns":3.0},{"damage":1.0,"enemies":"Snecko","floor":31.0,"turns":8.0},{"damage":11.0,"enemies":"Champ","floor":33.0,"turns":10.0},{"damage":0.0,"enemies":"3 Darklings","floor":35.0,"turns":6.0},{"damage":0.0,"enemies":"3 Shapes","floor":38.0,"turns":3.0},{"damage":0.0,"enemies":"Maw","floor":46.0,"turns":7.0},{"damage":0.0,"enemies":"Sphere and 2 Shapes","floor":47.0,"turns":9.0},{"damage":2,"enemies":"Writhing Mass","floor":48,"turns":7},{"damage":0,"enemies":"Time Eater","floor":50,"turns":9}],"seed_played":"6243425002134909746","potions_obtained":[{"floor":1.0,"key":"SteroidPotion"},{"floor":6.0,"key":"Fire Potion"},{"floor":8.0,"key":"FearPotion"},{"floor":12.0,"key":"FearPotion"},{"floor":22.0,"key":"Fruit Juice"},{"floor":22.0,"key":"EntropicBrew"},{"floor":33.0,"key":"Block Potion"}],"is_trial":false,"path_per_floor":["M","?","M","M","$","E","R","M","T","R","?","M","M","$","R","B",null,"M","?","$","?","?","R","M","M","T","R","?","?","R","M","R","B",null,"M","$","?","M","$","R","?","R","T","$","?","M","M","M","R","B",null],"character_chosen":"IRONCLAD","items_purchased":["Demon Form","Juzu Bracelet","Disarm","Limit Break"],"campfire_rested":3,"item_purchase_floors":[14,20,20,36],"current_hp_per_floor":[80,55,61,67,67,54,54,48,48,48,53,38,44,44,44,12,80,78,78,78,78,78,78,70,59,59,59,43,27,39,44,44,40,45,46,46,46,47,47,47,47,47,47,47,41,48,49,50,50,51],"gold":99,"neow_bonus":"THREE_ENEMY_KILL","is_prod":false,"is_daily":false,"chose_seed":false,"campfire_upgraded":6,"win_rate":0,"timestamp":1548524271,"path_taken":["M","?","M","M","$","E","R","M","T","R","?","M","?","$","R","BOSS","M","?","?","?","?","R","M","M","T","R","?","?","R","M","R","BOSS","M","$","?","M","$","R","?","R","T","?","?","M","M","M","R","BOSS"],"build_version":"2019-01-23","purchased_purges":1,"victory":true,"max_hp_per_floor":[80,80,80,80,80,80,80,80,80,80,80,80,80,80,80,80,80,80,80,80,80,80,80,86,87,87,87,43,43,43,44,44,45,45,46,46,46,47,47,47,47,47,47,47,47,48,49,50,50,51],"card_choices":[{"not_picked":["Intimidate","Sword Boomerang"],"picked":"Iron Wave","floor":1.0},{"not_picked":["Clash","Headbutt"],"picked":"Iron Wave","floor":3.0},{"not_picked":["Iron Wave","Flex"],"picked":"Metallicize","floor":4.0},{"not_picked":["Bludgeon","Flex"],"picked":"Flame Barrier","floor":6.0},{"not_picked":["Blood for Blood","Thunderclap"],"picked":"Iron Wave","floor":8.0},{"not_picked":["Twin Strike","Clash"],"picked":"Pommel Strike","floor":12.0},{"not_picked":["Pommel Strike","Evolve"],"picked":"Armaments","floor":13.0},{"not_picked":["Fiend Fire","Demon Form"],"picked":"Reaper","floor":16.0},{"not_picked":["Perfected Strike","Wild Strike","Whirlwind"],"picked":"SKIP","floor":18.0},{"not_picked":["Twin Strike","Anger+1"],"picked":"Body Slam+1","floor":24.0},{"not_picked":["Twin Strike","Corruption"],"picked":"Havoc+1","floor":25.0},{"not_picked":["Brutality","True Grit"],"picked":"Infernal Blade","floor":31.0},{"not_picked":["Double Tap","Exhume"],"picked":"Demon Form","floor":33.0},{"not_picked":["Iron Wave","Searing Blow"],"picked":"Shrug It Off+1","floor":35.0},{"not_picked":["Combust","Iron Wave","Armaments"],"picked":"SKIP","floor":38.0},{"not_picked":["Heavy Blade","Clash"],"picked":"Havoc+1","floor":46.0},{"not_picked":["Pommel Strike","Armaments","Perfected Strike"],"picked":"SKIP","floor":47.0},{"not_picked":["Armaments+1","Dual Wield+1"],"picked":"Rage+1","floor":48}],"player_experience":266822,"relics_obtained":[{"floor":6.0,"key":"Turnip"},{"floor":9.0,"key":"Incense Burner"},{"floor":26.0,"key":"Shuriken"},{"floor":29.0,"key":"Enchiridion"},{"floor":43.0,"key":"Anchor"}],"event_choices":[{"damage_healed":0.0,"max_hp_gain":0.0,"max_hp_loss":0.0,"gold_gain":0.0,"event_name":"Scrap Ooze","player_choice":"Success","floor":2.0,"gold_loss":0.0,"damage_taken":25.0,"relics_obtained":["Ginger"]},{"cards_removed":["Iron Wave"],"damage_healed":5.0,"max_hp_gain":0.0,"max_hp_loss":0.0,"gold_gain":0.0,"event_name":"Bonfire Elementals","player_choice":"Offered Common","floor":11.0,"gold_loss":0.0,"damage_taken":0.0},{"cards_removed":["Iron Wave"],"damage_healed":5.0,"max_hp_gain":0.0,"max_hp_loss":0.0,"gold_gain":0.0,"event_name":"Bonfire Elementals","player_choice":"Offered Special","floor":11.0,"gold_loss":0.0,"damage_taken":0.0},{"damage_healed":0.0,"max_hp_gain":0.0,"max_hp_loss":0.0,"gold_gain":0.0,"event_name":"Duplicator","player_choice":"Copied","floor":19.0,"gold_loss":0.0,"damage_taken":0.0,"cards_obtained":["Reaper"]},{"damage_healed":0.0,"max_hp_gain":0.0,"max_hp_loss":0.0,"gold_gain":0.0,"event_name":"FaceTrader","player_choice":"Trade","floor":21.0,"gold_loss":0.0,"damage_taken":0.0,"relics_obtained":["FaceOfCleric"]},{"damage_healed":0.0,"max_hp_gain":0.0,"max_hp_loss":0.0,"gold_gain":0.0,"event_name":"Lab","player_choice":"Got Potions","floor":22.0,"gold_loss":0.0,"damage_taken":0.0},{"damage_healed":0.0,"max_hp_gain":0.0,"max_hp_loss":44.0,"gold_gain":0.0,"event_name":"Ghosts","player_choice":"Became a Ghost","floor":28.0,"gold_loss":0.0,"damage_taken":0.0,"cards_obtained":["Ghostly","Ghostly","Ghostly","Ghostly","Ghostly"]},{"damage_healed":0.0,"max_hp_gain":0.0,"max_hp_loss":0.0,"gold_gain":0.0,"event_name":"Cursed Tome","player_choice":"Obtained Book","floor":29.0,"gold_loss":0.0,"damage_taken":16.0},{"cards_removed":["Defend_R"],"damage_healed":0.0,"max_hp_gain":0.0,"max_hp_loss":0.0,"gold_gain":0.0,"event_name":"Purifier","player_choice":"Purged","floor":37.0,"gold_loss":0.0,"damage_taken":0.0},{"damage_healed":0.0,"max_hp_gain":0.0,"max_hp_loss":0.0,"gold_gain":0.0,"event_name":"Match and Keep!","player_choice":"0 cards matched","floor":41.0,"gold_loss":0.0,"damage_taken":0.0,"cards_obtained":[]},{"damage_healed":0.0,"max_hp_gain":0.0,"max_hp_loss":0.0,"gold_gain":0.0,"event_name":"Winding Halls","player_choice":"Embrace Madness","floor":45.0,"gold_loss":0.0,"damage_taken":6.0,"cards_obtained":["Madness","Madness"]}],"is_beta":false,"boss_relics":[{"not_picked":["Runic Pyramid","Cursed Key"],"picked":"Philosopher\u0027s Stone"},{"not_picked":["White Beast Statue","Empty Cage"],"picked":"Fusion Hammer"}],"items_purged_floors":[36],"is_endless":false,"potions_floor_spawned":[1,6,8,12,33,35,47],"ascension_level":4}