{"gold_per_floor":[111,128,58,58,12,42,61,61,115,145,145,165,184,218,218,322,322,334,185,185,205,205,235,235,42,42,42,55,80,80,94,94,191,191,207,222,28,28,28,28,47,72,72,72,72,101,0,14,14,14],"floor_reached":51,"playtime":1767,"items_purged":["Strike_R"],"score":1107,"play_id":"340ac895-8303-48d9-b719-e15c86173828","local_time":"20190128014212","is_ascension_mode":true,"campfire_choices":[{"data":"Demon Form","floor":8.0,"key":"SMITH"},{"data":"Heavy Blade","floor":11.0,"key":"SMITH"},{"data":"Armaments","floor":15.0,"key":"SMITH"},{"data":"Flame Barrier","floor":24.0,"key":"SMITH"},{"floor":27.0,"key":"REST"},{"data":"Pummel","floor":32.0,"key":"SMITH"},{"data":"True Grit","floor":40.0,"key":"SMITH"},{"floor":44,"key":"REST"},{"data":"Battle Trance","floor":49,"key":"SMITH"}],"neow_cost":"NONE","seed_source_timestamp":0,"circlet_count":0,"master_deck":["Strike_R","Strike_R","Defend_R","Defend_R","Defend_R","Defend_R","Bash","Demon Form+1","Anger","True Grit+1","Intimidate","Reaper","Heavy Blade+1","Bloodletting+1","Pommel Strike","Cleave","Armaments+1","Juggernaut","Battle Trance+1","Flame Barrier+1","Spot Weakness+1","Pummel+1","Barricade+1","Panache+1","Body Slam+1"],"special_seed":0,"relics":["Burning Blood","Pen Nib","Orichalcum","StoneCalendar","Blood Vial","Busted Crown","Strawberry","Brimstone","Bottled Lightning","Frozen Egg 2","Mark of Pain","Sling","Potion Belt","Mummified Hand","War Paint","Bottled Tornado","Red Mask"],"potions_floor_usage":[41,42,50],"damage_taken":[{"damage":3.0,"enemies":"Jaw Worm","floor":1.0,"turns":6.0},{"damage":1.0,"enemies":"Cultist","floor":2.0,"turns":3.0},{"damage":43.0,"enemies":"3 Sentries","floor":6.0,"turns":8.0},{"damage":3.0,"enemies":"Small Slimes","floor":7.0,"turns":3.0},{"damage":20.0,"enemies":"Lagavulin","floor":10.0,"turns":7.0},{"damage":10.0,"enemies":"2 Fungi Beasts","floor":12.0,"turns":3.0},{"damage":16.0,"enemies":"Large Slime","floor":13.0,"turns":6.0},{"damage":13.0,"enemies":"3 Sentries","floor":14.0,"turns":7.0},{"damage":27.0,"enemies":"Hexaghost","floor":16.0,"turns":6.0},{"damage":0.0,"enemies":"3 Byrds","floor":18.0,"turns":5.0},{"damage":7.0,"enemies":"Shell Parasite","floor":21.0,"turns":5.0},{"damage":20.0,"enemies":"Colosseum Slavers","floor":22.0,"turns":5.0},{"damage":59.0,"enemies":"Gremlin Leader","floor":23.0,"turns":7.0},{"damage":25.0,"enemies":"Snecko","floor":28.0,"turns":4.0},{"damage":28.0,"enemies":"Slavers","floor":29.0,"turns":4.0},{"damage":14.0,"enemies":"Centurion and Healer","floor":31.0,"turns":3.0},{"damage":30.0,"enemies":"Champ","floor":33.0,"turns":6.0},{"damage":24.0,"enemies":"Orb Walker","floor":35.0,"turns":4.0},{"damage":0.0,"enemies":"3 Shapes","floor":36.0,"turns":3.0},{"damage":10,"enemies":"Writhing Mass","floor":41,"turns":4},{"damage":25,"enemies":"Nemesis","floor":42,"turns":5},{"damage":39,"enemies":"Reptomancer","floor":46,"turns":6},{"damage":15,"enemies":"Jaw Worm Horde","floor":48,"turns":4},{"damage":86,"enemies":"Time Eater","floor":50,"turns":7}],"seed_played":"-7129516018009538662","potions_obtained":[{"floor":2.0,"key":"Weak Potion"},{"floor":7.0,"key":"SteroidPotion"},{"floor":10.0,"key":"AttackPotion"},{"floor":21.0,"key":"Regen Potion"},{"floor":23.0,"key":"Fruit Juice"},{"floor":29.0,"key":"SpeedPotion"},{"floor":31.0,"key":"SpeedPotion"},{"floor":33.0,"key":"Energy Potion"},{"floor":35.0,"key":"Dexterity Potion"},{"floor":36.0,"key":"Energy Potion"},{"floor":41,"key":"BloodPotion"},{"floor":42,"key":"BloodPotion"}],"is_trial":false,"path_per_floor":["M","M","$","?","$","E","M","R","T","E","R","M","M","E","R","B",null,"M","$","?","M","?","E","R","$","T","R","M","E","?","M","R","B",null,"M","M","$","?","?","R","M","E","T","R","?","E","?","M","R","B",null],"character_chosen":"IRONCLAD","items_purchased":["Intimidate","Heavy Blade","Battle Trance","Brimstone","Sling"],"campfire_rested":2,"item_purchase_floors":[3,5,19,25,37],"current_hp_per_floor":[75,80,80,80,80,63,70,70,70,63,63,67,65,66,66,59,75,80,80,80,79,66,48,48,48,48,74,73,80,80,74,74,59,84,68,76,76,76,76,76,74,66,66,92,92,66,66,86,86,36],"gold":14,"neow_bonus":"TRANSFORM_CARD","is_prod":false,"is_daily":false,"chose_seed":false,"campfire_upgraded":7,"win_rate":0,"timestamp":1548657732,"path_taken":["M","M","$","?","?","E","M","R","T","E","R","M","?","E","R","BOSS","M","$","?","?","?","E","R","$","T","R","M","E","?","M","R","BOSS","M","M","$","?","?","R","?","E","T","R","?","E","?","M","R","BOSS"],"build_version":"2019-01-23","purchased_purges":1,"victory":true,"max_hp_per_floor":[80,80,80,80,80,80,80,80,80,80,80,80,80,80,80,80,80,80,80,80,80,80,87,87,87,87,87,92,92,92,92,92,92,92,92,92,92,92,92,92,92,92,92,92,92,92,92,92,92,92],"card_choices":[{"not_picked":["Body Slam","Burning Pact"],"picked":"Anger","floor":1.0},{"not_picked":["Cleave","Sword Boomerang"],"picked":"True Grit","floor":2.0},{"not_picked":["Twin Strike","Intimidate"],"picked":"Bloodletting","floor":6.0},{"not_picked":["Clash","Flex"],"picked":"Pommel Strike","floor":7.0},{"not_picked":["Bloodletting","Body Slam"],"picked":"Cleave","floor":10.0},{"not_picked":["Pommel Strike","Rage"],"picked":"Armaments","floor":12.0},{"not_picked":["Feel No Pain","Second Wind","Rage"],"picked":"SKIP","floor":13.0},{"not_picked":["Heavy Blade","Anger"],"picked":"Juggernaut","floor":14.0},{"not_picked":["Heavy Blade"],"picked":"SKIP","floor":18.0},{"not_picked":[],"picked":"Flame Barrier","floor":21.0},{"not_picked":[],"picked":"Spot Weakness","floor":23.0},{"not_picked":[],"picked":"Pummel","floor":28.0},{"not_picked":["Dark Embrace"],"picked":"SKIP","floor":29.0},{"not_picked":["Twin Strike"],"picked":"SKIP","floor":31.0},{"not_picked":[],"picked":"Barricade+1","floor":33.0},{"not_picked":["Armaments+1"],"picked":"SKIP","floor":35.0},{"not_picked":["Flex"],"picked":"SKIP","floor":36.0},{"not_picked":[],"picked":"Panache+1","floor":38.0},{"not_picked":[],"picked":"Body Slam+1","floor":41},{"not_picked":["Sever Soul+1"],"picked":"SKIP","floor":42},{"not_picked":["Twin Strike"],"picked":"SKIP","floor":46},{"not_picked":["Intimidate"],"picked":"SKIP","floor":48}],"player_experience":156753,"relics_obtained":[{"floor":6.0,"key":"Pen Nib"},{"floor":9.0,"key":"Orichalcum"},{"floor":10.0,"key":"StoneCalendar"},{"floor":14.0,"key":"Blood Vial"},{"floor":23.0,"key":"Strawberry"},{"floor":26.0,"key":"Bottled Lightning"},{"floor":29.0,"key":"Frozen Egg 2"},{"floor":42,"key":"Mummified Hand"},{"floor":43,"key":"War Paint"},{"floor":46,"key":"Bottled Tornado"}],"event_choices":[{"damage_healed":0.0,"max_hp_gain":0.0,"max_hp_loss":0.0,"gold_gain":0.0,"cards_transformed":["Strike_R"],"event_name":"Transmorgrifier","player_choice":"Transformed","floor":4.0,"gold_loss":0.0,"damage_taken":0.0,"cards_obtained":["Reaper"]},{"damage_healed":0.0,"max_hp_gain":0.0,"max_hp_loss":0.0,"gold_gain":0.0,"event_name":"FaceTrader","player_choice":"Leave","floor":20.0,"gold_loss":0.0,"damage_taken":0.0},{"damage_healed":0.0,"max_hp_gain":0.0,"max_hp_loss":0.0,"gold_gain":0.0,"event_name":"Colosseum","player_choice":"Fight","floor":22.0,"gold_loss":0.0,"damage_taken":0.0},{"damage_healed":0.0,"max_hp_gain":0.0,"max_hp_loss":0.0,"gold_gain":0.0,"event_name":"Colosseum","player_choice":"Fled From Nobs","floor":22.0,"gold_loss":0.0,"damage_taken":0.0},{"damage_healed":0.0,"max_hp_gain":0.0,"max_hp_loss":0.0,"gold_gain":0.0,"event_name":"SensoryStone","player_choice":"Memory 1","floor":38.0,"gold_loss":0.0,"damage_taken":0.0},{"damage_healed":0.0,"max_hp_gain":0.0,"max_hp_loss":0.0,"gold_gain":0.0,"event_name":"WeMeetAgain","player_choice":"Gave Potion","floor":39.0,"gold_loss":0.0,"damage_taken":0.0,"relics_obtained":["Potion Belt"]},{"damage_healed":0,"gold_gain":0,"player_choice":"Ignored","damage_taken":0,"max_hp_gain":0,"max_hp_loss":0,"event_name":"Mysterious Sphere","floor":45,"gold_loss":0},{"damage_healed":0,"gold_gain":0,"player_choice":"Paid","damage_taken":0,"relics_obtained":["Red Mask"],"max_hp_gain":0,"max_hp_loss":0,"event_name":"Tomb of Lord Red Mask","floor":47,"gold_loss":101}],"is_beta":false,"boss_relics":[{"not_picked":["Empty Cage","Coffee Dripper"],"picked":"Busted Crown"},{"not_picked":["Black Blood","Orrery"],"picked":"Mark of Pain"}],"items_purged_floors":[19],"is_endless":false,"potions_floor_spawned":[2,7,10,13,21,23,29,31,33,35,36,41,42],"ascension_level":6}