{"path_per_floor":["M","?","M","$","?","R","M","?","T","M","R","M","M","M","R","B",null,"M","?","M","M","M","R","?","M","T","M","M","M","R","M","R"],"character_chosen":"IRONCLAD","items_purchased":["Inflame"],"gold_per_floor":[112,112,132,94,94,94,107,107,107,121,121,138,153,164,164,267,267,279,279,292,302,312,312,212,231,231,244,261,275,275,295,295],"floor_reached":33,"campfire_rested":3,"playtime":2637,"current_hp_per_floor":[46,39,55,55,39,39,48,48,48,62,62,68,81,60,88,71,98,95,70,61,58,60,86,86,55,55,72,70,60,91,90,90],"items_purged":[],"gold":295,"play_id":"9b798b0c-01ac-420a-92d7-b0ebd170cabc","is_prod":false,"is_daily":false,"campfire_rituals":0,"campfire_upgraded":3,"is_hardmode":false,"path_taken":["M","?","M","$","?","R","M","?","T","?","R","M","M","M","R","BOSS","M","?","?","M","M","R","?","M","T","M","M","M","R","M","R","BOSS"],"build_version":"2018-01-04-PROD1","purchased_purges":0,"victory":false,"master_deck":["Defend_R","Defend_R","Defend_R","Defend_R","Bash","Pummel","Headbutt","Feed","Inflame","Metallicize","Heavy Blade","Headbutt","Dual Wield","Shrug It Off","Feed","Bloodletting","True Grit","Dual Wield","Pummel","Bite_R","Bite_R","Bite_R","Bite_R","Bite_R","Inflame","J.A.X.","Headbutt","Heavy Blade"],"max_hp_per_floor":[80,80,80,80,80,80,83,83,83,86,86,89,92,95,95,98,98,101,70,79,85,88,88,88,91,91,97,100,106,106,109,109],"relics":["Burning Blood","Meat on the Bone","Magic Flower","Astrolabe","Bottled Flame"],"campfire_meditates":0,"card_choices":[{"not_picked":["Pommel Strike","Wild Strike"],"picked":"Headbutt"},{"not_picked":["Warcry","Evolve"],"picked":"Feed"},{"not_picked":["Battle Trance","Thunderclap"],"picked":"Metallicize"},{"not_picked":["Anger","Warcry"],"picked":"Heavy Blade"},{"not_picked":["Shockwave","True Grit"],"picked":"Headbutt"},{"not_picked":["Wild Strike","Rage"],"picked":"Dual Wield"},{"not_picked":["Anger","Fiend Fire"],"picked":"Shrug It Off"},{"not_picked":["Juggernaut","Immolate"],"picked":"Feed"},{"not_picked":["Pommel Strike","Intimidate"],"picked":"Pummel"},{"not_picked":["Iron Wave","Cleave"],"picked":"Inflame"},{"not_picked":["Blood for Blood","True Grit"],"picked":"Headbutt"},{"not_picked":["Iron Wave","Twin Strike"],"picked":"Heavy Blade"}],"player_experience":39412,"potions_floor_usage":[16,16,33,33],"damage_taken":[{"damage":0,"enemies":"Cultist","floor":1,"turns":4},{"damage":2,"enemies":"Small Slimes","floor":3,"turns":3},{"damage":0,"enemies":"2 Louse","floor":7,"turns":2},{"damage":0,"enemies":"Large Slime","floor":10,"turns":3},{"damage":8,"enemies":"3 Louse","floor":12,"turns":3},{"damage":1,"enemies":"2 Fungi Beasts","floor":13,"turns":3},{"damage":35,"enemies":"Exordium Thugs","floor":14,"turns":7},{"damage":31,"enemies":"Hexaghost","floor":16,"turns":9},{"damage":17,"enemies":"Spheric Guardian","floor":18,"turns":4},{"damage":39,"enemies":"3 Byrds","floor":20,"turns":7},{"damage":52,"enemies":"Sentry and Sphere","floor":21,"turns":10},{"damage":45,"enemies":"Snake Plant","floor":22,"turns":8},{"damage":48,"enemies":"Snecko","floor":25,"turns":7},{"damage":26,"enemies":"Centurion and Healer","floor":27,"turns":6},{"damage":34,"enemies":"Snake Plant","floor":28,"turns":4},{"damage":56,"enemies":"3 Cultists","floor":29,"turns":7},{"damage":21,"enemies":"Centurion and Healer","floor":31,"turns":4},{"damage":145,"enemies":"Champ","floor":33,"turns":13}],"event_choices":[{"event_name":"Scrap Ooze","player_choice":"success","floor":2,"damage_taken":7},{"event_name":"Shining Light","player_choice":"Entered Light","floor":5,"damage_taken":0},{"event_name":"The Lab","player_choice":"Got Potions","floor":8,"damage_taken":0},{"event_name":"Vampires","player_choice":"Became a vampire","floor":19,"damage_taken":0},{"event_name":"Drug Dealer","player_choice":"Got JAXXED","floor":24,"damage_taken":0}],"boss_relics":[{"not_picked":["Black Star","White Beast Statue"],"picked":"Astrolabe"}],"potions_floor_spawned":[7,10,12,16,18,25,27,29,31],"seed_played":"402274104844382977","killed_by":"Champ","is_trial":false}