{"gold_per_floor":[117,117,27,202,202,202,213,544,544,544,560,572,588,607,607,607],"floor_reached":16,"playtime":758,"items_purged":[],"score":143,"play_id":"15a88e11-3957-440c-8759-c9aec4a96021","local_time":"20190205151032","is_ascension_mode":true,"campfire_choices":[{"data":"Bash","floor":6,"key":"SMITH"},{"floor":10,"key":"REST"},{"data":"True Grit","floor":15,"key":"SMITH"}],"neow_cost":"NONE","seed_source_timestamp":96063503129436,"circlet_count":0,"master_deck":["Strike_R","Strike_R","Strike_R","Strike_R","Strike_R","Defend_R+1","Defend_R","Defend_R","Defend_R+1","Bash+1","Impatience","Shrug It Off","Blind","Doubt","Shrug It Off","Clothesline","Whirlwind","True Grit+1","Flame Barrier","Corruption"],"relics":["Burning Blood","Old Coin","Matryoshka"],"potions_floor_usage":[8,8,14,16],"damage_taken":[{"damage":3,"enemies":"2 Louse","floor":1,"turns":4},{"damage":2,"enemies":"Small Slimes","floor":7,"turns":3},{"damage":49,"enemies":"Gremlin Nob","floor":8,"turns":5},{"damage":9,"enemies":"Jaw Worm","floor":11,"turns":3},{"damage":1,"enemies":"Red Slaver","floor":12,"turns":4},{"damage":1,"enemies":"Large Slime","floor":13,"turns":7},{"damage":0,"enemies":"Looter","floor":14,"turns":4},{"damage":68,"enemies":"Slime Boss","floor":16,"turns":10}],"seed_played":"-4755249714103124833","potions_obtained":[{"floor":5,"key":"Explosive Potion"},{"floor":5,"key":"Fire Potion"},{"floor":5,"key":"LiquidBronze"},{"floor":8,"key":"Poison Potion"},{"floor":13,"key":"Dexterity Potion"},{"floor":14,"key":"GamblersBrew"}],"is_trial":false,"path_per_floor":["M","?","$","?","?","R","M","E","T","R","M","M","M","M","R","B"],"character_chosen":"IRONCLAD","items_purchased":["Blind"],"campfire_rested":1,"item_purchase_floors":[3],"current_hp_per_floor":[75,59,59,59,59,59,63,20,20,44,41,46,51,57,57,0],"gold":607,"neow_bonus":"RANDOM_COLORLESS","is_prod":false,"is_daily":false,"chose_seed":false,"campfire_upgraded":2,"win_rate":0,"timestamp":1549354232,"path_taken":["M","?","$","?","?","R","M","E","T","R","?","M","M","M","R","BOSS"],"build_version":"2019-01-23","purchased_purges":0,"victory":false,"max_hp_per_floor":[80,80,80,80,80,80,80,80,80,80,80,80,80,80,80,80],"card_choices":[{"not_picked":["Warcry","Wild Strike"],"picked":"Shrug It Off","floor":1},{"not_picked":["Perfected Strike","Clothesline"],"picked":"Shrug It Off","floor":7},{"not_picked":["Flex","Clash"],"picked":"Clothesline","floor":8},{"not_picked":["Flex","Heavy Blade"],"picked":"Whirlwind","floor":11},{"not_picked":["Hemokinesis","Pommel Strike"],"picked":"True Grit","floor":12},{"not_picked":["True Grit","Second Wind"],"picked":"Flame Barrier","floor":13},{"not_picked":["Sentinel","Clothesline"],"picked":"Corruption","floor":14}],"player_experience":323510,"relics_obtained":[{"floor":8,"key":"Old Coin"},{"floor":9,"key":"Matryoshka"}],"event_choices":[{"damage_healed":0,"gold_gain":0,"player_choice":"Entered Light","damage_taken":16,"max_hp_gain":0,"max_hp_loss":0,"event_name":"Shining Light","floor":2,"gold_loss":0,"cards_upgraded":["Defend_R","Defend_R"]},{"damage_healed":0,"gold_gain":175,"player_choice":"AGREE","damage_taken":0,"max_hp_gain":0,"max_hp_loss":0,"event_name":"Liars Game","floor":4,"gold_loss":0,"cards_obtained":["Doubt"]},{"damage_healed":0,"gold_gain":0,"player_choice":"Got Potions","damage_taken":0,"max_hp_gain":0,"max_hp_loss":0,"event_name":"Lab","floor":5,"gold_loss":0}],"is_beta":false,"boss_relics":[],"items_purged_floors":[],"is_endless":false,"potions_floor_spawned":[8,13,14],"killed_by":"Slime Boss","ascension_level":8}