{"gold_per_floor":[116,116,127,144,159,159,159,188,211,222,222,240,240,267,267,371,371,390,410,427,441,441,441,241,274,274,274],"floor_reached":27,"playtime":1008,"items_purged":["Strike_B"],"score":343,"play_id":"22e49cdb-7f18-4610-9f9b-22d4091ca591","local_time":"20180627174349","is_ascension_mode":true,"campfire_choices":[{"data":"Streamline","floor":6,"key":"SMITH"},{"floor":11,"key":"REST"},{"floor":13,"key":"REST"},{"floor":15,"key":"REST"},{"floor":23,"key":"REST"}],"neow_cost":"NONE","seed_source_timestamp":258302854690052,"circlet_count":0,"master_deck":["Strike_B","Strike_B","Defend_B","Defend_B","Defend_B+1","Defend_B+1","Zap","Dualcast","Streamline+1","Cold Snap","Compile Driver","Core Surge","Lockon","Conserve Battery","Electrodynamics","Stack+1","Self Repair","Ball Lightning","Glacier","Static Discharge","Ball Lightning","Ball Lightning+1"],"relics":["Cracked Core","Boot","Anchor","Ancient Tea Set","War Paint","Black Star","Prayer Wheel","Turnip","Darkstone Periapt"],"potions_floor_usage":[8,10,21,25],"damage_taken":[{"damage":14,"enemies":"Small Slimes","floor":1,"turns":4},{"damage":6,"enemies":"Cultist","floor":3,"turns":3},{"damage":0,"enemies":"Jaw Worm","floor":4,"turns":3},{"damage":9,"enemies":"Looter","floor":5,"turns":3},{"damage":15,"enemies":"3 Sentries","floor":8,"turns":6},{"damage":0,"enemies":"Lots of Slimes","floor":10,"turns":3},{"damage":25,"enemies":"Large Slime","floor":12,"turns":4},{"damage":33,"enemies":"Lagavulin","floor":14,"turns":6},{"damage":37,"enemies":"The Guardian","floor":16,"turns":12},{"damage":14,"enemies":"Chosen","floor":18,"turns":4},{"damage":0,"enemies":"3 Byrds","floor":19,"turns":3},{"damage":35,"enemies":"Snake Plant","floor":20,"turns":5},{"damage":16,"enemies":"Sentry and Sphere","floor":21,"turns":5},{"damage":17,"enemies":"Slavers","floor":25,"turns":9},{"damage":26,"enemies":"Centurion and Healer","floor":27,"turns":4}],"seed_played":"-3314632938155338832","potions_obtained":[{"floor":1,"key":"Energy Potion"},{"floor":5,"key":"SkillPotion"},{"floor":8,"key":"LiquidBronze"},{"floor":10,"key":"Ancient Potion"},{"floor":19,"key":"SpeedPotion"},{"floor":21,"key":"Block Potion"}],"is_trial":false,"path_per_floor":["M","?","M","M","M","R","?","E","T","M","R","M","R","E","R","B",null,"M","M","M","M","?","R","$","E","T"],"character_chosen":"DEFECT","items_purchased":["Static Discharge","Ball Lightning"],"campfire_rested":4,"item_purchase_floors":[24,24],"current_hp_per_floor":[54,59,53,53,44,44,44,29,29,29,53,28,52,19,43,6,62,48,48,20,11,11,35,35,18,18,0],"gold":274,"neow_bonus":"RANDOM_COMMON_RELIC","is_prod":false,"is_daily":false,"chose_seed":false,"campfire_upgraded":1,"win_rate":0,"timestamp":1530139429,"path_taken":["M","?","M","M","?","R","?","E","T","M","R","M","R","E","R","BOSS","M","M","?","M","?","R","?","E","T","M"],"build_version":"2018-06-21v2","purchased_purges":1,"victory":false,"max_hp_per_floor":[75,80,80,80,80,80,80,80,80,80,80,80,80,80,80,80,80,80,80,80,80,80,80,80,80,80,80],"card_choices":[{"not_picked":["Steam","Go for the Eyes"],"picked":"Streamline","floor":1},{"not_picked":["Sweeping Beam","Streamline"],"picked":"Cold Snap","floor":3},{"not_picked":["Leap","Chaos"],"picked":"Compile Driver","floor":4},{"not_picked":["Turbo","Static Discharge"],"picked":"Core Surge","floor":5},{"not_picked":["Coolheaded","Chaos"],"picked":"Lockon","floor":8},{"not_picked":["Cold Snap","Compile Driver","Aggregate"],"picked":"SKIP","floor":10},{"not_picked":["Redo","Turbo","Compile Driver"],"picked":"SKIP","floor":12},{"not_picked":["Turbo","Gash"],"picked":"Conserve Battery","floor":14},{"not_picked":["Echo Form","Thunder Strike"],"picked":"Electrodynamics","floor":16},{"not_picked":["Beam Cell+1","Streamline"],"picked":"Stack+1","floor":18},{"not_picked":["Fusion+1","Hello World"],"picked":"Self Repair","floor":19},{"not_picked":["Steam+1","Double Energy+1"],"picked":"Ball Lightning","floor":20},{"not_picked":["Reprogram","Streamline+1"],"picked":"Glacier","floor":21},{"not_picked":["Go for the Eyes+1","Consume"],"picked":"Ball Lightning+1","floor":25}],"player_experience":410143,"relics_obtained":[{"floor":8,"key":"Anchor"},{"floor":9,"key":"Ancient Tea Set"},{"floor":14,"key":"War Paint"},{"floor":25,"key":"Prayer Wheel"},{"floor":25,"key":"Turnip"},{"floor":26,"key":"Darkstone Periapt"}],"event_choices":[{"event_name":"Big Fish","player_choice":"Donut","floor":2,"damage_taken":0},{"event_name":"Living Wall","player_choice":"Forget","floor":7,"damage_taken":0},{"event_name":"Vampires","player_choice":"Ignored","floor":22,"damage_taken":0}],"boss_relics":[{"not_picked":["Sozu","Pandora\u0027s Box"],"picked":"Black Star"}],"items_purged_floors":[24],"is_endless":false,"potions_floor_spawned":[1,5,8,10,19,21],"killed_by":"Centurion and Healer","ascension_level":8}