{"path_per_floor":["M","?","M","M","$","M","R","E","T","R","M","R","M","?","R","B",null,"M","$","M","?","M","R","?","M","T","M","R","M","R","T","R","B",null,"M","?","M","?","M","R"],"character_chosen":"THE_SILENT","items_purchased":["Catalyst","Gremlin Horn","Footwork","Deadly Poison"],"gold_per_floor":[116,116,133,146,68,81,81,112,166,166,179,179,196,371,371,468,468,483,69,80,80,100,100,100,116,116,134,134,145,145,145,145,242,242,259,0,12,112,123,123],"floor_reached":41,"campfire_rested":8,"playtime":24071,"current_hp_per_floor":[70,70,70,70,70,63,63,18,18,39,18,39,31,31,52,26,70,54,54,32,32,26,47,47,36,36,14,35,14,35,35,56,32,70,64,64,60,60,18,39],"items_purged":["Doubt"],"gold":123,"play_id":"df4fa015-af22-4c9e-a4d9-c1eb33f5be34","is_prod":false,"is_daily":false,"campfire_rituals":0,"campfire_upgraded":1,"is_hardmode":false,"path_taken":["M","?","M","M","?","M","R","E","T","R","M","R","?","?","R","BOSS","M","?","?","?","M","R","?","M","T","M","R","M","R","?","R","BOSS","M","?","M","?","M","R","M"],"build_version":"2018-01-04-PROD1","purchased_purges":1,"victory":false,"master_deck":["Defend_G","Defend_G","Defend_G","Defend_G","Defend_G","Strike_G","Strike_G","Strike_G","Strike_G","Strike_G","Survivor","Neutralize","Poisoned Stab","Deadly Poison","Catalyst","Well Laid Plans","Crippling Poison","Deadly Poison","Backflip","Corpse Explosion","Footwork","Deadly Poison","After Image","Bouncing Flask","Writhe","Deadly Poison","Prepared","Parasite","Decay","Normality","Poisoned Stab","Backflip","Eviscerate"],"max_hp_per_floor":[70,70,70,70,70,70,70,70,70,70,70,70,70,70,70,70,70,70,70,70,70,70,70,70,70,70,70,70,70,70,70,70,70,70,70,70,70,70,70,70],"relics":["Lizard Tail","Dodecahedron","Ancient Tea Set","Sozu","Gremlin Horn","Bronze Scales","Unceasing Top","Lantern","Calling Bell","Mummified Hand","Bag of Preparation","Toolbox","Red Mask"],"campfire_meditates":0,"card_choices":[{"not_picked":["Prepared","Finisher"],"picked":"Poisoned Stab"},{"not_picked":["Prepared","PiercingWail"],"picked":"Deadly Poison"},{"not_picked":["PiercingWail","Finisher"],"picked":"Well Laid Plans"},{"not_picked":["Flechettes","Blade Dance"],"picked":"Crippling Poison"},{"not_picked":["Deflect","Finisher"],"picked":"Deadly Poison"},{"not_picked":["Escape Plan","Sucker Punch"],"picked":"Backflip"},{"not_picked":["Glass Knife","Venomology"],"picked":"Corpse Explosion"},{"not_picked":["Slice","Dagger Throw"],"picked":"After Image"},{"not_picked":["Dodge and Roll","Poisoned Stab"],"picked":"Bouncing Flask"},{"not_picked":["Poisoned Stab","Caltrops"],"picked":"Deadly Poison"},{"not_picked":["Outmaneuver","Bane"],"picked":"Prepared"},{"not_picked":["Deadly Poison","Slice"],"picked":"Poisoned Stab"},{"not_picked":["Deadly Poison","Die Die Die"],"picked":"Backflip"},{"not_picked":["Sucker Punch","Quick Slash"],"picked":"Eviscerate"}],"player_experience":42485,"potions_floor_usage":[],"damage_taken":[{"damage":0.0,"enemies":"Blue Slaver","floor":1.0,"turns":7.0},{"damage":0.0,"enemies":"2 Louse","floor":3.0,"turns":4.0},{"damage":0.0,"enemies":"Cultist","floor":4.0,"turns":4.0},{"damage":7.0,"enemies":"Red Slaver","floor":6.0,"turns":5.0},{"damage":45.0,"enemies":"3 Sentries","floor":8.0,"turns":12.0},{"damage":21.0,"enemies":"Exordium Wildlife","floor":11.0,"turns":5.0},{"damage":8.0,"enemies":"Gremlin Gang","floor":13.0,"turns":5.0},{"damage":26.0,"enemies":"The Guardian","floor":16.0,"turns":7.0},{"damage":16.0,"enemies":"Shell Parasite","floor":18.0,"turns":5.0},{"damage":22.0,"enemies":"3 Byrds","floor":20.0,"turns":7.0},{"damage":6.0,"enemies":"Centurion and Healer","floor":22.0,"turns":10.0},{"damage":11,"enemies":"Snecko","floor":25,"turns":4},{"damage":22,"enemies":"Slaver and Parasite","floor":27,"turns":5},{"damage":21,"enemies":"Centurion and Healer","floor":29,"turns":6},{"damage":59,"enemies":"Collector","floor":33,"turns":10},{"damage":6,"enemies":"3 Shapes","floor":35,"turns":4},{"damage":4,"enemies":"Orb Walker","floor":37,"turns":3},{"damage":42,"enemies":"Maw","floor":39,"turns":9},{"damage":39,"enemies":"4 Shapes","floor":41,"turns":6}],"event_choices":[{"event_name":"The Cleric","player_choice":"Leave","floor":2.0,"damage_taken":0.0},{"event_name":"Liars Game","player_choice":"agreed","floor":14.0,"damage_taken":0.0},{"event_name":"Drug Dealer","player_choice":"Ignored","floor":21.0,"damage_taken":0.0},{"event_name":"The Mausoleum","player_choice":"Yes","floor":24.0,"damage_taken":0.0},{"event_name":"Tomb of Lord Red Mask","player_choice":"Paid","floor":36,"damage_taken":0},{"event_name":"Golden Shrine","player_choice":"Pray","floor":38,"damage_taken":0}],"boss_relics":[{"not_picked":["Runic Pyramid","Black Star"],"picked":"Calling Bell"}],"potions_floor_spawned":[3,8,13,22,33,37,39],"seed_played":"792817777940537585","killed_by":"4 Shapes","is_trial":false}