{"gold_per_floor":[111,111,130,140,156,185,185,205,205,205,224,144,144,176,176,281,281,297,297,297,312,325,351,371,371,371,390,190,201,201,219,219,321,321,339,339,357,375,392,392,411,411,411,411,425,457,457,457],"floor_reached":48,"playtime":2380,"items_purged":[],"score":523,"play_id":"7dc1e253-c394-4ebc-9523-63860cf59231","local_time":"20190206040513","is_ascension_mode":false,"campfire_choices":[{"floor":13,"key":"REST"},{"floor":15,"key":"REST"},{"floor":25,"key":"REST"},{"floor":30,"key":"REST"},{"floor":32,"key":"REST"},{"floor":40,"key":"REST"},{"floor":42,"key":"RECALL"},{"floor":47,"key":"REST"}],"neow_cost":"NONE","seed_source_timestamp":655434654184300,"circlet_count":0,"master_deck":["Strike_R","Strike_R","Strike_R","Strike_R","Strike_R","Defend_R","Defend_R","Defend_R","Defend_R","Bash","Demon Form","Anger+1","Heavy Blade+1","Iron Wave","Clash","Thunderclap","Spot Weakness","Cleave","Inflame","Iron Wave","Clash","Pummel","Iron Wave+1","Thunderclap","Iron Wave+1","Heavy Blade+1","Parasite","Finesse"],"relics":["Orrery","Unceasing Top","Oddly Smooth Stone","Velvet Choker","Prayer Wheel","Regal Pillow","Mercury Hourglass","Toy Ornithopter","Fusion Hammer","GremlinMask","Bottled Flame","Bronze Scales"],"potions_floor_usage":[5,6,18,22,24,29,29,45,45,48],"damage_taken":[{"damage":0,"enemies":"2 Louse","floor":1,"turns":3},{"damage":6,"enemies":"Cultist","floor":3,"turns":3},{"damage":6,"enemies":"Jaw Worm","floor":4,"turns":2},{"damage":6,"enemies":"Large Slime","floor":5,"turns":5},{"damage":8,"enemies":"3 Sentries","floor":6,"turns":6},{"damage":0,"enemies":"2 Fungi Beasts","floor":8,"turns":2},{"damage":9,"enemies":"3 Louse","floor":11,"turns":3},{"damage":41,"enemies":"Lagavulin","floor":14,"turns":6},{"damage":12,"enemies":"Hexaghost","floor":16,"turns":7},{"damage":4,"enemies":"Spheric Guardian","floor":18,"turns":4},{"damage":18,"enemies":"Shell Parasite","floor":21,"turns":4},{"damage":25,"enemies":"Snecko","floor":22,"turns":5},{"damage":12,"enemies":"Gremlin Leader","floor":23,"turns":5},{"damage":20,"enemies":"Centurion and Healer","floor":24,"turns":5},{"damage":35,"enemies":"Shelled Parasite and Fungi","floor":27,"turns":4},{"damage":11,"enemies":"Snecko","floor":29,"turns":3},{"damage":0,"enemies":"3 Cultists","floor":31,"turns":4},{"damage":52,"enemies":"Champ","floor":33,"turns":7},{"damage":5,"enemies":"3 Shapes","floor":35,"turns":2},{"damage":27,"enemies":"3 Darklings","floor":37,"turns":4},{"damage":7,"enemies":"Writhing Mass","floor":38,"turns":4},{"damage":9,"enemies":"4 Shapes","floor":39,"turns":8},{"damage":0,"enemies":"Transient","floor":41,"turns":5},{"damage":12,"enemies":"Jaw Worm Horde","floor":45,"turns":3},{"damage":54,"enemies":"Giant Head","floor":46,"turns":7},{"damage":63,"enemies":"Reptomancer","floor":48,"turns":4}],"seed_played":"-4684702356176647863","potions_obtained":[{"floor":1,"key":"AttackPotion"},{"floor":3,"key":"Fire Potion"},{"floor":6,"key":"Block Potion"},{"floor":11,"key":"SkillPotion"},{"floor":23,"key":"Weak Potion"},{"floor":24,"key":"LiquidBronze"},{"floor":27,"key":"Weak Potion"},{"floor":33,"key":"Energy Potion"},{"floor":41,"key":"EssenceOfSteel"},{"floor":45,"key":"SteroidPotion"}],"is_trial":false,"path_per_floor":["M","?","M","M","M","E","?","M","T","?","M","$","R","E","R","B",null,"M","?","?","M","M","E","M","R","T","M","$","M","R","M","R","B",null,"M","?","M","M","M","R","M","R","T","?","M","E","R","E"],"character_chosen":"IRONCLAD","items_purchased":["Inflame","Toy Ornithopter"],"campfire_rested":7,"item_purchase_floors":[12,28],"current_hp_per_floor":[80,80,74,68,62,54,47,47,47,31,22,22,46,5,29,17,80,76,76,76,58,33,21,1,40,40,5,5,4,43,43,80,28,80,75,75,48,41,32,71,71,71,71,71,68,14,53,0],"gold":457,"neow_bonus":"BOSS_RELIC","is_prod":false,"is_daily":false,"chose_seed":false,"campfire_upgraded":0,"win_rate":0,"timestamp":1549422313,"path_taken":["M","?","?","M","M","E","?","M","T","?","M","$","R","E","R","BOSS","M","?","?","M","M","E","M","R","T","?","?","M","R","?","R","BOSS","M","?","?","M","M","R","M","R","T","?","M","E","R","E"],"build_version":"2019-01-23","purchased_purges":0,"victory":false,"max_hp_per_floor":[80,80,80,80,80,80,80,80,80,80,80,80,80,80,80,80,80,80,80,80,80,80,80,80,80,80,80,80,80,80,80,80,80,80,80,80,80,80,80,80,80,80,80,80,80,80,80,80],"card_choices":[{"not_picked":["Perfected Strike","Anger"],"picked":"Demon Form","floor":0},{"not_picked":["True Grit","Sword Boomerang"],"picked":"Anger","floor":0},{"not_picked":["Combust","Warcry"],"picked":"Heavy Blade","floor":0},{"not_picked":["True Grit","Shrug It Off"],"picked":"Iron Wave","floor":0},{"not_picked":["Flame Barrier","Disarm"],"picked":"Warcry","floor":0},{"not_picked":["Seeing Red","Dual Wield"],"picked":"Clash","floor":1},{"not_picked":["Armaments","Body Slam","Flex"],"picked":"SKIP","floor":3},{"not_picked":["Flex","Wild Strike"],"picked":"Thunderclap","floor":4},{"not_picked":["Feel No Pain","Cleave"],"picked":"Spot Weakness","floor":5},{"not_picked":["Dual Wield","Sever Soul"],"picked":"Cleave","floor":6},{"not_picked":["Heavy Blade","Body Slam","Whirlwind"],"picked":"SKIP","floor":8},{"not_picked":["Second Wind","Warcry","Cleave"],"picked":"SKIP","floor":11},{"not_picked":["Dark Embrace","Metallicize"],"picked":"Iron Wave","floor":14},{"not_picked":["Pommel Strike","Evolve"],"picked":"Clash","floor":18},{"not_picked":["Armaments","Spot Weakness+1","Havoc"],"picked":"SKIP","floor":21},{"not_picked":["Heavy Blade","Anger","Rage"],"picked":"SKIP","floor":21},{"not_picked":["Bloodletting","Sentinel+1"],"picked":"Iron Wave+1","floor":22},{"not_picked":["Searing Blow","Dropkick","Sever Soul+1"],"picked":"SKIP","floor":22},{"not_picked":["Dropkick","Pommel Strike","Wild Strike"],"picked":"SKIP","floor":23},{"not_picked":["Anger+1","Feel No Pain","Body Slam+1"],"picked":"SKIP","floor":24},{"not_picked":["Armaments","Shockwave","Ghostly Armor"],"picked":"SKIP","floor":24},{"not_picked":["Warcry","Shockwave"],"picked":"Thunderclap","floor":27},{"not_picked":["Bludgeon","Evolve","Combust"],"picked":"SKIP","floor":27},{"not_picked":["Headbutt+1","Heavy Blade","Burning Pact"],"picked":"SKIP","floor":29},{"not_picked":["Feel No Pain","Warcry","Clash"],"picked":"SKIP","floor":29},{"not_picked":["Warcry","Entrench"],"picked":"Iron Wave+1","floor":31},{"not_picked":["Whirlwind","Shrug It Off","Clothesline"],"picked":"SKIP","floor":31},{"not_picked":["Pommel Strike","Flex+1","Feel No Pain"],"picked":"SKIP","floor":35},{"not_picked":["Armaments","Pommel Strike","Headbutt+1"],"picked":"SKIP","floor":35},{"not_picked":["Pommel Strike+1","Havoc"],"picked":"Heavy Blade+1","floor":37},{"not_picked":["Heavy Blade","True Grit","Burning Pact+1"],"picked":"SKIP","floor":37},{"not_picked":["Sword Boomerang+1","Twin Strike+1","Fire Breathing+1"],"picked":"SKIP","floor":38},{"not_picked":["Immolate","Headbutt","Entrench+1"],"picked":"SKIP","floor":38},{"not_picked":["Sword Boomerang+1","Iron Wave+1","Battle Trance"],"picked":"SKIP","floor":39},{"not_picked":["Burning Pact+1","Body Slam+1","Thunderclap"],"picked":"SKIP","floor":39},{"not_picked":["Armaments+1","Berserk","Disarm"],"picked":"SKIP","floor":41},{"not_picked":["True Grit+1","Sever Soul","Pommel Strike+1"],"picked":"SKIP","floor":41},{"not_picked":["Blind","Good Instincts"],"picked":"Finesse","floor":44},{"not_picked":["Havoc","Body Slam+1","Blood for Blood"],"picked":"SKIP","floor":45},{"not_picked":["Disarm","Wild Strike+1","Bloodletting"],"picked":"SKIP","floor":45},{"not_picked":["Seeing Red+1","Iron Wave","Entrench+1"],"picked":"SKIP","floor":46}],"player_experience":183629,"relics_obtained":[{"floor":6,"key":"Unceasing Top"},{"floor":14,"key":"Oddly Smooth Stone"},{"floor":23,"key":"Regal Pillow"},{"floor":26,"key":"Mercury Hourglass"},{"floor":43,"key":"Bottled Flame"},{"floor":46,"key":"Bronze Scales"}],"event_choices":[{"damage_healed":0,"gold_gain":0,"player_choice":"Bought 0 Potions","damage_taken":0,"max_hp_gain":0,"max_hp_loss":0,"event_name":"The Woman in Blue","floor":2,"gold_loss":0},{"cards_removed":["Warcry"],"damage_healed":0,"gold_gain":0,"player_choice":"Card Removal","damage_taken":7,"max_hp_gain":0,"max_hp_loss":0,"event_name":"Golden Wing","floor":7,"gold_loss":0},{"damage_healed":0,"gold_gain":0,"player_choice":"Entered Light","damage_taken":16,"max_hp_gain":0,"max_hp_loss":0,"event_name":"Shining Light","floor":10,"gold_loss":0,"cards_upgraded":["Anger","Heavy Blade"]},{"damage_healed":0,"gold_gain":0,"player_choice":"Opened","damage_taken":0,"relics_obtained":["Prayer Wheel"],"max_hp_gain":0,"max_hp_loss":0,"event_name":"The Mausoleum","floor":19,"gold_loss":0},{"damage_healed":0,"gold_gain":0,"player_choice":"1 cards matched","damage_taken":0,"max_hp_gain":0,"max_hp_loss":0,"event_name":"Match and Keep!","floor":20,"gold_loss":0,"cards_obtained":["Pummel"]},{"damage_healed":0,"gold_gain":0,"player_choice":"Trade","damage_taken":0,"relics_obtained":["GremlinMask"],"max_hp_gain":0,"max_hp_loss":0,"event_name":"FaceTrader","floor":36,"gold_loss":0},{"damage_healed":0,"gold_gain":0,"player_choice":"Memory 1","damage_taken":0,"max_hp_gain":0,"max_hp_loss":0,"event_name":"SensoryStone","floor":44,"gold_loss":0}],"is_beta":true,"boss_relics":[{"not_picked":["Mark of Pain","Busted Crown"],"picked":"Velvet Choker"},{"not_picked":["Snecko Eye","Runic Dome"],"picked":"Fusion Hammer"}],"items_purged_floors":[],"is_endless":false,"potions_floor_spawned":[1,3,6,11,23,24,27,33,41,45],"killed_by":"Reptomancer","ascension_level":0}