{"path_per_floor":["M","?","?","$","M","E","M","M","T","?","R","M","M","?","R","B",null,"M","M","?","$","?","R","?","M","T"],"character_chosen":"IRONCLAD","items_purchased":["Calipers","Master of Strategy"],"gold_per_floor":[118,368,318,22,36,64,82,95,164,164,164,183,201,201,201,302,302,312,330,330,145,145,145,145,159,183],"floor_reached":27,"campfire_rested":0,"playtime":2296,"current_hp_per_floor":[86,86,86,86,86,69,74,80,80,80,80,71,67,67,67,35,88,80,79,79,79,79,79,79,30,30],"items_purged":[],"gold":183,"play_id":"eadfe717-653d-4801-bb99-7d1bf36c4cc1","is_prod":false,"is_daily":false,"campfire_rituals":0,"campfire_upgraded":3,"is_hardmode":false,"path_taken":["M","?","?","$","M","E","M","?","T","?","R","M","M","?","R","BOSS","M","M","?","$","?","R","?","M","T","?"],"build_version":"2017-12-21-PROD1","purchased_purges":0,"victory":false,"master_deck":["Strike_R","Strike_R","Strike_R","Strike_R","Strike_R","Defend_R","Defend_R","Defend_R","Bash","Thunderclap","Iron Wave","Searing Blow","Sword Boomerang","Disarm","Headbutt","Headbutt","Barricade","Intimidate","Master of Strategy","Mind Blast","Bash"],"max_hp_per_floor":[88,88,88,88,88,88,88,88,88,88,88,88,88,88,88,88,88,88,88,88,88,88,88,88,88,88],"relics":["Black Blood","Calipers","Ice Cream","Darkstone Periapt","Regal Pillow"],"campfire_meditates":0,"card_choices":[{"not_picked":["Armaments","Sever Soul"],"picked":"Thunderclap"},{"not_picked":["Sever Soul","Cleave"],"picked":"Iron Wave"},{"not_picked":["Berserk","Evolve"],"picked":"Searing Blow"},{"not_picked":["Wild Strike","Perfected Strike"],"picked":"Sword Boomerang"},{"not_picked":["Clash","Clothesline"],"picked":"Disarm"},{"not_picked":["Shockwave","Sword Boomerang"],"picked":"Headbutt"},{"not_picked":["Rage","Flex"],"picked":"Headbutt"},{"not_picked":["Impervious","Double Tap"],"picked":"Barricade"},{"not_picked":["Burning Pact","Dual Wield"],"picked":"Intimidate"}],"player_experience":19781,"potions_floor_usage":[],"damage_taken":[{"damage":8.0,"enemies":"Blue Slaver","floor":1.0,"turns":7.0},{"damage":6.0,"enemies":"Jaw Worm","floor":5.0,"turns":6.0},{"damage":23,"enemies":"Gremlin Nob","floor":6,"turns":5},{"damage":1,"enemies":"Cultist","floor":7,"turns":3},{"damage":0,"enemies":"2 Fungi Beasts","floor":8,"turns":3},{"damage":15,"enemies":"Lots of Slimes","floor":12,"turns":5},{"damage":10,"enemies":"3 Louse","floor":13,"turns":3},{"damage":38,"enemies":"The Guardian","floor":16,"turns":15},{"damage":18,"enemies":"3 Byrds","floor":18,"turns":7},{"damage":11,"enemies":"Shell Parasite","floor":19,"turns":10},{"damage":59,"enemies":"Sentry and Sphere","floor":25,"turns":10},{"damage":32,"enemies":"3 Cultists","floor":27,"turns":5}],"event_choices":[{"event_name":"Golden Shrine","player_choice":"Desecrate","floor":2.0,"damage_taken":0.0},{"event_name":"The Cleric","player_choice":"Card Removal","floor":3.0,"damage_taken":0.0},{"event_name":"Upgrade Shrine","player_choice":"Upgraded","floor":10,"damage_taken":0},{"event_name":"Bonfire Elementals","player_choice":"SKILL","floor":14,"damage_taken":0},{"event_name":"Back to Basics","player_choice":"Simplicity","floor":20,"damage_taken":0},{"event_name":"The Lab","player_choice":"Got Potions","floor":22,"damage_taken":0},{"event_name":"Match and Keep!","player_choice":"2 cards matched","floor":24,"damage_taken":0}],"boss_relics":[{"not_picked":["Eternal Feather","Calling Bell"],"picked":"Black Blood"}],"potions_floor_spawned":[5,7,8,13],"seed_played":"-4499014211463031024","killed_by":"3 Cultists","is_trial":false}