{"gold_per_floor":[112,112,112,14,14,43,43,70,70,98,47,82,2,14,14,86,86,104,117,143,157,157,157,157],"floor_reached":24,"playtime":979,"items_purged":[],"score":527,"play_id":"36e12d16-06d3-4ff6-b5a0-a4316b097e8d","local_time":"20181103115136","is_ascension_mode":true,"campfire_choices":[{"data":"Dagger Spray","floor":7,"key":"SMITH"},{"data":"Infinite Blades","floor":15,"key":"SMITH"},{"floor":23,"key":"REST"}],"neow_cost":"NONE","seed_source_timestamp":607350581534435,"circlet_count":0,"master_deck":["AscendersBane","Defend_G","Defend_G","Defend_G","Defend_G","Defend_G","Strike_G","Strike_G","Strike_G","Strike_G","Survivor","Neutralize+1","Dagger Spray+1","Well Laid Plans","Quick Slash","Blade Dance","Blur","Infinite Blades+1","Blade Dance","Burst+1","PiercingWail","Dagger Spray","Noxious Fumes+1","Caltrops"],"relics":["Ring of the Snake","NeowsBlessing","Mercury Hourglass","Blood Vial","Bag of Preparation","Pantograph","Kunai","Dream Catcher","Busted Crown","Red Mask"],"potions_floor_usage":[12,20,20],"damage_taken":[{"damage":0,"enemies":"2 Louse","floor":1,"turns":1},{"damage":0,"enemies":"Lagavulin","floor":6,"turns":1},{"damage":0,"enemies":"Gremlin Nob","floor":8,"turns":1},{"damage":7,"enemies":"3 Sentries","floor":10,"turns":5},{"damage":6,"enemies":"Gremlin Nob","floor":12,"turns":3},{"damage":0,"enemies":"Small Slimes","floor":14,"turns":1},{"damage":21,"enemies":"Slime Boss","floor":16,"turns":8},{"damage":5,"enemies":"3 Byrds","floor":18,"turns":4},{"damage":12,"enemies":"Shell Parasite","floor":19,"turns":6},{"damage":8,"enemies":"Masked Bandits","floor":20,"turns":6},{"damage":18,"enemies":"Snecko","floor":21,"turns":9},{"damage":50,"enemies":"Book of Stabbing","floor":24,"turns":6}],"seed_played":"-3152945086613633104","potions_obtained":[{"floor":10,"key":"GhostInAJar"},{"floor":12,"key":"SpeedPotion"}],"is_trial":false,"path_per_floor":["M","?","?","$","?","E","R","E","T","E","$","E","$","M","R","B",null,"M","M","?","M","?","R","E"],"character_chosen":"THE_SILENT","items_purchased":["Well Laid Plans","AttackPotion","Blade Dance","Infinite Blades"],"campfire_rested":1,"item_purchase_floors":[4,4,11,13],"current_hp_per_floor":[59,54,54,54,47,47,47,49,49,44,44,40,40,42,42,45,61,58,48,42,26,26,45,0],"gold":157,"neow_bonus":"THREE_ENEMY_KILL","is_prod":false,"is_daily":false,"chose_seed":false,"campfire_upgraded":2,"win_rate":0,"timestamp":1541260296,"path_taken":["M","?","?","$","?","E","R","E","T","E","$","E","?","?","R","BOSS","M","M","?","M","?","R","E"],"build_version":"2018-11-01","purchased_purges":0,"victory":false,"max_hp_per_floor":[66,66,66,66,66,66,66,66,66,66,66,66,66,66,66,66,66,66,66,66,66,66,66,66],"card_choices":[{"not_picked":["Bane","Deadly Poison"],"picked":"Dagger Spray","floor":1},{"not_picked":["Flechettes","Bane","Reflex"],"picked":"SKIP","floor":6},{"not_picked":["Dagger Spray","Sucker Punch"],"picked":"Quick Slash","floor":8},{"not_picked":["Distraction","Acrobatics","Prepared"],"picked":"SKIP","floor":10},{"not_picked":["Sucker Punch","Tactician"],"picked":"Blur","floor":12},{"not_picked":["Finisher","Deadly Poison"],"picked":"Blade Dance","floor":14},{"not_picked":["Tools of the Trade","Doppelganger"],"picked":"Burst","floor":16},{"not_picked":["Flechettes+1"],"picked":"SKIP","floor":18},{"not_picked":[],"picked":"PiercingWail","floor":19},{"not_picked":[],"picked":"Dagger Spray","floor":20},{"not_picked":[],"picked":"Noxious Fumes+1","floor":21},{"not_picked":[],"picked":"Caltrops","floor":23}],"player_experience":612179,"relics_obtained":[{"floor":6,"key":"Blood Vial"},{"floor":8,"key":"Bag of Preparation"},{"floor":9,"key":"Pantograph"},{"floor":10,"key":"Kunai"},{"floor":12,"key":"Dream Catcher"},{"floor":20,"key":"Red Mask"}],"event_choices":[{"damage_healed":0,"gold_gain":0,"player_choice":"Success","damage_taken":5,"relics_obtained":["Mercury Hourglass"],"max_hp_gain":0,"max_hp_loss":0,"event_name":"Scrap Ooze","floor":2,"gold_loss":0},{"damage_healed":0,"gold_gain":0,"player_choice":"Grow","damage_taken":0,"max_hp_gain":0,"max_hp_loss":0,"event_name":"Living Wall","floor":3,"gold_loss":0,"cards_upgraded":["Neutralize"]},{"cards_removed":["Strike_G"],"damage_healed":0,"gold_gain":0,"player_choice":"Card Removal","damage_taken":7,"max_hp_gain":0,"max_hp_loss":0,"event_name":"Golden Wing","floor":5,"gold_loss":0},{"damage_healed":0,"gold_gain":0,"player_choice":"Fought Bandits","damage_taken":0,"max_hp_gain":0,"max_hp_loss":0,"event_name":"Masked Bandits","floor":20,"gold_loss":0},{"damage_healed":0,"gold_gain":0,"player_choice":"Upgraded","damage_taken":0,"max_hp_gain":0,"max_hp_loss":0,"event_name":"Upgrade Shrine","floor":22,"gold_loss":0,"cards_upgraded":["Burst"]}],"is_beta":false,"boss_relics":[{"not_picked":["Orrery","Ring of the Serpent"],"picked":"Busted Crown"}],"items_purged_floors":[],"is_endless":false,"potions_floor_spawned":[10,12,16,19],"killed_by":"Book of Stabbing","ascension_level":19}