{"path_per_floor":["M","?","$","M","M","E","R","?","T","E","M","M","$","M","R","B",null,"M","?","M","M","?","R","M","E","T","M"],"character_chosen":"DEFECT","items_purchased":["Sunder"],"gold_per_floor":[13,13,13,24,44,72,72,72,95,130,149,169,24,43,43,143,143,155,155,173,189,189,189,199,232,255,268,268],"floor_reached":28,"campfire_rested":1,"playtime":1017,"item_purchase_floors":[13],"current_hp_per_floor":[73,73,73,73,72,46,46,51,51,36,24,24,24,17,41,41,80,80,64,59,51,51,51,38,26,26,3,0],"items_purged":["Strike_B"],"gold":268,"score":302,"play_id":"2089bb16-a558-413d-9575-6a6a062f9ca4","local_time":"20180602140240","is_prod":false,"is_daily":false,"chose_seed":false,"is_ascension_mode":false,"campfire_upgraded":2,"win_rate":0,"timestamp":1527966160,"campfire_choices":[{"data":"Zap","floor":7,"key":"SMITH"},{"floor":15,"key":"REST"},{"data":"Fusion","floor":23,"key":"SMITH"}],"path_taken":["M","?","?","M","M","E","R","?","T","E","?","?","?","M","R","BOSS","M","?","?","M","?","R","M","E","T","M","M"],"build_version":"2018-05-31","seed_source_timestamp":1420272752720127,"purchased_purges":1,"victory":false,"master_deck":["Strike_B","Strike_B","Defend_B","Defend_B","Defend_B","Zap+1","Dualcast","Storm","FTL","Sweeping Beam","Ball Lightning","Go for the Eyes","Conserve Battery","Fusion+1","Sunder","Thunder Strike","Force Field","Necronomicurse","Cold Snap","Coolheaded+1","Go for the Eyes+1"],"max_hp_per_floor":[75,75,75,75,75,75,75,80,80,80,80,80,80,80,80,80,80,80,80,80,80,80,80,80,80,80,80,80],"relics":["Cracked Core","Happy Flower","Ancient Tea Set","Oddly Smooth Stone","Nuclear Battery","Necronomicon","Orichalcum","Omamori"],"card_choices":[{"not_picked":["Conserve Battery","Ball Lightning"],"picked":"Storm","floor":1},{"not_picked":["Ball Lightning","Doom and Gloom"],"picked":"FTL","floor":4},{"not_picked":["Rebound","Streamline"],"picked":"Sweeping Beam","floor":5},{"not_picked":["Doom and Gloom","Gash"],"picked":"Ball Lightning","floor":6},{"not_picked":["Skim","Beam Cell"],"picked":"Go for the Eyes","floor":10},{"not_picked":["Rebound","Hologram"],"picked":"Conserve Battery","floor":11},{"not_picked":["Cold Snap","Steam Power"],"picked":"Fusion","floor":12},{"not_picked":["Beam Cell","Redo","Gash"],"picked":"SKIP","floor":14},{"not_picked":["Seek","Hyperbeam"],"picked":"Thunder Strike","floor":16},{"not_picked":["Barrage","Go for the Eyes"],"picked":"Force Field","floor":18},{"not_picked":["Hello World","Rip and Tear"],"picked":"Cold Snap","floor":20},{"not_picked":["Stack+1","Leap","Beam Cell"],"picked":"SKIP","floor":21},{"not_picked":["Genetic Algorithm","Aggregate"],"picked":"Coolheaded+1","floor":24},{"not_picked":["Coolheaded","Melter","Barrage"],"picked":"SKIP","floor":25},{"not_picked":["Heatsinks","Beam Cell"],"picked":"Go for the Eyes+1","floor":27}],"player_experience":335926,"potions_floor_usage":[16,21,24,25,25],"damage_taken":[{"damage":2,"enemies":"2 Louse","floor":1,"turns":3},{"damage":0,"enemies":"Small Slimes","floor":4,"turns":3},{"damage":1,"enemies":"Cultist","floor":5,"turns":3},{"damage":26,"enemies":"Lagavulin","floor":6,"turns":6},{"damage":15,"enemies":"Gremlin Nob","floor":10,"turns":3},{"damage":12,"enemies":"Blue Slaver","floor":11,"turns":3},{"damage":0,"enemies":"2 Fungi Beasts","floor":12,"turns":3},{"damage":7,"enemies":"Red Slaver","floor":14,"turns":2},{"damage":0,"enemies":"Slime Boss","floor":16,"turns":6},{"damage":0,"enemies":"Spheric Guardian","floor":18,"turns":3},{"damage":5,"enemies":"2 Thieves","floor":20,"turns":4},{"damage":8,"enemies":"Slaver and Parasite","floor":21,"turns":6},{"damage":13,"enemies":"Snake Plant","floor":24,"turns":4},{"damage":12,"enemies":"Book of Stabbing","floor":25,"turns":6},{"damage":23,"enemies":"Chosen and Byrds","floor":27,"turns":6},{"damage":3,"enemies":"Slaver and Parasite","floor":28,"turns":1}],"relics_obtained":[{"floor":6,"key":"Happy Flower"},{"floor":9,"key":"Ancient Tea Set"},{"floor":10,"key":"Oddly Smooth Stone"},{"floor":19,"key":"Necronomicon"},{"floor":25,"key":"Orichalcum"},{"floor":26,"key":"Omamori"}],"event_choices":[{"event_name":"The Cleric","player_choice":"Leave","floor":2,"damage_taken":0},{"event_name":"Big Fish","player_choice":"Donut","floor":8,"damage_taken":0},{"event_name":"Cursed Tome","player_choice":"Obtained Book","floor":19,"damage_taken":0},{"event_name":"Vampires","player_choice":"Ignored","floor":22,"damage_taken":0}],"boss_relics":[{"not_picked":["Snecko Eye","White Beast Statue"],"picked":"Nuclear Battery"}],"items_purged_floors":[13],"potions_floor_spawned":[4,10,11,12,18,24],"seed_played":"-6968386042930509872","killed_by":"Slaver and Parasite","ascension_level":0,"potions_obtained":[{"floor":4,"key":"Weak Potion"},{"floor":10,"key":"Block Potion"},{"floor":11,"key":"Fire Potion"},{"floor":12,"key":"SkillPotion"},{"floor":18,"key":"Dexterity Potion"},{"floor":24,"key":"SkillPotion"}],"is_trial":false}