{"gold_per_floor":[116,128,128,41,60,93,93,168,168,168,168,67,117,146,146,146],"floor_reached":16,"playtime":573,"items_purged":["Strike_R"],"score":212,"play_id":"b370d9c5-f0e2-42ea-b69e-c17e02d07164","local_time":"20190204095405","is_ascension_mode":true,"campfire_choices":[{"data":"Bash","floor":7,"key":"SMITH"},{"data":"Pommel Strike","floor":10,"key":"SMITH"},{"floor":15,"key":"REST"}],"neow_cost":"TEN_PERCENT_HP_LOSS","seed_source_timestamp":1067992394349151,"circlet_count":0,"master_deck":["AscendersBane","Strike_R","Defend_R+1","Defend_R","Defend_R","Defend_R","Bash+1","Metallicize","Cleave+1","Pommel Strike+1","Iron Wave","Pommel Strike","Shrug It Off","Evolve"],"relics":["Burning Blood","Prayer Wheel","The Courier","Ornamental Fan"],"potions_floor_usage":[6,14],"damage_taken":[{"damage":4,"enemies":"2 Louse","floor":1,"turns":5},{"damage":12,"enemies":"Small Slimes","floor":2,"turns":4},{"damage":4,"enemies":"Jaw Worm","floor":5,"turns":3},{"damage":27,"enemies":"3 Sentries","floor":6,"turns":10},{"damage":16,"enemies":"Lagavulin","floor":14,"turns":6},{"damage":30,"enemies":"Hexaghost","floor":16,"turns":8}],"seed_played":"5586270574433333729","potions_obtained":[{"floor":2,"key":"FearPotion"},{"floor":5,"key":"Regen Potion"}],"is_trial":false,"path_per_floor":["M","M","?","$","M","E","R","?","T","R","?","$","?","E","R","B"],"character_chosen":"IRONCLAD","items_purchased":["Pommel Strike","Iron Wave","Shrug It Off"],"campfire_rested":1,"item_purchase_floors":[4,4,12],"current_hp_per_floor":[68,62,55,55,57,51,51,40,40,40,20,20,20,10,30,0],"gold":146,"neow_bonus":"REMOVE_TWO","is_prod":false,"is_daily":false,"chose_seed":false,"campfire_upgraded":2,"win_rate":0,"timestamp":1549292045,"path_taken":["M","M","?","$","M","E","R","?","T","R","?","?","?","E","R","BOSS"],"build_version":"2019-01-23","purchased_purges":1,"victory":false,"max_hp_per_floor":[68,68,68,68,68,68,68,68,68,68,68,68,68,68,68,68],"card_choices":[{"not_picked":["Warcry","Perfected Strike"],"picked":"Metallicize","floor":1},{"not_picked":["Bloodletting","Twin Strike"],"picked":"Cleave","floor":2},{"not_picked":["Perfected Strike","Sword Boomerang"],"picked":"Pommel Strike","floor":5},{"not_picked":["True Grit","Pommel Strike","Warcry"],"picked":"SKIP","floor":6},{"not_picked":["Ghostly Armor","Berserk"],"picked":"Evolve","floor":14}],"player_experience":801917,"relics_obtained":[{"floor":6,"key":"Prayer Wheel"},{"floor":9,"key":"The Courier"},{"floor":14,"key":"Ornamental Fan"}],"event_choices":[{"cards_removed":["Strike_R"],"damage_healed":0,"gold_gain":0,"player_choice":"Card Removal","damage_taken":7,"max_hp_gain":0,"max_hp_loss":0,"event_name":"Golden Wing","floor":3,"gold_loss":0},{"damage_healed":0,"gold_gain":75,"player_choice":"Gather Gold","damage_taken":11,"max_hp_gain":0,"max_hp_loss":0,"event_name":"World of Goop","floor":8,"gold_loss":0},{"damage_healed":0,"gold_gain":0,"player_choice":"Entered Light","damage_taken":20,"max_hp_gain":0,"max_hp_loss":0,"event_name":"Shining Light","floor":11,"gold_loss":0,"cards_upgraded":["Defend_R","Cleave"]},{"damage_healed":0,"gold_gain":50,"player_choice":"Pray","damage_taken":0,"max_hp_gain":0,"max_hp_loss":0,"event_name":"Golden Shrine","floor":13,"gold_loss":0}],"is_beta":false,"boss_relics":[],"items_purged_floors":[12],"is_endless":false,"potions_floor_spawned":[2,5],"killed_by":"Hexaghost","ascension_level":20}