{"gold_per_floor":[118,133,210,210,220,220,220,220,275,306,306,331,256,272,272,272],"floor_reached":16,"playtime":509,"items_purged":["Strike_B"],"score":152,"play_id":"912f8862-a36d-44c8-a31c-2af1a16c711b","local_time":"20180802031533","is_ascension_mode":true,"campfire_choices":[{"data":"Zap","floor":6,"key":"SMITH"},{"data":"Redo","floor":8,"key":"SMITH"},{"floor":11,"key":"REST"},{"floor":15,"key":"REST"}],"neow_cost":"CURSE","seed_source_timestamp":3317029355459457,"circlet_count":0,"master_deck":["Strike_B","Strike_B","Strike_B","Defend_B","Defend_B","Defend_B","Defend_B","Zap+1","Dualcast","AscendersBane","Parasite","All For One","Steam","Redo+1","Reprogram"],"relics":["Cracked Core","Emotion Chip","Tiny Chest","Regal Pillow","Boot"],"potions_floor_usage":[16],"damage_taken":[{"damage":23,"enemies":"Jaw Worm","floor":1,"turns":4},{"damage":5,"enemies":"2 Louse","floor":2,"turns":2},{"damage":1,"enemies":"Cultist","floor":5,"turns":3},{"damage":26,"enemies":"Gremlin Nob","floor":10,"turns":4},{"damage":10,"enemies":"Large Slime","floor":14,"turns":4},{"damage":78,"enemies":"Slime Boss","floor":16,"turns":10}],"seed_played":"-8462830438719671722","potions_obtained":[{"floor":2,"key":"GamblersBrew"},{"floor":10,"key":"Strength Potion"}],"is_trial":false,"path_per_floor":["M","M","?","?","M","R","T","R","T","E","R","T","$","M","R"],"character_chosen":"DEFECT","items_purchased":[],"campfire_rested":2,"item_purchase_floors":[],"current_hp_per_floor":[45,40,40,40,39,39,39,39,39,13,50,50,50,40,75,0],"gold":272,"neow_bonus":"THREE_RARE_CARDS","is_prod":false,"is_daily":false,"chose_seed":false,"campfire_upgraded":2,"win_rate":0,"timestamp":1533197733,"path_taken":["M","M","?","?","M","R","?","R","T","E","R","?","$","M","R","BOSS"],"build_version":"2018-07-26","purchased_purges":1,"victory":false,"max_hp_per_floor":[75,75,75,75,75,75,75,75,75,75,75,75,75,75,75,75],"card_choices":[{"not_picked":["Thunder Strike","Reboot"],"picked":"All For One","floor":0},{"not_picked":["Hologram","Skim"],"picked":"Steam","floor":1},{"not_picked":["Cold Snap","Tempest","Chaos"],"picked":"SKIP","floor":2},{"not_picked":["Barrage","Leap"],"picked":"Redo","floor":5},{"not_picked":["Coolheaded","Cold Snap","Buffer"],"picked":"SKIP","floor":10},{"not_picked":["BootSequence","Streamline"],"picked":"Reprogram","floor":14}],"player_experience":438703,"relics_obtained":[{"floor":7,"key":"Emotion Chip"},{"floor":9,"key":"Tiny Chest"},{"floor":10,"key":"Regal Pillow"},{"floor":12,"key":"Boot"}],"event_choices":[{"event_name":"Golden Wing","player_choice":"Gained Gold","floor":3,"damage_taken":0},{"event_name":"Liars Game","player_choice":"disagreed","floor":4,"damage_taken":0}],"is_beta":false,"boss_relics":[],"items_purged_floors":[13],"is_endless":false,"potions_floor_spawned":[2,10],"killed_by":"Slime Boss","ascension_level":11}