{"gold_per_floor":[118,129,129,79,104,104,138,138,138,162,162,180,200,62,62,183,183,203,227,250,250],"floor_reached":21,"playtime":1357,"items_purged":[],"score":256,"play_id":"c927890d-3b62-4749-9da6-b367c46762ae","local_time":"20190223000533","is_ascension_mode":true,"campfire_choices":[{"data":"Bash","floor":6,"key":"SMITH"},{"data":"Clothesline","floor":8,"key":"SMITH"},{"data":"Metallicize","floor":11,"key":"SMITH"},{"data":"Barricade","floor":15,"key":"SMITH"}],"neow_cost":"NONE","seed_source_timestamp":553925191828166,"circlet_count":0,"master_deck":["Strike_R","Strike_R","Strike_R","Strike_R","Strike_R","Defend_R","Defend_R","Defend_R","Defend_R","Bash+1","Metallicize+1","Twin Strike","Battle Trance","Clothesline+1","Sword Boomerang","Disarm","Barricade+1","Demon Form","Regret","Pain","Clumsy"],"relics":["Burning Blood","Ancient Tea Set","Golden Idol","Thread and Needle","Bottled Flame","Calling Bell","Bronze Scales","Singing Bowl","Shovel"],"potions_floor_usage":[5,18,20],"damage_taken":[{"damage":17,"enemies":"Jaw Worm","floor":1,"turns":5},{"damage":5,"enemies":"Small Slimes","floor":2,"turns":4},{"damage":0,"enemies":"2 Louse","floor":5,"turns":5},{"damage":26,"enemies":"Gremlin Nob","floor":7,"turns":4},{"damage":4,"enemies":"Lots of Slimes","floor":10,"turns":5},{"damage":0,"enemies":"3 Louse","floor":12,"turns":4},{"damage":4,"enemies":"2 Fungi Beasts","floor":13,"turns":4},{"damage":18,"enemies":"Hexaghost","floor":16,"turns":13},{"damage":34,"enemies":"Chosen","floor":18,"turns":7},{"damage":15,"enemies":"Shell Parasite","floor":19,"turns":9},{"damage":50,"enemies":"Snake Plant","floor":20,"turns":5},{"damage":20,"enemies":"Centurion and Healer","floor":21,"turns":3}],"seed_played":"-2950163143820257339","potions_obtained":[{"floor":1,"key":"Fruit Juice"},{"floor":7,"key":"Poison Potion"},{"floor":16,"key":"BloodPotion"},{"floor":20,"key":"GamblersBrew"}],"is_trial":false,"path_per_floor":["M","M","?","?","M","R","E","R","T","M","R","M","M","$","R","B",null,"M","M","M","M"],"character_chosen":"IRONCLAD","items_purchased":["Barricade"],"campfire_rested":0,"item_purchase_floors":[14],"current_hp_per_floor":[61,62,62,62,73,73,53,53,53,55,55,61,63,63,63,51,77,59,52,10,0],"gold":250,"neow_bonus":"RANDOM_COMMON_RELIC","is_prod":false,"is_daily":false,"chose_seed":false,"campfire_upgraded":4,"win_rate":0,"timestamp":1550855133,"path_taken":["M","M","?","?","M","R","E","R","T","M","R","M","M","$","R","BOSS","M","M","M","M"],"build_version":"2019-01-23","purchased_purges":0,"victory":false,"max_hp_per_floor":[80,80,80,80,85,85,85,85,85,85,85,85,85,85,85,85,85,87,89,91,91],"card_choices":[{"not_picked":["Ghostly Armor","Rupture"],"picked":"Metallicize","floor":1},{"not_picked":["Entrench","Fire Breathing"],"picked":"Twin Strike","floor":2},{"not_picked":["Flex","Anger"],"picked":"Battle Trance","floor":5},{"not_picked":["Iron Wave","Warcry"],"picked":"Clothesline","floor":7},{"not_picked":["Wild Strike","Rampage"],"picked":"Sword Boomerang","floor":10},{"not_picked":["Flex","Metallicize"],"picked":"Disarm","floor":12},{"not_picked":["Clash","Armaments","Heavy Blade"],"picked":"SKIP","floor":13},{"not_picked":["Feed","Dark Embrace"],"picked":"Demon Form","floor":16},{"not_picked":["Battle Trance","Heavy Blade","Thunderclap"],"picked":"Singing Bowl","floor":18},{"not_picked":["Searing Blow+1","Spot Weakness+1","Pommel Strike"],"picked":"Singing Bowl","floor":19},{"not_picked":["Clash","Perfected Strike+1","Anger"],"picked":"Singing Bowl","floor":20}],"player_experience":371867,"relics_obtained":[{"floor":7,"key":"Thread and Needle"},{"floor":9,"key":"Bottled Flame"},{"floor":17,"key":"Bronze Scales"},{"floor":17,"key":"Singing Bowl"},{"floor":17,"key":"Shovel"}],"event_choices":[{"damage_healed":0,"gold_gain":0,"player_choice":"Take Wound","damage_taken":0,"relics_obtained":["Golden Idol"],"max_hp_gain":0,"max_hp_loss":0,"event_name":"Golden Idol","floor":3,"gold_loss":0,"cards_obtained":["Injury"]},{"cards_removed":["Injury"],"damage_healed":0,"gold_gain":0,"player_choice":"Card Removal","damage_taken":0,"max_hp_gain":0,"max_hp_loss":0,"event_name":"The Cleric","floor":4,"gold_loss":50}],"is_beta":false,"boss_relics":[{"not_picked":["Tiny House","Ectoplasm"],"picked":"Calling Bell"}],"items_purged_floors":[],"is_endless":false,"potions_floor_spawned":[1,7,16,20],"killed_by":"Centurion and Healer","ascension_level":8}