{"gold_per_floor":[117,128,16,16,26,26,41,69,69,94,94,94,120,132,132,208,208,222,256,23,23,23,23,53,65,115,145,145,163,1,1,1,76,76,90,312,312,312,328,328,375,409,432,432,32,49,66,86,86,86,86,86,86,9,44,44],"floor_reached":56,"playtime":3726,"items_purged":["Strike_G","Regret","Strike_G+1"],"score":1897,"play_id":"0666f41f-96b3-414c-910d-b44cbd62e8dd","local_time":"20181230192913","is_ascension_mode":true,"campfire_choices":[{"data":"Neutralize","floor":6,"key":"SMITH"},{"data":"Dagger Spray","floor":15,"key":"SMITH"},{"floor":23,"key":"REST"},{"floor":28,"key":"REST"},{"data":"Footwork","floor":32,"key":"SMITH"},{"data":"RitualDagger","floor":40,"key":"SMITH"},{"floor":44,"key":"REST"},{"floor":49,"key":"RECALL"},{"floor":53,"key":"REST"}],"neow_cost":"NONE","seed_source_timestamp":12055681157313,"circlet_count":0,"master_deck":["AscendersBane","Defend_G+1","Defend_G+1","Defend_G+1","Defend_G+1","Defend_G+1","Strike_G+1","Strike_G+1","Survivor","Neutralize+1","Flying Knee","Poisoned Stab","Dash","Endless Agony","Bane","Poisoned Stab","Predator","Cloak And Dagger+1","Dagger Spray+1","Malaise+1","Outmaneuver+1","Footwork+1","Deflect+1","RitualDagger+1","Deflect+1","Cloak And Dagger+1","Finisher+1","Bouncing Flask+1","Malaise+1","Madness+1","Madness+1","Crippling Poison+1","Riddle With Holes+1","Crippling Poison+1","Footwork+1","Noxious Fumes"],"relics":["Ring of the Snake","PreservedInsect","Juzu Bracelet","Toxic Egg 2","Mercury Hourglass","Runic Pyramid","Red Mask","Boot","Orichalcum","Pantograph","Sozu","Mango","Shuriken","Thread and Needle","Kunai"],"potions_floor_usage":[8,13,19,24,33,56,56],"damage_taken":[{"damage":4,"enemies":"Small Slimes","floor":1,"turns":4},{"damage":0,"enemies":"Cultist","floor":2,"turns":4},{"damage":9,"enemies":"2 Louse","floor":5,"turns":2},{"damage":0,"enemies":"Blue Slaver","floor":7,"turns":3},{"damage":23,"enemies":"Gremlin Nob","floor":8,"turns":4},{"damage":21,"enemies":"Lagavulin","floor":10,"turns":5},{"damage":14,"enemies":"3 Sentries","floor":13,"turns":6},{"damage":5,"enemies":"2 Fungi Beasts","floor":14,"turns":3},{"damage":34,"enemies":"Slime Boss","floor":16,"turns":8},{"damage":19,"enemies":"Shell Parasite","floor":18,"turns":6},{"damage":10,"enemies":"Masked Bandits","floor":19,"turns":3},{"damage":13,"enemies":"Slavers","floor":24,"turns":6},{"damage":0,"enemies":"Spheric Guardian","floor":25,"turns":5},{"damage":19,"enemies":"Book of Stabbing","floor":27,"turns":6},{"damage":10,"enemies":"Shelled Parasite and Fungi","floor":29,"turns":5},{"damage":19,"enemies":"Champ","floor":33,"turns":22},{"damage":4,"enemies":"3 Darklings","floor":35,"turns":7},{"damage":0,"enemies":"3 Shapes","floor":39,"turns":4},{"damage":6,"enemies":"2 Orb Walkers","floor":41,"turns":5},{"damage":16,"enemies":"Reptomancer","floor":42,"turns":7},{"damage":2,"enemies":"Transient","floor":46,"turns":6},{"damage":0,"enemies":"Jaw Worm Horde","floor":47,"turns":3},{"damage":6,"enemies":"Spire Growth","floor":48,"turns":4},{"damage":8,"enemies":"Time Eater","floor":50,"turns":14},{"damage":42,"enemies":"Donu and Deca","floor":51,"turns":12},{"damage":39,"enemies":"Shield and Spear","floor":55,"turns":5},{"damage":93,"enemies":"The Heart","floor":56,"turns":9}],"seed_played":"-1539261117632229136","potions_obtained":[{"floor":0,"key":"Poison Potion"},{"floor":0,"key":"Regen Potion"},{"floor":5,"key":"Strength Potion"},{"floor":13,"key":"Explosive Potion"},{"floor":19,"key":"Block Potion"},{"floor":27,"key":"Strength Potion"},{"floor":29,"key":"LiquidBronze"},{"floor":33,"key":"Dexterity Potion"}],"is_trial":false,"path_per_floor":["M","M","$","?","M","R","M","E","T","E","?","?","E","M","R","B",null,"M","?","$","?","?","R","E","M","T","E","R","M","$","?","R","B",null,"M","?","?","?","M","R","?","E","T","R","$","M","M","M","R","B","B",null,"R","$","E","B"],"character_chosen":"THE_SILENT","items_purchased":["Dash","Footwork","Deflect+1","Bouncing Flask+1","Thread and Needle","Crippling Poison+1","Noxious Fumes"],"campfire_rested":4,"item_purchase_floors":[3,20,20,30,45,45,54],"current_hp_per_floor":[55,55,55,55,46,46,46,23,23,2,66,66,52,47,47,13,53,34,24,24,18,18,37,24,24,24,5,24,14,14,27,27,33,58,54,54,42,42,42,42,50,34,34,58,58,56,56,50,50,67,38,70,80,80,41,0],"gold":44,"neow_bonus":"THREE_SMALL_POTIONS","is_prod":false,"is_daily":false,"chose_seed":false,"campfire_upgraded":4,"win_rate":0,"timestamp":1546216153,"path_taken":["M","M","$","?","?","R","M","E","T","E","?","?","E","M","R","BOSS","M","?","$","?","?","R","E","M","T","E","R","M","$","?","R","BOSS","M","?","?","?","M","R","?","E","T","R","$","M","M","M","R","BOSS","BOSS","R","$","E","BOSS"],"build_version":"2018-12-20","purchased_purges":3,"victory":false,"max_hp_per_floor":[66,66,66,66,66,66,66,66,66,66,66,66,66,66,66,66,66,66,66,66,66,66,66,66,66,66,66,66,66,66,66,66,66,66,66,66,66,66,66,66,80,80,80,80,80,80,80,80,80,80,80,80,80,80,80,80],"card_choices":[{"not_picked":["Bane","PiercingWail"],"picked":"Flying Knee","floor":1},{"not_picked":["Terror","Doppelganger"],"picked":"Poisoned Stab","floor":2},{"not_picked":["Quick Slash","Terror"],"picked":"Poisoned Stab","floor":5},{"not_picked":["Prepared","Poisoned Stab"],"picked":"Predator","floor":7},{"not_picked":["Backstab","Prepared","Underhanded Strike"],"picked":"SKIP","floor":8},{"not_picked":["Quick Slash","Endless Agony"],"picked":"Cloak And Dagger","floor":10},{"not_picked":["Dagger Throw","Phantasmal Killer+1","Flying Knee"],"picked":"SKIP","floor":13},{"not_picked":["Outmaneuver+1","Reflex+1"],"picked":"Dagger Spray","floor":14},{"not_picked":["Night Terror+1","Bullet Time+1"],"picked":"Malaise+1","floor":16},{"not_picked":["Blur+1","Dash"],"picked":"Outmaneuver+1","floor":18},{"not_picked":["Dagger Spray+1","Finisher"],"picked":"Deflect+1","floor":24},{"not_picked":["Prepared+1","Eviscerate"],"picked":"Cloak And Dagger+1","floor":25},{"not_picked":["Quick Slash","Prepared+1"],"picked":"Finisher+1","floor":27},{"not_picked":["Underhanded Strike","Dash","Poisoned Stab"],"picked":"SKIP","floor":29},{"not_picked":["Glass Knife","Tools of the Trade"],"picked":"Malaise+1","floor":33},{"not_picked":["Outmaneuver+1","Bane","Dagger Spray"],"picked":"SKIP","floor":35},{"not_picked":["Slice+1","Predator"],"picked":"Crippling Poison+1","floor":39},{"not_picked":["Endless Agony+1","Slice"],"picked":"Riddle With Holes+1","floor":42},{"not_picked":["Blade Dance+1","Expertise+1"],"picked":"Footwork+1","floor":46},{"not_picked":["Flying Knee+1","Sucker Punch","Outmaneuver+1"],"picked":"SKIP","floor":47},{"not_picked":["Setup+1","Predator","Sucker Punch"],"picked":"SKIP","floor":48},{"not_picked":["A Thousand Cuts","Bouncing Flask+1","Dagger Spray"],"picked":"SKIP","floor":55}],"player_experience":712004,"relics_obtained":[{"floor":8,"key":"PreservedInsect"},{"floor":9,"key":"Juzu Bracelet"},{"floor":10,"key":"Toxic Egg 2"},{"floor":13,"key":"Mercury Hourglass"},{"floor":19,"key":"Red Mask"},{"floor":24,"key":"Boot"},{"floor":26,"key":"Orichalcum"},{"floor":27,"key":"Pantograph"},{"floor":41,"key":"Mango"},{"floor":42,"key":"Shuriken"},{"floor":55,"key":"Kunai"}],"event_choices":[{"damage_healed":0,"gold_gain":0,"player_choice":"3 cards matched","damage_taken":0,"max_hp_gain":0,"max_hp_loss":0,"event_name":"Match and Keep!","floor":4,"gold_loss":0,"cards_obtained":["Regret","Endless Agony","Bane"]},{"damage_healed":64,"gold_gain":0,"player_choice":"Full Heal","damage_taken":0,"max_hp_gain":0,"max_hp_loss":0,"event_name":"Wheel of Change","floor":11,"gold_loss":0},{"damage_healed":0,"gold_gain":0,"player_choice":"Ignored","damage_taken":0,"max_hp_gain":0,"max_hp_loss":0,"event_name":"Liars Game","floor":12,"gold_loss":0},{"damage_healed":0,"gold_gain":0,"player_choice":"Fought Bandits","damage_taken":0,"max_hp_gain":0,"max_hp_loss":0,"event_name":"Masked Bandits","floor":19,"gold_loss":0},{"damage_healed":0,"gold_gain":0,"player_choice":"Joined the Cult","damage_taken":6,"max_hp_gain":0,"max_hp_loss":0,"event_name":"Nest","floor":21,"gold_loss":0,"cards_obtained":["RitualDagger"]},{"damage_healed":0,"gold_gain":0,"player_choice":"Simplicity","damage_taken":0,"max_hp_gain":0,"max_hp_loss":0,"event_name":"Back to Basics","floor":22,"gold_loss":0,"cards_upgraded":["Defend_G","Defend_G","Defend_G","Defend_G","Defend_G","Strike_G","Strike_G","Strike_G","Strike_G"]},{"damage_healed":13,"gold_gain":0,"player_choice":"Heal","damage_taken":0,"max_hp_gain":0,"max_hp_loss":0,"event_name":"The Library","floor":31,"gold_loss":0},{"damage_healed":0,"gold_gain":222,"player_choice":"Wore Mask","damage_taken":0,"max_hp_gain":0,"max_hp_loss":0,"event_name":"Tomb of Lord Red Mask","floor":36,"gold_loss":0},{"damage_healed":0,"gold_gain":0,"player_choice":"Embrace Madness","damage_taken":12,"max_hp_gain":0,"max_hp_loss":0,"event_name":"Winding Halls","floor":37,"gold_loss":0,"cards_obtained":["Madness","Madness"]},{"cards_removed":["Strike_G"],"damage_healed":0,"gold_gain":0,"player_choice":"Removed Attack","damage_taken":0,"max_hp_gain":0,"max_hp_loss":0,"event_name":"Falling","floor":38,"gold_loss":0},{"damage_healed":0,"gold_gain":0,"player_choice":"Fight","damage_taken":0,"max_hp_gain":0,"max_hp_loss":0,"event_name":"Mysterious Sphere","floor":41,"gold_loss":0}],"is_beta":false,"boss_relics":[{"not_picked":["Pandora\u0027s Box","Lizard Tail"],"picked":"Runic Pyramid"},{"not_picked":["Cursed Key","Snecko Eye"],"picked":"Sozu"}],"items_purged_floors":[3,20,30],"is_endless":false,"potions_floor_spawned":[1,5,13,19,27,29,33,35,46,48],"killed_by":"The Heart","ascension_level":20}