{"gold_per_floor":[114,124,49,14,189,189,0,35,61,93,107,107,120,84,84,181,181,196,196,215,229,31,31,31],"floor_reached":24,"playtime":702,"items_purged":["Defend_B","Doubt","Strike_B"],"score":286,"play_id":"9ab3f4e6-8c92-4f7b-bf59-ba84766809d1","local_time":"20180704233411","is_ascension_mode":true,"campfire_choices":[{"data":"Defragment","floor":6,"key":"SMITH"},{"floor":12,"key":"REST"},{"data":"Static Discharge","floor":15,"key":"SMITH"},{"floor":23,"key":"REST"}],"neow_cost":"","seed_source_timestamp":884409702768812,"circlet_count":0,"master_deck":["Strike_B","Strike_B","Strike_B","Defend_B","Defend_B","Defend_B","Zap","Dualcast","Defragment+1","Conserve Battery","Defragment","Ball Lightning","Seek","Coolheaded","Capacitor","Hologram","Static Discharge+1","Machine Learning","Double Energy+1","Force Field","Compile Driver","Self Repair"],"relics":["Cracked Core","Boot","DataDisk","Letter Opener","Black Star"],"potions_floor_usage":[16,24,24],"damage_taken":[{"damage":1,"enemies":"Cultist","floor":1,"turns":3},{"damage":5,"enemies":"Small Slimes","floor":2,"turns":3},{"damage":26,"enemies":"Gremlin Nob","floor":8,"turns":4},{"damage":23,"enemies":"Lagavulin","floor":10,"turns":5},{"damage":0,"enemies":"2 Louse","floor":11,"turns":2},{"damage":1,"enemies":"Blue Slaver","floor":13,"turns":3},{"damage":27,"enemies":"The Guardian","floor":16,"turns":8},{"damage":5,"enemies":"3 Byrds","floor":18,"turns":2},{"damage":16,"enemies":"Shell Parasite","floor":20,"turns":4},{"damage":27,"enemies":"Sentry and Sphere","floor":21,"turns":4},{"damage":39,"enemies":"Gremlin Leader","floor":24,"turns":3}],"seed_played":"4013603267181126302","potions_obtained":[{"floor":1,"key":"LiquidBronze"},{"floor":8,"key":"Explosive Potion"},{"floor":11,"key":"EssenceOfSteel"},{"floor":21,"key":"GamblersBrew"}],"is_trial":false,"path_per_floor":["M","M","$","?","?","R","$","E","T","E","M","R","M","$","R","B",null,"M","?","M","M","$","R"],"character_chosen":"DEFECT","items_purchased":["Defragment","Ball Lightning","Static Discharge","Self Repair"],"campfire_rested":2,"item_purchase_floors":[7,7,14,22],"current_hp_per_floor":[67,62,62,75,75,75,75,49,49,26,26,48,47,47,47,20,61,56,56,40,13,13,35,0],"gold":31,"neow_bonus":"","is_prod":false,"is_daily":false,"chose_seed":false,"campfire_upgraded":2,"win_rate":0,"timestamp":1530765251,"path_taken":["M","M","?","?","?","R","?","E","T","E","M","R","?","$","R","BOSS","M","?","M","M","?","R","E"],"build_version":"2018-06-28","purchased_purges":3,"victory":false,"max_hp_per_floor":[75,75,75,75,75,75,75,75,75,75,75,75,75,75,75,75,75,75,75,75,75,75,75,75],"card_choices":[{"not_picked":["Turbo","Stack"],"picked":"Defragment","floor":1},{"not_picked":["Leap","Beam Cell"],"picked":"Conserve Battery","floor":2},{"not_picked":["Go for the Eyes","Streamline"],"picked":"Seek","floor":8},{"not_picked":["Beam Cell","Ball Lightning"],"picked":"Coolheaded","floor":10},{"not_picked":["Tempest","Auto Shields"],"picked":"Capacitor","floor":11},{"not_picked":["Sunder","Gash"],"picked":"Hologram","floor":13},{"not_picked":["Seek","Multi-Cast"],"picked":"Machine Learning","floor":16},{"not_picked":["Ball Lightning","Rebound"],"picked":"Double Energy+1","floor":18},{"not_picked":["Double Energy+1","Turbo"],"picked":"Force Field","floor":20},{"not_picked":["Fission","Ball Lightning"],"picked":"Compile Driver","floor":21}],"player_experience":418364,"relics_obtained":[{"floor":8,"key":"Boot"},{"floor":9,"key":"DataDisk"},{"floor":10,"key":"Letter Opener"}],"event_choices":[{"event_name":"The Cleric","player_choice":"Healed","floor":4,"damage_taken":0},{"event_name":"Liars Game","player_choice":"agreed","floor":5,"damage_taken":0},{"event_name":"Vampires","player_choice":"Ignored","floor":19,"damage_taken":0}],"boss_relics":[{"not_picked":["Cursed Key","Fusion Hammer"],"picked":"Black Star"}],"items_purged_floors":[3,7,22],"is_endless":false,"potions_floor_spawned":[1,8,11,21],"killed_by":"Gremlin Leader","ascension_level":8}