{"gold_per_floor":[210,229,4,4,4,4,35,35,62,106,124,147,147,186,186,186],"floor_reached":16,"playtime":599,"items_purged":[],"score":148,"play_id":"abb8c460-781c-41b5-9e85-a81c22c95ee5","local_time":"20181201205742","is_ascension_mode":true,"campfire_choices":[{"data":"Zap","floor":6,"key":"SMITH"},{"data":"Dualcast","floor":8,"key":"SMITH"},{"data":"Go for the Eyes","floor":13,"key":"SMITH"},{"data":"Loop","floor":15,"key":"SMITH"}],"neow_cost":"NONE","seed_source_timestamp":266061390455623,"circlet_count":0,"master_deck":["Strike_B","Strike_B","Strike_B","Strike_B","Defend_B","Defend_B","Defend_B","Defend_B","Zap+1","Dualcast+1","Chill","Ball Lightning","Steam","Go for the Eyes+1","Regret","Injury","Leap","Loop+1","Steam Power","Go for the Eyes"],"relics":["Cracked Core","PreservedInsect","Meat on the Bone","Golden Idol","Anchor","Bag of Preparation","Darkstone Periapt","Smiling Mask"],"potions_floor_usage":[7,16,16],"damage_taken":[{"damage":2,"enemies":"2 Louse","floor":1,"turns":3},{"damage":4,"enemies":"Small Slimes","floor":2,"turns":3},{"damage":8,"enemies":"Gremlin Nob","floor":7,"turns":3},{"damage":21,"enemies":"3 Sentries","floor":10,"turns":7},{"damage":1,"enemies":"Jaw Worm","floor":11,"turns":3},{"damage":5,"enemies":"Red Slaver","floor":12,"turns":3},{"damage":15,"enemies":"Lagavulin","floor":14,"turns":5},{"damage":52,"enemies":"Slime Boss","floor":16,"turns":7}],"seed_played":"5957891158677051636","potions_obtained":[{"floor":2,"key":"PowerPotion"},{"floor":11,"key":"SteroidPotion"},{"floor":14,"key":"Explosive Potion"}],"is_trial":false,"path_per_floor":["M","M","$","?","?","R","E","R","T","E","M","M","R","E","R","B"],"character_chosen":"DEFECT","items_purchased":["PreservedInsect","Steam","Go for the Eyes"],"campfire_rested":0,"item_purchase_floors":[3,3,3],"current_hp_per_floor":[73,69,69,69,69,69,61,61,61,40,39,46,46,43,43,0],"gold":186,"neow_bonus":"HUNDRED_GOLD","is_prod":false,"is_daily":false,"chose_seed":false,"campfire_upgraded":4,"win_rate":0,"timestamp":1543665462,"path_taken":["M","M","$","?","?","R","E","R","T","E","M","M","R","E","R","BOSS"],"build_version":"2018-11-15","purchased_purges":0,"victory":false,"max_hp_per_floor":[75,75,75,75,75,75,75,75,75,75,75,75,75,75,75,75],"card_choices":[{"not_picked":["Redo","Ball Lightning"],"picked":"Chill","floor":1},{"not_picked":["Chaos","Sweeping Beam"],"picked":"Ball Lightning","floor":2},{"not_picked":["Beam Cell","Hello World","Gash"],"picked":"SKIP","floor":7},{"not_picked":["Chaos","Storm"],"picked":"Leap","floor":10},{"not_picked":["Hello World","Redo"],"picked":"Loop","floor":11},{"not_picked":["Recycle","Chaos"],"picked":"Steam Power","floor":12},{"not_picked":["Machine Learning","Melter"],"picked":"Go for the Eyes","floor":14}],"player_experience":147487,"relics_obtained":[{"floor":7,"key":"Anchor"},{"floor":9,"key":"Bag of Preparation"},{"floor":10,"key":"Darkstone Periapt"},{"floor":14,"key":"Smiling Mask"}],"event_choices":[{"damage_healed":0,"gold_gain":0,"player_choice":"Box","damage_taken":0,"relics_obtained":["Meat on the Bone"],"max_hp_gain":0,"max_hp_loss":0,"event_name":"Big Fish","floor":4,"gold_loss":0,"cards_obtained":["Regret"]},{"damage_healed":0,"gold_gain":0,"player_choice":"Take Wound","damage_taken":0,"relics_obtained":["Golden Idol"],"max_hp_gain":0,"max_hp_loss":0,"event_name":"Golden Idol","floor":5,"gold_loss":0,"cards_obtained":["Injury"]}],"is_beta":false,"boss_relics":[],"items_purged_floors":[],"is_endless":false,"potions_floor_spawned":[2,11,14],"killed_by":"Slime Boss","ascension_level":5}