{"gold_per_floor":[109,409,409,421,346,381,396,396,396,396,430,448,458,492,492,566,566,486,486,401,401,34,34,34,34,34,34,34,34,34,34,34,34,34,34,34,34,34,34,34,34,34,34,34,34,34,34,34,34,34,34,34,34,34,34,34],"floor_reached":57,"playtime":3479,"items_purged":["Strike_R"],"score":2903,"play_id":"92ffc508-e912-42d3-a0d6-0b0f9b4245d0","local_time":"20190114184121","is_ascension_mode":true,"campfire_choices":[{"data":"Bash","floor":8.0,"key":"SMITH"},{"data":"Spot Weakness","floor":10.0,"key":"SMITH"},{"data":"Shrug It Off","floor":15.0,"key":"SMITH"},{"data":"Disarm","floor":23.0,"key":"SMITH"},{"floor":25.0,"key":"REST"},{"data":"Demon Form","floor":30,"key":"SMITH"},{"data":"Offering","floor":32,"key":"SMITH"},{"data":"Exhume","floor":42,"key":"SMITH"},{"floor":49,"key":"RECALL"},{"data":"Flame Barrier","floor":53,"key":"SMITH"}],"neow_cost":"NONE","seed_source_timestamp":0,"circlet_count":0,"master_deck":["AscendersBane","Strike_R","Strike_R","Defend_R+1","Defend_R","Defend_R","Defend_R+1","Bash+1","Immolate+1","Thunderclap","Spot Weakness+1","Headbutt","Exhume","Shrug It Off+1","Reaper+1","Feed+1","Flame Barrier+1","Sword Boomerang+1","Disarm+1","Shrug It Off","Demon Form+1","Offering+1","Exhume+1","Body Slam+1","Uppercut+1","Entrench+1","Seeing Red+1","Flame Barrier+1","Rage+1"],"special_seed":0,"relics":["Burning Blood","Old Coin","Bag of Preparation","Incense Burner","Molten Egg 2","Happy Flower","Ectoplasm","War Paint","Nilry\u0027s Codex","Omamori","Smiling Mask","Bottled Flame","Prayer Wheel","Darkstone Periapt","Potion Belt","Strawberry","Runic Pyramid","WingedGreaves","Ice Cream","Toxic Egg 2","Art of War","Boot","Ginger"],"potions_floor_usage":[33,35,56,56,56],"damage_taken":[{"damage":8.0,"enemies":"2 Louse","floor":1.0,"turns":2.0},{"damage":0.0,"enemies":"Small Slimes","floor":4.0,"turns":1.0},{"damage":8.0,"enemies":"Gremlin Nob","floor":6.0,"turns":3.0},{"damage":2.0,"enemies":"Jaw Worm","floor":7.0,"turns":3.0},{"damage":10.0,"enemies":"3 Sentries","floor":11.0,"turns":3.0},{"damage":14.0,"enemies":"Exordium Thugs","floor":12.0,"turns":2.0},{"damage":0.0,"enemies":"2 Fungi Beasts","floor":13.0,"turns":2.0},{"damage":16.0,"enemies":"Lagavulin","floor":14.0,"turns":6.0},{"damage":37.0,"enemies":"The Guardian","floor":16.0,"turns":12.0},{"damage":23.0,"enemies":"2 Thieves","floor":18.0,"turns":3.0},{"damage":0.0,"enemies":"Chosen","floor":19.0,"turns":3.0},{"damage":0.0,"enemies":"Gremlin Leader","floor":24.0,"turns":3.0},{"damage":8,"enemies":"Colosseum Slavers","floor":28,"turns":5},{"damage":3,"enemies":"Colosseum Nobs","floor":28,"turns":3},{"damage":12,"enemies":"Slavers","floor":29,"turns":3},{"damage":18,"enemies":"Book of Stabbing","floor":31,"turns":6},{"damage":103,"enemies":"Automaton","floor":33,"turns":9},{"damage":8,"enemies":"3 Darklings","floor":35,"turns":2},{"damage":64,"enemies":"Mind Bloom Boss Battle","floor":36,"turns":11},{"damage":9,"enemies":"Orb Walker","floor":37,"turns":4},{"damage":49,"enemies":"Sphere and 2 Shapes","floor":39,"turns":8},{"damage":10,"enemies":"Nemesis","floor":40,"turns":7},{"damage":22,"enemies":"Reptomancer","floor":44,"turns":6},{"damage":12,"enemies":"Giant Head","floor":45,"turns":5},{"damage":15,"enemies":"Writhing Mass","floor":47,"turns":7},{"damage":14,"enemies":"Jaw Worm Horde","floor":48,"turns":3},{"damage":69,"enemies":"Donu and Deca","floor":50,"turns":10},{"damage":52,"enemies":"Awakened One","floor":51,"turns":10},{"damage":51,"enemies":"Shield and Spear","floor":55,"turns":8},{"damage":183,"enemies":"The Heart","floor":56,"turns":11}],"seed_played":"-9094812549213880675","potions_obtained":[{"floor":1.0,"key":"BloodPotion"},{"floor":4.0,"key":"Ancient Potion"},{"floor":7.0,"key":"SpeedPotion"},{"floor":19.0,"key":"Dexterity Potion"},{"floor":29,"key":"AttackPotion"},{"floor":31,"key":"SteroidPotion"},{"floor":33,"key":"Strength Potion"},{"floor":36,"key":"Block Potion"},{"floor":40,"key":"Energy Potion"}],"is_trial":false,"path_per_floor":["M","?","?","M","?","E","M","R","T","R","E","M","M","E","R","B",null,"M","M","?","?","$","R","E","R","T","?","?","E","R","E","R","B",null,"M","?","M","$","M","E","T","R","T","E","E","$","M","M","R","B","B",null,"R","$","E","B",null],"character_chosen":"IRONCLAD","items_purchased":["Disarm","Omamori","Shrug It Off"],"campfire_rested":1,"item_purchase_floors":[22,22,22],"current_hp_per_floor":[66,48,48,54,54,59,63,63,63,63,59,51,57,47,47,29,64,62,68,68,47,47,47,57,81,81,81,86,84,84,83,83,49,89,87,106,110,110,103,125,125,125,125,130,134,134,138,138,138,150,162,162,162,162,157,87],"gold":34,"neow_bonus":"ONE_RANDOM_RARE_CARD","is_prod":false,"is_daily":false,"chose_seed":false,"campfire_upgraded":8,"win_rate":0,"timestamp":1547509281,"path_taken":["M","?","?","M","?","E","M","R","T","R","E","?","M","E","R","BOSS","M","M","?","?","$","R","E","R","T","?","?","E","R","E","R","BOSS","M","?","M","?","?","E","?","R","T","E","E","$","?","M","R","BOSS","BOSS","R","$","E","BOSS"],"build_version":"2019-01-10","purchased_purges":1,"victory":true,"max_hp_per_floor":[75,75,75,75,75,75,75,75,75,75,75,75,75,75,75,75,75,79,79,79,79,79,79,83,83,83,83,87,91,91,102,102,102,102,102,106,110,110,122,126,126,126,126,130,134,134,138,146,146,150,162,162,162,162,162,162],"card_choices":[{"not_picked":["Whirlwind","Perfected Strike","Wild Strike"],"picked":"SKIP","floor":1.0},{"not_picked":["Dropkick","Whirlwind"],"picked":"Thunderclap","floor":4.0},{"not_picked":["Havoc","Anger"],"picked":"Spot Weakness","floor":6.0},{"not_picked":["Clash","Searing Blow"],"picked":"Headbutt","floor":7.0},{"not_picked":["Pummel","Anger"],"picked":"Exhume","floor":11.0},{"not_picked":["Thunderclap+1","Perfected Strike+1","Bloodletting"],"picked":"SKIP","floor":12.0},{"not_picked":["Shockwave","Pommel Strike+1"],"picked":"Shrug It Off","floor":13.0},{"not_picked":["Heavy Blade+1","Cleave+1"],"picked":"Reaper+1","floor":14.0},{"not_picked":["Brutality","Double Tap"],"picked":"Feed+1","floor":16.0},{"not_picked":["Perfected Strike+1","Clash+1"],"picked":"Flame Barrier","floor":18.0},{"not_picked":["Sentinel","Anger+1"],"picked":"Sword Boomerang+1","floor":19.0},{"not_picked":["Headbutt+1","Infernal Blade","Bloodletting"],"picked":"SKIP","floor":24.0},{"not_picked":["Clash+1","Inflame"],"picked":"Demon Form","floor":29},{"not_picked":["Pommel Strike+1","Iron Wave+1"],"picked":"Offering","floor":31},{"not_picked":["Brutality","Demon Form"],"picked":"Exhume","floor":33},{"not_picked":["Burning Pact","Havoc"],"picked":"Body Slam+1","floor":35},{"not_picked":["Sword Boomerang+1","Headbutt+1","Warcry"],"picked":"SKIP","floor":35},{"not_picked":["Iron Wave+1","Shrug It Off+1"],"picked":"Uppercut+1","floor":36},{"not_picked":["Blood for Blood+1","Sword Boomerang+1"],"picked":"Entrench+1","floor":37},{"not_picked":["Anger+1","Reckless Charge+1","Warcry"],"picked":"SKIP","floor":37},{"not_picked":["Bloodletting","Dual Wield"],"picked":"Seeing Red+1","floor":39},{"not_picked":["Sever Soul+1","Clothesline+1","Dropkick+1"],"picked":"SKIP","floor":39},{"not_picked":["Sever Soul+1","Clothesline+1","Dropkick+1"],"picked":"SKIP","floor":39},{"not_picked":["Pommel Strike+1","Offering"],"picked":"Flame Barrier+1","floor":40},{"not_picked":["Perfected Strike+1","Carnage+1"],"picked":"Rage+1","floor":44},{"not_picked":["Power Through+1","Battle Trance+1","Pummel+1"],"picked":"SKIP","floor":45},{"not_picked":["Sever Soul+1","Iron Wave+1","Cleave+1"],"picked":"SKIP","floor":47},{"not_picked":["Headbutt+1","Body Slam+1","Havoc+1"],"picked":"SKIP","floor":47},{"not_picked":["Twin Strike+1","Sever Soul+1","Metallicize"],"picked":"SKIP","floor":48},{"not_picked":["Reckless Charge+1","Twin Strike+1","Wild Strike+1"],"picked":"SKIP","floor":48},{"not_picked":["Sword Boomerang+1","Combust","Inflame"],"picked":"SKIP","floor":55}],"player_experience":738857,"relics_obtained":[{"floor":6.0,"key":"Bag of Preparation"},{"floor":9.0,"key":"Incense Burner"},{"floor":11.0,"key":"Molten Egg 2"},{"floor":14.0,"key":"Happy Flower"},{"floor":21.0,"key":"Nilry\u0027s Codex"},{"floor":24.0,"key":"Smiling Mask"},{"floor":26.0,"key":"Bottled Flame"},{"floor":28,"key":"Prayer Wheel"},{"floor":28,"key":"Darkstone Periapt"},{"floor":29,"key":"Potion Belt"},{"floor":31,"key":"Strawberry"},{"floor":36,"key":"WingedGreaves"},{"floor":40,"key":"Ice Cream"},{"floor":41,"key":"Toxic Egg 2"},{"floor":44,"key":"Art of War"},{"floor":45,"key":"Boot"},{"floor":55,"key":"Ginger"}],"event_choices":[{"damage_healed":0.0,"max_hp_gain":0.0,"max_hp_loss":0.0,"gold_gain":0.0,"event_name":"Scrap Ooze","player_choice":"Success","floor":2.0,"gold_loss":0.0,"damage_taken":18.0,"relics_obtained":["Old Coin"]},{"damage_healed":0.0,"max_hp_gain":0.0,"max_hp_loss":0.0,"gold_gain":0.0,"event_name":"Living Wall","player_choice":"Grow","floor":3.0,"gold_loss":0.0,"damage_taken":0.0,"cards_upgraded":["Immolate"]},{"cards_removed":["Strike_R"],"damage_healed":0.0,"max_hp_gain":0.0,"max_hp_loss":0.0,"gold_gain":0.0,"event_name":"The Cleric","player_choice":"Card Removal","floor":5.0,"gold_loss":75.0,"damage_taken":0.0},{"damage_healed":0.0,"max_hp_gain":0.0,"max_hp_loss":0.0,"gold_gain":0.0,"event_name":"Addict","player_choice":"Obtained Relic","floor":20.0,"gold_loss":85.0,"damage_taken":0.0,"relics_obtained":["War Paint"]},{"damage_healed":0.0,"max_hp_gain":0.0,"max_hp_loss":0.0,"gold_gain":0.0,"event_name":"Cursed Tome","player_choice":"Obtained Book","floor":21.0,"gold_loss":0.0,"damage_taken":21.0},{"cards_removed":["Strike_R"],"damage_healed":0.0,"max_hp_gain":0.0,"max_hp_loss":0.0,"gold_gain":0.0,"event_name":"Back to Basics","player_choice":"Elegance","floor":27.0,"gold_loss":0.0,"damage_taken":0.0},{"damage_healed":0,"gold_gain":0,"player_choice":"Fight","damage_taken":0,"max_hp_gain":0,"max_hp_loss":0,"event_name":"Colosseum","floor":28,"gold_loss":0},{"damage_healed":0,"gold_gain":0,"player_choice":"Fought Nobs","damage_taken":0,"max_hp_gain":0,"max_hp_loss":0,"event_name":"Colosseum","floor":28,"gold_loss":0},{"damage_healed":0,"gold_gain":0,"player_choice":"Fight","damage_taken":0,"max_hp_gain":0,"max_hp_loss":0,"event_name":"MindBloom","floor":36,"gold_loss":0}],"is_beta":false,"boss_relics":[{"not_picked":["Tiny House","Runic Dome"],"picked":"Ectoplasm"},{"not_picked":["Pandora\u0027s Box","Philosopher\u0027s Stone"],"picked":"Runic Pyramid"}],"items_purged_floors":[22],"is_endless":false,"potions_floor_spawned":[1,4,7,11,19,28,29,31,33,36,37,40],"ascension_level":20}