{"path_per_floor":["M","?","?","M","M","R","?","R","T","M","$","?","E","M","R","B",null,"M","?","?","M","M","R","E","R","T","E","?","E","$","?","R","B",null,"M","M","?","M"],"character_chosen":"DEFECT","items_purchased":["Sweeping Beam","Capacitor","White Noise","Rebound"],"gold_per_floor":[111,111,111,121,137,137,137,137,191,211,30,52,80,92,92,188,188,203,229,229,240,256,256,256,256,256,283,206,238,16,16,16,116,116,126,144,144,155,155],"floor_reached":39,"campfire_rested":5,"playtime":1909,"item_purchase_floors":[11,11,30,30],"current_hp_per_floor":[68,68,53,46,44,44,37,59,59,59,59,50,39,30,52,30,64,60,30,30,30,26,48,42,64,64,23,23,2,2,2,24,4,57,36,9,9,9,0],"items_purged":["Strike_B","Strike_B"],"gold":155,"score":593,"play_id":"fa00c310-1154-442f-a027-72ff410adc3e","local_time":"20180616165444","is_prod":false,"is_daily":false,"chose_seed":false,"is_ascension_mode":true,"campfire_upgraded":1,"win_rate":0,"timestamp":1529186084,"campfire_choices":[{"data":"Hologram","floor":6,"key":"SMITH"},{"floor":8,"key":"REST"},{"floor":15,"key":"REST"},{"floor":23,"key":"REST"},{"floor":25,"key":"REST"},{"floor":32,"key":"REST"}],"path_taken":["M","?","?","?","M","R","?","R","T","M","?","?","E","M","R","BOSS","M","?","?","M","M","R","E","R","T","E","?","E","$","?","R","BOSS","M","?","?","M","M"],"build_version":"2018-06-14v2","seed_source_timestamp":2639274902697274,"purchased_purges":2,"victory":false,"master_deck":["Strike_B+1","Strike_B","Defend_B+1","Zap","Dualcast","Conserve Battery","Turbo","Conserve Battery","Hologram+1","Sweeping Beam","Capacitor","Glacier","Conserve Battery","Thunder Strike","Leap","Streamline","Melter+1","Redo+1","J.A.X.","Echo Form","White Noise","Rebound","Rainbow","Conserve Battery","Consume+1","Master of Strategy","Streamline+1"],"max_hp_per_floor":[75,75,75,75,75,75,75,75,75,75,75,75,75,75,75,75,75,75,75,75,75,75,75,75,75,75,75,75,75,75,75,75,75,75,75,75,75,75,75],"relics":["Busted Crown","Happy Flower","Odd Mushroom","Pen Nib","Fusion Hammer","Red Mask","DataDisk","Omamori","Boot","Cursed Key"],"card_choices":[{"not_picked":[],"picked":"Conserve Battery","floor":1},{"not_picked":[],"picked":"Conserve Battery","floor":4},{"not_picked":[],"picked":"Hologram","floor":5},{"not_picked":["Go for the Eyes"],"picked":"SKIP","floor":10},{"not_picked":[],"picked":"Glacier","floor":12},{"not_picked":[],"picked":"Conserve Battery","floor":13},{"not_picked":["Scrape"],"picked":"SKIP","floor":14},{"not_picked":[],"picked":"Thunder Strike","floor":16},{"not_picked":["Rebound"],"picked":"SKIP","floor":18},{"not_picked":[],"picked":"Leap","floor":19},{"not_picked":[],"picked":"Streamline","floor":21},{"not_picked":[],"picked":"Melter+1","floor":22},{"not_picked":[],"picked":"Redo+1","floor":27},{"not_picked":[],"picked":"Echo Form","floor":29},{"not_picked":[],"picked":"Rainbow","floor":33},{"not_picked":[],"picked":"Conserve Battery","floor":35},{"not_picked":[],"picked":"Consume+1","floor":36},{"not_picked":[],"picked":"Master of Strategy","floor":37},{"not_picked":[],"picked":"Streamline+1","floor":38}],"player_experience":388515,"potions_floor_usage":[13,16,19,19,24,33,39],"damage_taken":[{"damage":0,"enemies":"2 Louse","floor":1,"turns":2},{"damage":7,"enemies":"Jaw Worm","floor":4,"turns":3},{"damage":2,"enemies":"Small Slimes","floor":5,"turns":4},{"damage":0,"enemies":"2 Fungi Beasts","floor":10,"turns":3},{"damage":9,"floor":12,"turns":4},{"damage":11,"enemies":"Gremlin Nob","floor":13,"turns":5},{"damage":9,"enemies":"Lots of Slimes","floor":14,"turns":4},{"damage":22,"enemies":"Slime Boss","floor":16,"turns":9},{"damage":4,"enemies":"Shell Parasite","floor":18,"turns":8},{"damage":30,"floor":19,"turns":6},{"damage":0,"enemies":"Spheric Guardian","floor":21,"turns":6},{"damage":4,"enemies":"Centurion and Healer","floor":22,"turns":8},{"damage":6,"enemies":"Gremlin Leader","floor":24,"turns":4},{"damage":41,"enemies":"Slavers","floor":27,"turns":8},{"damage":21,"enemies":"Gremlin Leader","floor":29,"turns":8},{"damage":20,"enemies":"Collector","floor":33,"turns":10},{"damage":21,"enemies":"Orb Walker","floor":35,"turns":4},{"damage":27,"enemies":"3 Darklings","floor":36,"turns":5},{"damage":0,"enemies":"Maw","floor":38,"turns":8}],"relics_obtained":[{"floor":9,"key":"Happy Flower"},{"floor":12,"key":"Odd Mushroom"},{"floor":13,"key":"Pen Nib"},{"floor":19,"key":"Red Mask"},{"floor":26,"key":"DataDisk"},{"floor":27,"key":"Omamori"},{"floor":29,"key":"Boot"}],"event_choices":[{"event_name":"Living Wall","player_choice":"Change","floor":2,"damage_taken":0},{"event_name":"Shining Light","player_choice":"Entered Light","floor":3,"damage_taken":0},{"event_name":"Golden Wing","player_choice":"Card Removal","floor":7,"damage_taken":0},{"event_name":"Mushrooms","player_choice":"Fought Mushrooms","floor":12,"damage_taken":0},{"event_name":"Masked Bandits","player_choice":"Fought over 203 gold","floor":19,"damage_taken":0},{"event_name":"Back to Basics","player_choice":"Elegance","floor":20,"damage_taken":0},{"event_name":"Drug Dealer","player_choice":"Got JAXXED","floor":28,"damage_taken":0},{"event_name":"Forgotten Altar","player_choice":"Smashed Altar","floor":31,"damage_taken":0},{"event_name":"SensoryStone","player_choice":"Memory 1","floor":37,"damage_taken":0}],"boss_relics":[{"not_picked":["Empty Cage","Eternal Feather"],"picked":"Fusion Hammer"},{"not_picked":["Runic Pyramid","White Beast Statue"],"picked":"Cursed Key"}],"items_purged_floors":[11,30],"is_endless":false,"potions_floor_spawned":[4,5,12,14,18,24,29,36],"seed_played":"-7280901047083603781","killed_by":"Sphere and 2 Shapes","ascension_level":6,"potions_obtained":[{"floor":4,"key":"SmokeBomb"},{"floor":5,"key":"FearPotion"},{"floor":12,"key":"Weak Potion"},{"floor":14,"key":"Fire Potion"},{"floor":18,"key":"Fire Potion"},{"floor":29,"key":"EssenceOfSteel"},{"floor":36,"key":"Block Potion"}],"is_trial":false}