{"gold_per_floor":[17,33,50,25,25,59,59,87,87,87,148,167,167,179,179,256,256,272,292,292,292,305,305],"floor_reached":23,"playtime":1231,"items_purged":[],"score":422,"play_id":"62c271ac-e016-4710-b41f-728fca2203ad","local_time":"20190218145423","is_ascension_mode":true,"campfire_choices":[{"data":"Dagger Spray","floor":7.0,"key":"SMITH"},{"floor":10.0,"key":"REST"},{"data":"Caltrops","floor":15.0,"key":"SMITH"}],"neow_cost":"NO_GOLD","seed_source_timestamp":364332463796745,"circlet_count":0,"master_deck":["AscendersBane","Defend_G","Defend_G","Defend_G","Defend_G","Defend_G","Strike_G","Strike_G","Strike_G","Survivor","Neutralize","All Out Attack","Choke","Cloak And Dagger","Caltrops+1","Dagger Spray+1","Dash","Well Laid Plans","Leg Sweep","After Image","Dodge and Roll","A Thousand Cuts","Backflip+1","PiercingWail+1","RitualDagger","Escape Plan"],"special_seed":0,"relics":["Ring of the Snake","FossilizedHelix","Peace Pipe","Tough Bandages","Tiny Chest","Philosopher\u0027s Stone"],"potions_floor_usage":[22,23,23],"damage_taken":[{"damage":0.0,"enemies":"Cultist","floor":1.0,"turns":3.0},{"damage":4.0,"enemies":"Jaw Worm","floor":2.0,"turns":2.0},{"damage":0.0,"enemies":"Small Slimes","floor":3.0,"turns":3.0},{"damage":32.0,"enemies":"Gremlin Nob","floor":6.0,"turns":4.0},{"damage":10.0,"enemies":"3 Sentries","floor":8.0,"turns":5.0},{"damage":16.0,"enemies":"Gremlin Nob","floor":11.0,"turns":5.0},{"damage":0.0,"enemies":"Exordium Wildlife","floor":12.0,"turns":5.0},{"damage":0.0,"enemies":"Large Slime","floor":14.0,"turns":6.0},{"damage":3.0,"enemies":"The Guardian","floor":16.0,"turns":14.0},{"damage":3,"enemies":"Shell Parasite","floor":18,"turns":7},{"damage":0,"enemies":"Spheric Guardian","floor":19,"turns":6},{"damage":16,"enemies":"Shelled Parasite and Fungi","floor":22,"turns":8},{"damage":37,"enemies":"Slavers","floor":23,"turns":2}],"seed_played":"7865970822763589756","potions_obtained":[{"floor":1.0,"key":"FearPotion"},{"floor":3.0,"key":"GamblersBrew"},{"floor":14.0,"key":"Weak Potion"},{"floor":18,"key":"Fire Potion"},{"floor":22,"key":"PowerPotion"}],"is_trial":false,"path_per_floor":["M","M","M","$","?","E","R","E","T","R","E","M","?","M","R","B",null,"M","M","?","T","M","E"],"character_chosen":"THE_SILENT","items_purchased":["Dagger Spray"],"campfire_rested":1,"item_purchase_floors":[4],"current_hp_per_floor":[59,55,55,55,55,23,23,13,13,32,16,16,38,38,38,35,58,55,55,49,49,33,0],"gold":305,"neow_bonus":"TRANSFORM_TWO_CARDS","is_prod":false,"is_daily":false,"chose_seed":false,"campfire_upgraded":2,"win_rate":0,"timestamp":1550519663,"path_taken":["M","M","M","?","?","E","R","E","T","R","E","M","?","?","R","BOSS","M","M","?","?","?","E"],"build_version":"2019-01-23","purchased_purges":0,"victory":false,"max_hp_per_floor":[66,66,66,66,66,66,66,66,66,66,66,66,66,66,66,66,66,66,66,66,66,66,66],"card_choices":[{"not_picked":["Underhanded Strike","Bane","Deflect"],"picked":"SKIP","floor":1.0},{"not_picked":["Calculated Gamble","Choke"],"picked":"Cloak And Dagger","floor":2.0},{"not_picked":["Underhanded Strike","Leg Sweep"],"picked":"Caltrops","floor":3.0},{"not_picked":["Distraction","Leg Sweep"],"picked":"Dash","floor":6.0},{"not_picked":["Tactician","Footwork"],"picked":"Well Laid Plans","floor":8.0},{"not_picked":["Reflex","Quick Slash"],"picked":"Leg Sweep","floor":11.0},{"not_picked":["Concentrate","Riddle With Holes"],"picked":"After Image","floor":12.0},{"not_picked":["Prepared","Choke"],"picked":"Dodge and Roll","floor":14.0},{"not_picked":["Burst","Unload"],"picked":"A Thousand Cuts","floor":16.0},{"not_picked":["Underhanded Strike","Bane"],"picked":"Backflip+1","floor":18},{"not_picked":["Underhanded Strike","Poisoned Stab"],"picked":"PiercingWail+1","floor":19},{"not_picked":["Outmaneuver","Dagger Spray"],"picked":"Escape Plan","floor":22}],"player_experience":852242,"relics_obtained":[{"floor":6.0,"key":"FossilizedHelix"},{"floor":8.0,"key":"Peace Pipe"},{"floor":9.0,"key":"Tough Bandages"},{"floor":11.0,"key":"Tiny Chest"}],"event_choices":[{"damage_healed":0.0,"max_hp_gain":0.0,"max_hp_loss":0.0,"gold_gain":0.0,"event_name":"The Cleric","player_choice":"Leave","floor":5.0,"gold_loss":0.0,"damage_taken":0.0},{"damage_healed":22.0,"max_hp_gain":0.0,"max_hp_loss":0.0,"gold_gain":0.0,"event_name":"Big Fish","player_choice":"Banana","floor":13.0,"gold_loss":0.0,"damage_taken":0.0},{"damage_healed":0,"gold_gain":0,"player_choice":"Joined the Cult","damage_taken":6,"max_hp_gain":0,"max_hp_loss":0,"event_name":"Nest","floor":20,"gold_loss":0,"cards_obtained":["RitualDagger"]}],"is_beta":false,"boss_relics":[{"not_picked":["Astrolabe","Empty Cage"],"picked":"Philosopher\u0027s Stone"}],"items_purged_floors":[],"is_endless":false,"potions_floor_spawned":[1,3,14,16,18,19,22],"killed_by":"Slavers","ascension_level":20}