{"path_per_floor":["M","M","?","M","M","E","R","M","T","$","E","M","M","E","R","B",null,"M","M","?","M","$","E","R","E","T","M","R","?","M","?","R","B",null,"M","M","?","M","?","R","E","$","T","?","?","?","$","M","R"],"character_chosen":"IRONCLAD","items_purchased":["Dramatic Entrance","Bottled Flame","Iron Wave"],"gold_per_floor":[20,36,111,122,142,173,173,186,237,69,102,122,133,160,160,265,265,280,291,341,357,0,34,34,67,67,79,79,79,93,8,8,113,113,127,140,0,18,18,18,52,6,6,6,6,6,6,19,19],"floor_reached":50,"campfire_rested":1,"playtime":2600,"current_hp_per_floor":[92,96,85,90,90,86,86,92,92,92,82,83,89,88,88,52,96,92,93,93,85,85,61,61,43,43,49,49,49,55,55,55,28,96,96,82,82,67,67,67,27,27,27,62,62,62,62,66,102],"items_purged":["Defend_R","Defend_R"],"gold":19,"score":558,"play_id":"51407d28-4d1f-48ae-8d47-eba36a485a21","is_prod":false,"is_daily":false,"is_ascension_mode":false,"campfire_upgraded":6,"path_taken":["M","M","?","?","M","E","R","M","T","?","E","M","M","E","R","BOSS","M","M","?","M","$","E","R","E","T","M","R","?","M","?","R","BOSS","M","M","?","M","?","R","E","?","T","?","?","?","?","M","R","BOSS"],"build_version":"2018-02-08-PROD1","purchased_purges":3,"victory":false,"master_deck":["Strike_R","Strike_R","Strike_R","Bash+1","Clash","Clothesline+1","Clash","True Grit+1","Thunderclap","Dramatic Entrance","Flame Barrier+1","Fiend Fire","Iron Wave","Headbutt+1","Clash","Iron Wave","Armaments+1","Armaments+1","Feed","Uppercut+1","Double Tap+1","Blood for Blood+1","Headbutt+1","Hemokinesis+1","Clash","Writhe","Berserk"],"max_hp_per_floor":[96,96,96,96,96,96,96,96,96,96,96,96,96,96,96,96,96,96,96,96,96,96,96,96,96,96,96,96,96,96,96,96,96,96,96,96,96,99,99,99,117,117,117,123,123,123,123,123,123],"relics":["Burning Blood","Darkstone Periapt","Juzu Bracelet","Calipers","Dream Catcher","Runic Dome","Bottled Flame","Red Skull","Anchor","Thread and Needle","Pen Nib","Happy Flower","Astrolabe","Red Mask","Mango","Vajra"],"card_choices":[{"not_picked":["Twin Strike","Perfected Strike"],"picked":"Clash"},{"not_picked":["Dual Wield","Spot Weakness"],"picked":"Clothesline"},{"not_picked":["Heavy Blade","True Grit"],"picked":"Clash"},{"not_picked":["Limit Break","Combust"],"picked":"True Grit"},{"not_picked":["Clothesline","Heavy Blade"],"picked":"Thunderclap"},{"not_picked":["Fire Breathing","Armaments"],"picked":"Flame Barrier"},{"not_picked":["Juggernaut","Berserk"],"picked":"Fiend Fire"},{"not_picked":["Rupture","Anger"],"picked":"Iron Wave"},{"not_picked":["Sword Boomerang","Sever Soul"],"picked":"Headbutt"},{"not_picked":["Armaments","Cleave"],"picked":"Clash"},{"not_picked":["Twin Strike","Fiend Fire"],"picked":"Iron Wave"},{"not_picked":["Spot Weakness","Shrug It Off"],"picked":"Armaments"},{"not_picked":["Fiend Fire","Shrug It Off"],"picked":"Armaments"},{"not_picked":["Berserk","Impervious"],"picked":"Feed"},{"not_picked":["Searing Blow","Burning Pact"],"picked":"Headbutt"},{"not_picked":["Fire Breathing","Heavy Blade"],"picked":"Clash"},{"not_picked":["Sword Boomerang","Iron Wave"],"picked":"Berserk"}],"player_experience":24479,"potions_floor_usage":[6,16,16,25,33,33,50,50,50],"damage_taken":[{"damage":10,"enemies":"Jaw Worm","floor":1,"turns":5},{"damage":0,"enemies":"Small Slimes","floor":2,"turns":3},{"damage":1,"enemies":"Cultist","floor":4,"turns":4},{"damage":6,"enemies":"Lots of Slimes","floor":5,"turns":3},{"damage":10,"enemies":"Gremlin Nob","floor":6,"turns":3},{"damage":0,"enemies":"Red Slaver","floor":8,"turns":1},{"damage":16,"enemies":"Lagavulin","floor":11,"turns":6},{"damage":5,"enemies":"Exordium Thugs","floor":12,"turns":4},{"damage":0,"enemies":"Lots of Slimes","floor":13,"turns":1},{"damage":7,"enemies":"Gremlin Nob","floor":14,"turns":3},{"damage":42,"enemies":"Slime Boss","floor":16,"turns":10},{"damage":10,"enemies":"2 Thieves","floor":18,"turns":3},{"damage":5,"enemies":"3 Byrds","floor":19,"turns":2},{"damage":14,"enemies":"Snecko","floor":21,"turns":6},{"damage":30,"enemies":"Book of Stabbing","floor":23,"turns":5},{"damage":24,"enemies":"Gremlin Leader","floor":25,"turns":5},{"damage":0,"enemies":"3 Cultists","floor":27,"turns":3},{"damage":0,"enemies":"Centurion and Healer","floor":30,"turns":2},{"damage":33,"enemies":"Automaton","floor":33,"turns":10},{"damage":5,"enemies":"3 Shapes","floor":35,"turns":2},{"damage":20,"enemies":"3 Darklings","floor":36,"turns":4},{"damage":24,"enemies":"Sphere and 2 Shapes","floor":38,"turns":4},{"damage":64,"enemies":"Giant Head","floor":41,"turns":9},{"damage":2,"enemies":"Maw","floor":48,"turns":6},{"damage":107,"enemies":"Time Eater","floor":50,"turns":9}],"event_choices":[{"event_name":"World of Goop","player_choice":"Gather Gold","floor":3,"damage_taken":0},{"event_name":"The Joust","player_choice":"Bet on Murderer","floor":20,"damage_taken":0},{"event_name":"The Mausoleum","player_choice":"Yes","floor":29,"damage_taken":0},{"event_name":"Addict","player_choice":"Obtained Relic","floor":31,"damage_taken":0},{"event_name":"Tomb of Lord Red Mask","player_choice":"Paid","floor":37,"damage_taken":0},{"event_name":"Transmorgrifier","player_choice":"Transform","floor":39,"damage_taken":0},{"event_name":"Winding Halls","player_choice":"Writhe","floor":44,"damage_taken":0},{"event_name":"Mysterious Sphere","player_choice":"Ignore","floor":45,"damage_taken":0}],"boss_relics":[{"not_picked":["Lizard Tail","Philosopher\u0027s Stone"],"picked":"Runic Dome"},{"not_picked":["Sozu","Black Star"],"picked":"Astrolabe"}],"potions_floor_spawned":[2,5,8,13,19,27,30,35,38],"seed_played":"7450870822420071204","killed_by":"Time Eater","ascension_level":0,"is_trial":false}