{"gold_per_floor":[119,119,138,138,155,155,175,194,248,310,321,332,351,90,90,185,185,198,9,9,9,9,9,9,9,34,53,53,127,42,42,42,142,142,152,152,152,164,0,0],"floor_reached":40,"playtime":5113,"items_purged":[],"score":474,"play_id":"989ecccf-c781-4cb4-bab8-c80bba0c38d7","local_time":"20180701215243","is_ascension_mode":false,"campfire_choices":[{"data":"Dualcast","floor":6.0,"key":"SMITH"},{"floor":15,"key":"REST"},{"data":"Buffer","floor":23,"key":"SMITH"},{"data":"Self Repair","floor":25,"key":"SMITH"},{"data":"Zap","floor":32,"key":"SMITH"}],"neow_cost":"","seed_source_timestamp":853878142903999,"circlet_count":0,"master_deck":["Defend_B","Defend_B","Defend_B","Zap+1","Dualcast+1","Go for the Eyes","Lockon","Stack","Steam","Steam","Self Repair+1","Conserve Battery","Doom and Gloom","Rebound","Buffer+1","Hologram","Doom and Gloom+1","Bite+1","Bite+1","Bite+1","Bite+1","Bite+1","Rebound+1","Ghostly","Ghostly","Ghostly","Ghostly","Ghostly","Melter+1","Creative AI","Loop+1","Madness","Madness","Stack+1"],"special_seed":17713,"relics":["Cracked Core","NeowsBlessing","Centennial Puzzle","Juzu Bracelet","Orichalcum","Molten Egg 2","Happy Flower","Nloth\u0027s Gift","Bronze Scales","Dodecahedron","Oddly Smooth Stone","Black Star","Red Mask"],"potions_floor_usage":[16,16,33,33,33,38],"damage_taken":[{"damage":0.0,"enemies":"Small Slimes","floor":1.0,"turns":1.0},{"damage":0.0,"enemies":"2 Louse","floor":3.0,"turns":1.0},{"damage":0.0,"enemies":"Cultist","floor":5.0,"turns":1.0},{"damage":2,"enemies":"2 Fungi Beasts","floor":7,"turns":3},{"damage":0,"enemies":"Looter","floor":8,"turns":2},{"damage":5,"enemies":"3 Sentries","floor":10,"turns":7},{"damage":2,"enemies":"Lots of Slimes","floor":11,"turns":3},{"damage":1,"enemies":"2 Fungi Beasts","floor":12,"turns":3},{"damage":5,"enemies":"Looter","floor":13,"turns":3},{"damage":13,"enemies":"The Guardian","floor":16,"turns":10},{"damage":13,"enemies":"Spheric Guardian","floor":18,"turns":4},{"damage":15,"enemies":"Shell Parasite","floor":27,"turns":6},{"damage":0,"enemies":"Automaton","floor":33,"turns":10},{"damage":0,"enemies":"Orb Walker","floor":35,"turns":4},{"damage":0,"enemies":"3 Darklings","floor":38,"turns":5},{"damage":26,"enemies":"2 Orb Walkers","floor":40,"turns":4}],"seed_played":"-3431744186516080443","potions_obtained":[{"floor":3.0,"key":"Fire Potion"},{"floor":7,"key":"FocusPotion"},{"floor":8,"key":"PowerPotion"},{"floor":16,"key":"EssenceOfSteel"},{"floor":18,"key":"Weak Potion"},{"floor":33,"key":"PowerPotion"},{"floor":35,"key":"LiquidBronze"},{"floor":38,"key":"Explosive Potion"}],"is_trial":false,"path_per_floor":["M","?","M","?","M","R","M","M","T","?","M","M","M","$","R","B",null,"M","$","?","?","?","R","?","R","T","M","?","T","?","?","R","B",null,"M","$","?","M","?"],"character_chosen":"DEFECT","items_purchased":["Molten Egg 2","Happy Flower","Doom and Gloom+1"],"campfire_rested":1,"item_purchase_floors":[14,19,19],"current_hp_per_floor":[75,68,68,53,53,53,51,51,51,46,51,57,59,59,75,69,75,69,69,69,69,52,52,52,52,52,52,26,26,26,26,26,26,26,26,26,23,26,26,0],"gold":0,"neow_bonus":"","is_prod":false,"is_daily":false,"chose_seed":false,"campfire_upgraded":4,"win_rate":0,"timestamp":1530456763,"path_taken":["M","?","M","?","M","R","M","M","T","?","M","M","M","$","R","BOSS","M","$","?","?","?","R","?","R","T","M","?","?","?","?","R","BOSS","M","?","?","M","?","E"],"build_version":"2018-06-28","purchased_purges":0,"victory":false,"max_hp_per_floor":[75,75,75,75,75,75,75,75,75,75,75,75,75,75,75,75,75,75,75,75,75,52,52,52,52,52,52,26,26,26,26,26,26,26,26,26,26,26,26,26],"card_choices":[{"not_picked":["Steam","Streamline"],"picked":"Go for the Eyes","floor":1.0},{"not_picked":["Force Field","Beam Cell"],"picked":"Lockon","floor":3.0},{"not_picked":["Scrape","Gash"],"picked":"Stack","floor":5.0},{"not_picked":["Rip and Tear","All For One"],"picked":"Steam","floor":7},{"not_picked":["Streamline","Steam Power"],"picked":"Steam","floor":8},{"not_picked":["Stack","Hello World"],"picked":"Self Repair","floor":10},{"not_picked":["Doom and Gloom","Heatsinks"],"picked":"Conserve Battery","floor":11},{"not_picked":["Streamline","Hologram"],"picked":"Doom and Gloom","floor":12},{"not_picked":["Cold Snap","Leap"],"picked":"Rebound","floor":13},{"not_picked":["Rainbow","Machine Learning"],"picked":"Buffer","floor":16},{"not_picked":[],"picked":"Hologram","floor":18},{"not_picked":["Turbo","Coolheaded"],"picked":"Rebound+1","floor":27},{"not_picked":["All For One+1","Meteor Strike+1"],"picked":"Creative AI","floor":33},{"not_picked":["Compile Driver+1","Sweeping Beam+1"],"picked":"Loop+1","floor":35},{"not_picked":["Blizzard+1","Cold Snap+1"],"picked":"Stack+1","floor":38}],"player_experience":21047,"relics_obtained":[{"floor":9,"key":"Juzu Bracelet"},{"floor":10,"key":"Orichalcum"},{"floor":26,"key":"Bronze Scales"},{"floor":29,"key":"Dodecahedron"}],"event_choices":[{"event_name":"Scrap Ooze","player_choice":"success","floor":2.0,"damage_taken":7.0},{"event_name":"Shining Light","player_choice":"Entered Light","floor":4.0,"damage_taken":0.0},{"event_name":"Dead Adventurer","player_choice":"Searched \u00272\u0027 times","floor":10,"damage_taken":0},{"event_name":"Beggar","player_choice":"Ignored","floor":20,"damage_taken":0},{"event_name":"N\u0027loth","player_choice":"Traded a Busted Crown","floor":21,"damage_taken":0},{"event_name":"Vampires","player_choice":"Became a vampire","floor":22,"damage_taken":0},{"event_name":"Purifier","player_choice":"One Purge","floor":24,"damage_taken":0},{"event_name":"Ghosts","player_choice":"Became a Ghost","floor":28,"damage_taken":0},{"event_name":"Addict","player_choice":"Obtained Relic","floor":30,"damage_taken":0},{"event_name":"The Library","player_choice":"Read","floor":31,"damage_taken":0},{"event_name":"Winding Halls","player_choice":"Embrace Madness","floor":37,"damage_taken":0},{"event_name":"Tomb of Lord Red Mask","player_choice":"Paid","floor":39,"damage_taken":0}],"boss_relics":[{"not_picked":["Runic Pyramid","White Beast Statue"],"picked":"Busted Crown"},{"not_picked":["Cursed Key","Philosopher\u0027s Stone"],"picked":"Black Star"}],"items_purged_floors":[],"is_endless":false,"potions_floor_spawned":[3,7,8,12,13,16,18,33,35,38],"killed_by":"2 Orb Walkers","ascension_level":0}