{"gold_per_floor":[114,124,134,0,20,20,50,50,74,107,107,27,102,137,137,210,210,210],"floor_reached":18,"playtime":672,"items_purged":["Strike_R"],"score":356,"play_id":"c614e9fb-2d25-40c8-aed2-077be3ab67ed","local_time":"20181213085340","is_ascension_mode":true,"campfire_choices":[{"data":"Immolate","floor":6,"key":"SMITH"},{"data":"Metallicize","floor":11,"key":"SMITH"},{"floor":15,"key":"REST"}],"neow_cost":"PERCENT_DAMAGE","seed_source_timestamp":1631049621189189,"circlet_count":0,"master_deck":["AscendersBane","Strike_R","Strike_R","Strike_R+1","Strike_R","Defend_R","Defend_R","Defend_R","Defend_R","Bash","Immolate+1","Iron Wave","Clothesline+1","Armaments","Shrug It Off","Shrug It Off","Metallicize+1","Inflame","Sword Boomerang","Double Tap"],"relics":["Burning Blood","Smiling Mask","Whetstone","Omamori","Regal Pillow","Black Star"],"potions_floor_usage":[7,14],"damage_taken":[{"damage":3,"enemies":"2 Louse","floor":1,"turns":3},{"damage":0,"enemies":"Small Slimes","floor":2,"turns":2},{"damage":5,"enemies":"Jaw Worm","floor":3,"turns":4},{"damage":3,"enemies":"Looter","floor":5,"turns":3},{"damage":48,"enemies":"Gremlin Nob","floor":7,"turns":5},{"damage":4,"enemies":"3 Sentries","floor":10,"turns":4},{"damage":19,"enemies":"Lagavulin","floor":14,"turns":9},{"damage":54,"enemies":"The Guardian","floor":16,"turns":14},{"damage":61,"enemies":"3 Byrds","floor":18,"turns":7}],"seed_played":"5380117464586250806","potions_obtained":[{"floor":1,"key":"BloodPotion"},{"floor":3,"key":"SpeedPotion"},{"floor":7,"key":"GamblersBrew"},{"floor":14,"key":"Fire Potion"}],"is_trial":false,"path_per_floor":["M","M","M","$","M","R","E","?","T","E","R","$","?","E","R","B",null,"M"],"character_chosen":"IRONCLAD","items_purchased":["Shrug It Off","Inflame"],"campfire_rested":1,"item_purchase_floors":[4,12],"current_hp_per_floor":[53,59,60,60,63,63,28,53,53,55,55,55,44,31,68,20,61,0],"gold":210,"neow_bonus":"THREE_RARE_CARDS","is_prod":false,"is_daily":false,"chose_seed":false,"campfire_upgraded":2,"win_rate":0,"timestamp":1544709220,"path_taken":["M","M","M","$","M","R","E","?","T","E","R","$","?","E","R","BOSS","M"],"build_version":"2018-12-06","purchased_purges":1,"victory":false,"max_hp_per_floor":[75,75,75,75,75,75,75,75,75,75,75,75,75,75,75,75,75,75],"card_choices":[{"not_picked":["Double Tap","Barricade"],"picked":"Immolate","floor":0},{"not_picked":["Whirlwind","Warcry"],"picked":"Iron Wave","floor":1},{"not_picked":["Cleave","Twin Strike"],"picked":"Clothesline","floor":2},{"not_picked":["Inflame","Battle Trance"],"picked":"Armaments","floor":3},{"not_picked":["Pommel Strike","Anger","Carnage"],"picked":"SKIP","floor":5},{"not_picked":["Body Slam","Wild Strike"],"picked":"Shrug It Off","floor":7},{"not_picked":["Pommel Strike","Headbutt"],"picked":"Metallicize","floor":10},{"not_picked":["Pummel","Blood for Blood"],"picked":"Sword Boomerang","floor":14},{"not_picked":["Berserk","Dark Embrace"],"picked":"Double Tap","floor":16}],"player_experience":686836,"relics_obtained":[{"floor":7,"key":"Smiling Mask"},{"floor":9,"key":"Whetstone"},{"floor":10,"key":"Omamori"},{"floor":14,"key":"Regal Pillow"}],"event_choices":[{"damage_healed":25,"gold_gain":0,"player_choice":"Banana","damage_taken":0,"max_hp_gain":0,"max_hp_loss":0,"event_name":"Big Fish","floor":8,"gold_loss":0},{"damage_healed":0,"gold_gain":75,"player_choice":"Gather Gold","damage_taken":11,"max_hp_gain":0,"max_hp_loss":0,"event_name":"World of Goop","floor":13,"gold_loss":0}],"is_beta":false,"boss_relics":[{"not_picked":["Busted Crown","Empty Cage"],"picked":"Black Star"}],"items_purged_floors":[4],"is_endless":false,"potions_floor_spawned":[1,3,7,10,14],"killed_by":"3 Byrds","ascension_level":20}