{"gold_per_floor":[109,109,126,126,126,155,155,171,198,228,240,259,106,133,133,209,209,220,20,20,36,48,48,48],"floor_reached":24,"playtime":972,"items_purged":["Strike_G"],"score":482,"play_id":"c02ef3b4-4001-4273-a3cd-977ec5f16989","local_time":"20181210125020","is_ascension_mode":true,"campfire_choices":[{"data":"All Out Attack","floor":7,"key":"SMITH"},{"data":"Glass Knife","floor":15,"key":"SMITH"},{"floor":23,"key":"REST"}],"neow_cost":"NONE","seed_source_timestamp":1385753288889649,"circlet_count":0,"master_deck":["AscendersBane","Defend_G","Defend_G","Defend_G","Defend_G","Defend_G","Strike_G","Strike_G","Strike_G","Strike_G","Survivor","Neutralize+1","Dagger Throw","Underhanded Strike","All Out Attack+1","Backflip","Glass Knife+1","Footwork","Tools of the Trade","Noxious Fumes","Apotheosis","Underhanded Strike"],"relics":["Ring of the Snake","NeowsBlessing","Omamori","Incense Burner","Bag of Preparation","Darkstone Periapt","Mummified Hand","Black Star"],"potions_floor_usage":[16,16,16,16,24,24],"damage_taken":[{"damage":0,"enemies":"Cultist","floor":1,"turns":1},{"damage":0,"enemies":"Jaw Worm","floor":3,"turns":1},{"damage":0,"enemies":"Gremlin Nob","floor":6,"turns":1},{"damage":4,"enemies":"Small Slimes","floor":8,"turns":3},{"damage":26,"enemies":"3 Sentries","floor":10,"turns":7},{"damage":1,"enemies":"Exordium Thugs","floor":11,"turns":3},{"damage":1,"enemies":"Looter","floor":12,"turns":4},{"damage":14,"enemies":"Lagavulin","floor":14,"turns":7},{"damage":13,"enemies":"Hexaghost","floor":16,"turns":14},{"damage":8,"enemies":"Spheric Guardian","floor":18,"turns":5},{"damage":10,"enemies":"Shell Parasite","floor":21,"turns":6},{"damage":28,"enemies":"Cultist and Chosen","floor":22,"turns":5},{"damage":33,"enemies":"Book of Stabbing","floor":24,"turns":4}],"seed_played":"713160113756669013","potions_obtained":[{"floor":6,"key":"GamblersBrew"},{"floor":10,"key":"EntropicBrew"},{"floor":14,"key":"AttackPotion"},{"floor":16,"key":"EntropicBrew"}],"is_trial":false,"path_per_floor":["M","?","M","?","?","E","R","M","T","E","M","M","$","E","R","B",null,"M","$","?","M","M","R","E"],"character_chosen":"THE_SILENT","items_purchased":["Footwork","Apotheosis"],"campfire_rested":1,"item_purchase_floors":[13,19],"current_hp_per_floor":[59,59,59,64,64,64,64,60,60,34,33,32,32,18,18,5,55,47,47,47,37,9,30,0],"gold":48,"neow_bonus":"THREE_ENEMY_KILL","is_prod":false,"is_daily":false,"chose_seed":false,"campfire_upgraded":2,"win_rate":0,"timestamp":1544464220,"path_taken":["M","?","M","?","?","E","R","M","T","E","M","?","$","E","R","BOSS","M","$","?","M","M","R","E"],"build_version":"2018-12-06","purchased_purges":1,"victory":false,"max_hp_per_floor":[66,66,66,71,71,71,71,71,71,71,71,71,71,71,71,71,71,71,71,71,71,71,71,71],"card_choices":[{"not_picked":["Acrobatics","Bane"],"picked":"Dagger Throw","floor":1},{"not_picked":["Slice","Prepared"],"picked":"Underhanded Strike","floor":3},{"not_picked":["Underhanded Strike","Sucker Punch"],"picked":"All Out Attack","floor":6},{"not_picked":["Bane","Dodge and Roll"],"picked":"Backflip","floor":8},{"not_picked":["Sucker Punch","Slice","Underhanded Strike"],"picked":"SKIP","floor":10},{"not_picked":["Sucker Punch","Catalyst","Dagger Spray"],"picked":"SKIP","floor":11},{"not_picked":["Sucker Punch","Riddle With Holes"],"picked":"Glass Knife","floor":12},{"not_picked":["Underhanded Strike","Flechettes","Sucker Punch"],"picked":"SKIP","floor":14},{"not_picked":["Bullet Time","Unload"],"picked":"Tools of the Trade","floor":16},{"not_picked":["Cloak And Dagger","Dagger Spray"],"picked":"Noxious Fumes","floor":18},{"not_picked":["Prepared","Flying Knee"],"picked":"Underhanded Strike","floor":21},{"not_picked":["Escape Plan","Riddle With Holes","Bane+1"],"picked":"SKIP","floor":22}],"player_experience":672261,"relics_obtained":[{"floor":5,"key":"Omamori"},{"floor":6,"key":"Incense Burner"},{"floor":9,"key":"Bag of Preparation"},{"floor":10,"key":"Darkstone Periapt"},{"floor":14,"key":"Mummified Hand"}],"event_choices":[{"damage_healed":0,"gold_gain":0,"player_choice":"Grow","damage_taken":0,"max_hp_gain":0,"max_hp_loss":0,"event_name":"Living Wall","floor":2,"gold_loss":0,"cards_upgraded":["Neutralize"]},{"damage_healed":0,"gold_gain":0,"player_choice":"Donut","damage_taken":0,"max_hp_gain":5,"max_hp_loss":0,"event_name":"Big Fish","floor":4,"gold_loss":0},{"damage_healed":0,"gold_gain":0,"player_choice":"Relic","damage_taken":0,"max_hp_gain":0,"max_hp_loss":0,"event_name":"Wheel of Change","floor":5,"gold_loss":0},{"damage_healed":0,"gold_gain":0,"player_choice":"Smashed Altar","damage_taken":0,"max_hp_gain":0,"max_hp_loss":0,"event_name":"Forgotten Altar","floor":20,"gold_loss":0,"cards_obtained":["Decay"]}],"is_beta":false,"boss_relics":[{"not_picked":["Snecko Eye","Empty Cage"],"picked":"Black Star"}],"items_purged_floors":[13],"is_endless":false,"potions_floor_spawned":[6,10,14,16],"killed_by":"Book of Stabbing","ascension_level":20}