{"gold_per_floor":[115,40,115,125,135,135,168,168,168,180,180,180,206,220,220,294,344,358,376,291,291,48,48,79,79,79,97,97,112,112,124,124,124],"floor_reached":33,"playtime":1177,"items_purged":["Strike_G"],"score":517,"play_id":"fd2adf32-5b8e-498a-91f7-09ef04f0a9e2","local_time":"20181020203130","is_ascension_mode":true,"campfire_choices":[{"data":"Deadly Poison","floor":6,"key":"SMITH"},{"data":"Neutralize","floor":8,"key":"SMITH"},{"data":"Infinite Blades","floor":11,"key":"SMITH"},{"floor":15,"key":"DIG"},{"floor":23,"key":"REST"},{"floor":28,"key":"REST"},{"data":"Cloak And Dagger","floor":30,"key":"SMITH"},{"floor":32,"key":"REST"}],"neow_cost":"NONE","seed_source_timestamp":257303951795067,"circlet_count":0,"master_deck":["Defend_G","Defend_G","Defend_G","Defend_G","Defend_G","Strike_G+1","Strike_G","Strike_G","Survivor","Neutralize+1","AscendersBane","Deadly Poison+1","Backflip","Poisoned Stab","Infinite Blades+1","Dash+1","Backflip","A Thousand Cuts","Cloak And Dagger+1","Endless Agony","Noxious Fumes+1","Backstab","Endless Agony","Dagger Spray+1"],"relics":["Ring of the Snake","Shovel","Shuriken","Odd Mushroom","Mercury Hourglass","Tiny House","Bronze Scales","MutagenicStrength","Lantern","Omamori","Ancient Tea Set"],"potions_floor_usage":[7,16,18,24,24,27],"damage_taken":[{"damage":0,"enemies":"2 Louse","floor":1,"turns":3},{"damage":0,"enemies":"Jaw Worm","floor":4,"turns":4},{"damage":0,"enemies":"Small Slimes","floor":5,"turns":6},{"damage":16,"enemies":"3 Sentries","floor":7,"turns":11},{"damage":5,"enemies":"3 Louse","floor":10,"turns":4},{"damage":17,"enemies":"The Mushroom Lair","floor":13,"turns":5},{"damage":3,"enemies":"Looter","floor":14,"turns":3},{"damage":4,"enemies":"Hexaghost","floor":16,"turns":8},{"damage":7,"enemies":"3 Byrds","floor":18,"turns":4},{"damage":25,"enemies":"Chosen","floor":19,"turns":5},{"damage":23,"enemies":"Slavers","floor":24,"turns":3},{"damage":8,"enemies":"Snecko","floor":27,"turns":4},{"damage":13,"enemies":"Sentry and Sphere","floor":29,"turns":4},{"damage":23,"enemies":"Shelled Parasite and Fungi","floor":31,"turns":3},{"damage":38,"enemies":"Champ","floor":33,"turns":8}],"seed_played":"1588645113523863957","potions_obtained":[{"floor":4,"key":"GhostInAJar"},{"floor":5,"key":"Dexterity Potion"},{"floor":14,"key":"Ancient Potion"},{"floor":16,"key":"Swift Potion"},{"floor":17,"key":"AttackPotion"},{"floor":18,"key":"PowerPotion"},{"floor":19,"key":"AttackPotion"},{"floor":27,"key":"Fruit Juice"}],"is_trial":false,"path_per_floor":["M","?","?","M","M","R","E","R","T","M","R","?","?","M","R","B",null,"M","M","?","?","$","R","E","?","T","M","R","M","R","M","R"],"character_chosen":"THE_SILENT","items_purchased":["Lantern"],"campfire_rested":3,"item_purchase_floors":[22],"current_hp_per_floor":[65,65,54,54,54,54,38,38,38,33,33,33,16,13,13,9,61,54,29,29,29,29,52,29,29,29,26,50,37,37,14,38,0],"gold":124,"neow_bonus":"TEN_PERCENT_HP_BONUS","is_prod":false,"is_daily":false,"chose_seed":false,"campfire_upgraded":4,"win_rate":0,"timestamp":1540081890,"path_taken":["M","?","?","M","M","R","E","R","T","M","R","?","?","M","R","BOSS","M","M","?","?","?","R","E","?","T","M","R","M","R","M","R","BOSS"],"build_version":"2018-10-18","purchased_purges":1,"victory":false,"max_hp_per_floor":[72,72,72,72,72,72,72,72,72,72,72,72,72,72,72,72,77,77,77,77,77,77,77,77,77,77,82,82,82,82,82,82,82],"card_choices":[{"not_picked":["Blade Dance","Sucker Punch"],"picked":"Deadly Poison","floor":1},{"not_picked":["Caltrops","Choke"],"picked":"Backflip","floor":4},{"not_picked":["Dodge and Roll","PiercingWail"],"picked":"Poisoned Stab","floor":5},{"not_picked":["Distraction","Blur"],"picked":"Infinite Blades","floor":7},{"not_picked":["Crippling Poison","Terror"],"picked":"Dash","floor":10},{"not_picked":["Riddle With Holes","Dash"],"picked":"Backflip","floor":13},{"not_picked":["Outmaneuver","Dagger Throw","Dodge and Roll"],"picked":"SKIP","floor":14},{"not_picked":["Wraith Form v2","Glass Knife"],"picked":"A Thousand Cuts","floor":16},{"not_picked":["Dodge and Roll","Underhanded Strike"],"picked":"Cloak And Dagger","floor":17},{"not_picked":["Dagger Spray","Quick Slash"],"picked":"Endless Agony","floor":18},{"not_picked":["Cloak And Dagger","Flechettes"],"picked":"Noxious Fumes+1","floor":19},{"not_picked":["Deadly Poison","Blur"],"picked":"Backstab","floor":24},{"not_picked":["Setup","Quick Slash+1"],"picked":"Endless Agony","floor":27},{"not_picked":["Deadly Poison","Bane","Sucker Punch"],"picked":"SKIP","floor":29},{"not_picked":["Deadly Poison","Bane"],"picked":"Dagger Spray+1","floor":31}],"player_experience":587776,"relics_obtained":[{"floor":7,"key":"Shovel"},{"floor":9,"key":"Shuriken"},{"floor":13,"key":"Odd Mushroom"},{"floor":15,"key":"Mercury Hourglass"},{"floor":24,"key":"Omamori"},{"floor":26,"key":"Ancient Tea Set"}],"event_choices":[{"cards_removed":["Strike_G"],"damage_healed":0,"gold_gain":0,"player_choice":"Card Removal","damage_taken":0,"max_hp_gain":0,"max_hp_loss":0,"event_name":"The Cleric","floor":2,"gold_loss":75},{"damage_healed":0,"gold_gain":75,"player_choice":"Gather Gold","damage_taken":11,"max_hp_gain":0,"max_hp_loss":0,"event_name":"World of Goop","floor":3,"gold_loss":0},{"damage_healed":0,"gold_gain":0,"player_choice":"Grow","damage_taken":0,"max_hp_gain":0,"max_hp_loss":0,"event_name":"Living Wall","floor":12,"gold_loss":0,"cards_upgraded":["Dash"]},{"damage_healed":0,"gold_gain":0,"player_choice":"Fought Mushrooms","damage_taken":0,"max_hp_gain":0,"max_hp_loss":0,"event_name":"Mushrooms","floor":13,"gold_loss":0},{"damage_healed":0,"gold_gain":0,"player_choice":"Obtained Relic","damage_taken":0,"relics_obtained":["Bronze Scales"],"max_hp_gain":0,"max_hp_loss":0,"event_name":"Addict","floor":20,"gold_loss":85},{"damage_healed":0,"gold_gain":0,"player_choice":"Inject Mutagens","damage_taken":0,"relics_obtained":["MutagenicStrength"],"max_hp_gain":0,"max_hp_loss":0,"event_name":"Drug Dealer","floor":21,"gold_loss":0},{"damage_healed":0,"gold_gain":0,"player_choice":"Smashed Altar","damage_taken":0,"max_hp_gain":0,"max_hp_loss":0,"event_name":"Forgotten Altar","floor":25,"gold_loss":0,"cards_obtained":["Decay"]}],"is_beta":false,"boss_relics":[{"not_picked":["Calling Bell","Velvet Choker"],"picked":"Tiny House"}],"items_purged_floors":[22],"is_endless":false,"potions_floor_spawned":[4,5,14,16,18,19,27],"killed_by":"Champ","ascension_level":19}