{"gold_per_floor":[117,32,52,52,64,91,91,119,119,119,147,167,16,49,49,122,122,134,134,134,134,159,171,218,230,267,293,305,333,345,368,380,392],"floor_reached":33,"playtime":1289,"items_purged":["Strike_G"],"score":571,"play_id":"01f3e514-8163-4d47-bff0-55c2adfdea10","local_time":"20181021135645","is_ascension_mode":true,"campfire_choices":[{"floor":7,"key":"REST"},{"data":"Cloak And Dagger","floor":10,"key":"SMITH"},{"data":"Footwork","floor":15,"key":"SMITH"},{"data":"Crippling Poison","floor":23,"key":"SMITH"},{"floor":25,"key":"REST"},{"data":"Die Die Die","floor":28,"key":"SMITH"},{"floor":30,"key":"REST"},{"data":"A Thousand Cuts","floor":32,"key":"SMITH"}],"neow_cost":"NONE","seed_source_timestamp":319907448838801,"circlet_count":0,"master_deck":["Defend_G","Defend_G","Defend_G","Defend_G","Defend_G","Strike_G","Strike_G","Strike_G","Strike_G","Survivor","Neutralize","AscendersBane","Deadly Poison","Footwork+1","Cloak And Dagger+1","Quick Slash","Leg Sweep","Crippling Poison+1","All Out Attack","Infinite Blades","Die Die Die+1","Terror","A Thousand Cuts+1","Accuracy","RitualDagger","Backstab","Dagger Spray","Dodge and Roll+1","Backflip"],"relics":["Ring of the Serpent","NeowsBlessing","Pen Nib","Thread and Needle","Bottled Tornado","Matryoshka","Shuriken","MutagenicStrength","MawBank","Bottled Lightning","Bottled Flame","Bronze Scales","Potion Belt"],"potions_floor_usage":[8,14,14,16,33,33],"damage_taken":[{"damage":0,"enemies":"Cultist","floor":1,"turns":1},{"damage":0,"enemies":"2 Louse","floor":3,"turns":1},{"damage":0,"enemies":"Small Slimes","floor":5,"turns":1},{"damage":44,"enemies":"Lagavulin","floor":6,"turns":13},{"damage":5,"enemies":"3 Sentries","floor":8,"turns":4},{"damage":2,"enemies":"Lagavulin","floor":11,"turns":10},{"damage":0,"enemies":"Blue Slaver","floor":12,"turns":5},{"damage":4,"enemies":"Gremlin Nob","floor":14,"turns":3},{"damage":2,"enemies":"Hexaghost","floor":16,"turns":9},{"damage":6,"enemies":"Shell Parasite","floor":18,"turns":5},{"damage":0,"enemies":"Chosen","floor":22,"turns":7},{"damage":34,"enemies":"Gremlin Leader","floor":24,"turns":7},{"damage":3,"enemies":"Centurion and Healer","floor":27,"turns":5},{"damage":12,"enemies":"Snake Plant","floor":29,"turns":3},{"damage":9,"enemies":"Cultist and Chosen","floor":31,"turns":6},{"damage":39,"enemies":"Collector","floor":33,"turns":7}],"seed_played":"4509152010323397807","potions_obtained":[{"floor":6,"key":"SkillPotion"},{"floor":8,"key":"Strength Potion"},{"floor":11,"key":"AttackPotion"},{"floor":16,"key":"Fruit Juice"},{"floor":29,"key":"Strength Potion"},{"floor":31,"key":"EssenceOfSteel"}],"is_trial":false,"path_per_floor":["M","$","M","?","M","E","R","E","T","R","E","M","$","E","R","B",null,"M","?","?","T","M","R","E","R","T","M","R","M","R","M","R"],"character_chosen":"THE_SILENT","items_purchased":["Footwork","Die Die Die"],"campfire_rested":3,"item_purchase_floors":[2,13],"current_hp_per_floor":[59,59,59,64,64,20,41,36,36,36,34,34,34,30,30,33,65,59,53,53,53,53,53,19,41,41,38,38,26,48,39,39,0],"gold":392,"neow_bonus":"THREE_ENEMY_KILL","is_prod":false,"is_daily":false,"chose_seed":false,"campfire_upgraded":5,"win_rate":0,"timestamp":1540144605,"path_taken":["M","?","?","?","M","E","R","E","T","R","E","M","$","E","R","BOSS","M","?","?","?","M","R","E","R","T","?","R","M","R","M","R","BOSS"],"build_version":"2018-10-18","purchased_purges":1,"victory":false,"max_hp_per_floor":[66,66,66,71,71,71,71,71,71,71,71,71,71,71,71,76,76,76,76,76,76,76,76,76,76,76,76,76,76,76,76,76,76],"card_choices":[{"not_picked":["Blade Dance","Bane"],"picked":"Deadly Poison","floor":1},{"not_picked":["Dodge and Roll","Outmaneuver"],"picked":"Cloak And Dagger","floor":3},{"not_picked":["Sucker Punch","Dagger Throw"],"picked":"Quick Slash","floor":5},{"not_picked":["Bane","Blade Dance"],"picked":"Leg Sweep","floor":6},{"not_picked":["Dagger Throw","Outmaneuver"],"picked":"Crippling Poison","floor":8},{"not_picked":["Heel Hook","Eviscerate"],"picked":"All Out Attack","floor":11},{"not_picked":["Flying Knee","Backstab"],"picked":"Infinite Blades","floor":12},{"not_picked":["Heel Hook","Finisher"],"picked":"Terror","floor":14},{"not_picked":["Corpse Explosion","Envenom"],"picked":"A Thousand Cuts","floor":16},{"not_picked":["Crippling Poison","Deadly Poison"],"picked":"Accuracy","floor":18},{"not_picked":["Deflect","Acrobatics"],"picked":"Backstab","floor":22},{"not_picked":["Flechettes","Deadly Poison"],"picked":"Dagger Spray","floor":24},{"not_picked":["Dagger Spray","Bane","Underhanded Strike+1"],"picked":"SKIP","floor":27},{"not_picked":["Crippling Poison","Envenom"],"picked":"Dodge and Roll+1","floor":29},{"not_picked":["Choke","Bane"],"picked":"Backflip","floor":31}],"player_experience":592196,"relics_obtained":[{"floor":6,"key":"Pen Nib"},{"floor":8,"key":"Thread and Needle"},{"floor":9,"key":"Bottled Tornado"},{"floor":11,"key":"Matryoshka"},{"floor":14,"key":"Shuriken"},{"floor":21,"key":"MawBank"},{"floor":21,"key":"Bottled Lightning"},{"floor":24,"key":"Bottled Flame"},{"floor":26,"key":"Bronze Scales"},{"floor":26,"key":"Potion Belt"}],"event_choices":[{"damage_healed":0,"gold_gain":0,"player_choice":"Donut","damage_taken":0,"max_hp_gain":5,"max_hp_loss":0,"event_name":"Big Fish","floor":4,"gold_loss":0},{"damage_healed":0,"gold_gain":0,"player_choice":"Joined the Cult","damage_taken":6,"max_hp_gain":0,"max_hp_loss":0,"event_name":"Nest","floor":19,"gold_loss":0,"cards_obtained":["RitualDagger"]},{"damage_healed":0,"gold_gain":0,"player_choice":"Inject Mutagens","damage_taken":0,"relics_obtained":["MutagenicStrength"],"max_hp_gain":0,"max_hp_loss":0,"event_name":"Drug Dealer","floor":20,"gold_loss":0}],"is_beta":false,"boss_relics":[{"not_picked":["Tiny House","Philosopher\u0027s Stone"],"picked":"Ring of the Serpent"}],"items_purged_floors":[13],"is_endless":false,"potions_floor_spawned":[6,8,11,16,29,31],"killed_by":"Collector","ascension_level":19}