{"gold_per_floor":[111,121,121,134,148,182,33,33,33,366,366,393,393,421,421,519,519,519,369,294,569,54,54],"floor_reached":23,"playtime":888,"items_purged":["Strike_B","Strike_B","Regret"],"score":318,"play_id":"70cb1776-78d4-4a5a-96a9-2c847bfcb199","local_time":"20180810095416","is_ascension_mode":true,"campfire_choices":[{"floor":8,"key":"REST"},{"floor":13,"key":"REST"},{"data":"Defragment","floor":15,"key":"SMITH"}],"neow_cost":"","seed_source_timestamp":472181119538127,"circlet_count":0,"master_deck":["Strike_B","Defend_B","Defend_B","Defend_B","Defend_B","Zap","Dualcast","AscendersBane","Redo+1","FTL","Stack","Beam Cell","Sunder","Defragment+1","Static Discharge","Leap","Chill","Fission","Sweeping Beam","Panacea"],"relics":["Cracked Core","Dream Catcher","Blue Candle","Old Coin","Happy Flower","Odd Mushroom","Orichalcum","Eternal Feather","Turnip"],"potions_floor_usage":[6,6,16,18],"damage_taken":[{"damage":2,"enemies":"2 Louse","floor":1,"turns":2},{"damage":0,"enemies":"Small Slimes","floor":2,"turns":2},{"damage":1,"enemies":"Cultist","floor":4,"turns":3},{"damage":8,"enemies":"Blue Slaver","floor":5,"turns":3},{"damage":25,"enemies":"3 Sentries","floor":6,"turns":6},{"damage":17,"enemies":"Lagavulin","floor":10,"turns":6},{"damage":11,"floor":12,"turns":4},{"damage":9,"enemies":"Gremlin Nob","floor":14,"turns":3},{"damage":25,"enemies":"The Guardian","floor":16,"turns":10},{"damage":0,"enemies":"Chosen","floor":18,"turns":4},{"damage":60,"enemies":"Gremlin Leader","floor":23,"turns":7}],"seed_played":"-7329906870490535148","potions_obtained":[{"floor":2,"key":"Block Potion"},{"floor":4,"key":"LiquidBronze"},{"floor":12,"key":"Block Potion"},{"floor":14,"key":"SmokeBomb"}],"is_trial":false,"path_per_floor":["M","M","?","M","M","E","$","R","T","E","?","?","R","E","R","B",null,"M","$","?","?","$"],"character_chosen":"DEFECT","items_purchased":["Defragment","Sweeping Beam","Turnip","Panacea"],"campfire_rested":2,"item_purchase_floors":[7,19,22,22],"current_hp_per_floor":[66,66,66,65,57,32,32,54,54,37,37,26,48,39,39,14,60,60,60,60,60,60,0],"gold":54,"neow_bonus":"","is_prod":false,"is_daily":false,"chose_seed":false,"campfire_upgraded":1,"win_rate":0,"timestamp":1533909256,"path_taken":["M","M","?","?","M","E","$","R","T","E","?","?","R","E","R","BOSS","M","$","?","?","$","E"],"build_version":"2018-08-09","purchased_purges":3,"victory":false,"max_hp_per_floor":[75,75,75,75,75,75,75,75,75,75,75,75,75,75,75,75,75,75,75,75,75,75,75],"card_choices":[{"not_picked":["Storm","Fusion"],"picked":"Redo","floor":1},{"not_picked":["Conserve Battery","Gash"],"picked":"FTL","floor":2},{"not_picked":["Sweeping Beam","Barrage"],"picked":"Stack","floor":4},{"not_picked":["Fusion","Scrape"],"picked":"Beam Cell","floor":5},{"not_picked":["Cold Snap","Barrage"],"picked":"Sunder","floor":6},{"not_picked":["Barrage","Buffer"],"picked":"Static Discharge","floor":8},{"not_picked":["Force Field","Compile Driver"],"picked":"Leap","floor":10},{"not_picked":["Stack","Gash"],"picked":"Chill","floor":14},{"not_picked":["Amplify","Echo Form"],"picked":"Fission","floor":16}],"player_experience":443262,"relics_obtained":[{"floor":6,"key":"Dream Catcher"},{"floor":9,"key":"Blue Candle"},{"floor":10,"key":"Old Coin"},{"floor":12,"key":"Odd Mushroom"},{"floor":14,"key":"Orichalcum"}],"event_choices":[{"event_name":"Living Wall","player_choice":"Grow","floor":3,"damage_taken":0},{"event_name":"Wheel of Change","player_choice":"Relic","floor":11,"damage_taken":0},{"event_name":"Mushrooms","player_choice":"Fought Mushrooms","floor":12,"damage_taken":0},{"event_name":"Beggar","player_choice":"Gave Gold","floor":20,"damage_taken":0},{"event_name":"Golden Shrine","player_choice":"Desecrate","floor":21,"damage_taken":0}],"is_beta":false,"boss_relics":[{"not_picked":["White Beast Statue","FrozenCore"],"picked":"Eternal Feather"}],"items_purged_floors":[7,19,22],"is_endless":false,"potions_floor_spawned":[2,4,12,14],"killed_by":"Gremlin Leader","ascension_level":11}