{"gold_per_floor":[113,363,363,363,438,457,476,495,495,495,495,509,181,196,196,196],"floor_reached":16,"playtime":611,"items_purged":["Normality"],"score":92,"play_id":"3677ab2a-8aab-4430-9318-b987d5cdfbb9","local_time":"20180701220314","is_ascension_mode":false,"campfire_choices":[{"floor":11,"key":"REST"},{"floor":15,"key":"REST"}],"neow_cost":"NONE","seed_source_timestamp":859054278654972,"circlet_count":0,"master_deck":["Strike_B+1","Strike_B","Strike_B","Defend_B","Defend_B+1","Defend_B","Defend_B","Zap","Dualcast","Leap","Regret","Rebound","Ball Lightning","Glacier","Conserve Battery+1","Compile Driver"],"relics":["Cracked Core","Juzu Bracelet","Happy Flower","Toxic Egg 2","Toolbox"],"potions_floor_usage":[],"damage_taken":[{"damage":1,"enemies":"Cultist","floor":1,"turns":3},{"damage":2,"enemies":"2 Louse","floor":6,"turns":3},{"damage":2,"enemies":"Small Slimes","floor":7,"turns":3},{"damage":17,"enemies":"Gremlin Gang","floor":8,"turns":4},{"damage":7,"enemies":"Blue Slaver","floor":12,"turns":4},{"damage":3,"enemies":"Exordium Thugs","floor":14,"turns":6},{"damage":54,"enemies":"Hexaghost","floor":16,"turns":10}],"seed_played":"3614885141809445722","potions_obtained":[{"floor":1,"key":"Block Potion"},{"floor":12,"key":"Poison Potion"},{"floor":14,"key":"FearPotion"}],"is_trial":false,"path_per_floor":["M","?","?","?","?","M","M","M","T","?","R","M","$","M","R"],"character_chosen":"DEFECT","items_purchased":["Toolbox"],"campfire_rested":2,"item_purchase_floors":[13],"current_hp_per_floor":[74,74,74,67,56,54,52,35,35,20,42,35,35,32,54,0],"gold":196,"neow_bonus":"RANDOM_COMMON_RELIC","is_prod":false,"is_daily":false,"chose_seed":false,"campfire_upgraded":0,"win_rate":0,"timestamp":1530457394,"path_taken":["M","?","?","?","?","M","M","M","T","?","R","M","$","M","R","BOSS"],"build_version":"2018-06-28","purchased_purges":1,"victory":false,"max_hp_per_floor":[75,75,75,75,75,75,75,75,75,75,75,75,75,75,75,75],"card_choices":[{"not_picked":["Recycle","Tempest"],"picked":"Leap","floor":1},{"not_picked":["Redo","Skim"],"picked":"Rebound","floor":6},{"not_picked":["Stack","Cold Snap"],"picked":"Ball Lightning","floor":7},{"not_picked":["Cold Snap","Sweeping Beam"],"picked":"Glacier","floor":8},{"not_picked":["Loop","Streamline"],"picked":"Conserve Battery+1","floor":12},{"not_picked":["Sweeping Beam","Doom and Gloom"],"picked":"Compile Driver","floor":14}],"player_experience":26160,"relics_obtained":[{"floor":9,"key":"Toxic Egg 2"}],"event_choices":[{"event_name":"Golden Shrine","player_choice":"Desecrate","floor":2,"damage_taken":0},{"event_name":"Accursed Blacksmith","player_choice":"Rummage","floor":3,"damage_taken":0},{"event_name":"Golden Wing","player_choice":"Card Removal","floor":4,"damage_taken":0},{"event_name":"World of Goop","player_choice":"Gather Gold","floor":5,"damage_taken":0},{"event_name":"Shining Light","player_choice":"Entered Light","floor":10,"damage_taken":0}],"boss_relics":[],"items_purged_floors":[13],"is_endless":false,"potions_floor_spawned":[1,12,14],"killed_by":"Hexaghost","ascension_level":0}