{"path_per_floor":["M","?","?","M","?","R","$","?","T","M","?","M","R","E","R"],"character_chosen":"DEFECT","items_purchased":["Loop"],"gold_per_floor":[116,81,81,96,171,171,25,25,25,44,44,56,56,88,88,88],"floor_reached":16,"campfire_rested":1,"playtime":511,"item_purchase_floors":[7],"current_hp_per_floor":[55,73,58,51,40,40,40,40,40,42,42,31,54,45,45,0],"items_purged":["Strike_B"],"gold":88,"score":127,"play_id":"3f241578-4d60-4a9d-a746-7b968cfc3acd","local_time":"20180616234100","is_prod":false,"is_daily":false,"chose_seed":false,"is_ascension_mode":true,"campfire_upgraded":2,"win_rate":0,"timestamp":1529210460,"campfire_choices":[{"data":"Genetic Algorithm","floor":6,"key":"SMITH"},{"floor":13,"key":"REST"},{"data":"White Noise","floor":15,"key":"SMITH"}],"path_taken":["M","?","?","?","?","R","$","?","T","?","?","M","R","E","R","BOSS"],"build_version":"2018-06-14v2","seed_source_timestamp":2665052062139265,"purchased_purges":1,"victory":false,"master_deck":["Strike_B","Strike_B","Strike_B","Defend_B","Defend_B","Defend_B","Defend_B","Zap","Dualcast","Chaos+1","Capacitor","Doom and Gloom+1","Go for the Eyes","Stack+1","Genetic Algorithm+1","Loop","Machine Learning","White Noise+1"],"max_hp_per_floor":[75,75,75,75,75,75,75,75,75,77,77,77,77,79,79,79],"relics":["Orrery","Singing Bowl","Prayer Wheel"],"card_choices":[{"not_picked":["Blizzard","Barrage"],"picked":"Chaos","floor":0},{"not_picked":["Ball Lightning","Recycle"],"picked":"Capacitor","floor":0},{"not_picked":["Rebound","Buffer"],"picked":"Doom and Gloom","floor":0},{"not_picked":["Turbo","Stack"],"picked":"Go for the Eyes","floor":0},{"not_picked":["Force Field","Redo"],"picked":"Stack","floor":0},{"not_picked":["Steam","Hello World","Redo"],"picked":"SKIP","floor":1},{"not_picked":["Stack","Reinforced Body"],"picked":"Genetic Algorithm","floor":4},{"not_picked":["Reinforced Body","Go for the Eyes","Beam Cell"],"picked":"Singing Bowl","floor":10},{"not_picked":["Loop","Coolheaded"],"picked":"White Noise","floor":12},{"not_picked":["Doom and Gloom","Skim","Hologram"],"picked":"Singing Bowl","floor":14}],"player_experience":393237,"potions_floor_usage":[14,16,16],"damage_taken":[{"damage":13,"enemies":"Small Slimes","floor":1,"turns":4},{"damage":7,"enemies":"2 Louse","floor":4,"turns":2},{"damage":0,"enemies":"Cultist","floor":10,"turns":3},{"damage":11,"enemies":"Large Slime","floor":12,"turns":6},{"damage":11,"enemies":"Lagavulin","floor":14,"turns":7},{"damage":45,"enemies":"The Guardian","floor":16,"turns":9}],"relics_obtained":[{"floor":9,"key":"Singing Bowl"},{"floor":14,"key":"Prayer Wheel"}],"event_choices":[{"event_name":"The Cleric","player_choice":"Healed","floor":2,"damage_taken":0},{"event_name":"Shining Light","player_choice":"Entered Light","floor":3,"damage_taken":0},{"event_name":"World of Goop","player_choice":"Gather Gold","floor":5,"damage_taken":0},{"event_name":"Living Wall","player_choice":"Grow","floor":8,"damage_taken":0},{"event_name":"Match and Keep!","player_choice":"1 cards matched","floor":11,"damage_taken":0}],"boss_relics":[],"items_purged_floors":[7],"is_endless":false,"potions_floor_spawned":[4,10,14],"seed_played":"8904740677023511199","killed_by":"The Guardian","ascension_level":6,"potions_obtained":[{"floor":4,"key":"Strength Potion"},{"floor":10,"key":"PowerPotion"},{"floor":14,"key":"PowerPotion"}],"is_trial":false}