{"gold_per_floor":[116,127,127,52,52,52,92,92,92,92,126,146,221,239,239,360,360,374,299,26,42,60,103,203,222,222,240,263,263,294,294,294,415,415,439,458,458,471,94,94,134,134,134,152,152,152,175,188,188,188],"floor_reached":51,"playtime":1981,"items_purged":["Injury","Defend_B","Strike_B"],"score":1115,"play_id":"0eca4ed9-6e21-45c6-87ef-9c45650a658e","local_time":"20180707101131","is_ascension_mode":true,"campfire_choices":[{"data":"Streamline","floor":6,"key":"SMITH"},{"data":"Beam Cell","floor":10,"key":"SMITH"},{"floor":15,"key":"REST"},{"floor":29,"key":"REST"},{"floor":32,"key":"REST"},{"floor":40,"key":"REST"},{"floor":42,"key":"REST"},{"floor":45,"key":"REST"},{"floor":49,"key":"REST"}],"neow_cost":"","seed_source_timestamp":1094163097680133,"circlet_count":0,"master_deck":["Strike_B","Defend_B","Defend_B","Defend_B","Zap","Dualcast","Streamline+1","Beam Cell+1","Streamline","All For One","Beam Cell+1","Conserve Battery","Beam Cell+1","Buffer","Leap+1","Gash+1","Hologram+1","Turbo+1","Gash+1","Steam+1","Go for the Eyes+1","All For One+1","Reinforced Body+1","Gash+1","All For One+1","Streamline+1","Gash+1","Writhe","Go for the Eyes+1"],"relics":["Cracked Core","Golden Idol","Potion Belt","Molten Egg 2","Bronze Scales","Fusion Hammer","Bag of Preparation","Mango","Bottled Lightning","Omamori","Cursed Key","Darkstone Periapt","Prayer Wheel","Pen Nib"],"potions_floor_usage":[16,18,23,30,30,30,30,30,30,33,41,50,50,50,50],"damage_taken":[{"damage":1,"enemies":"Cultist","floor":1,"turns":4},{"damage":2,"enemies":"Jaw Worm","floor":2,"turns":3},{"damage":8,"enemies":"Gremlin Nob","floor":7,"turns":3},{"damage":30,"enemies":"Lagavulin","floor":11,"turns":4},{"damage":2,"enemies":"2 Louse","floor":12,"turns":2},{"damage":0,"enemies":"Large Slime","floor":14,"turns":3},{"damage":31,"enemies":"The Guardian","floor":16,"turns":9},{"damage":0,"enemies":"Chosen","floor":18,"turns":4},{"damage":2,"enemies":"Shell Parasite","floor":21,"turns":4},{"damage":18,"enemies":"Snecko","floor":22,"turns":4},{"damage":12,"enemies":"Slavers","floor":23,"turns":3},{"damage":21,"enemies":"Snake Plant","floor":25,"turns":2},{"damage":16,"enemies":"3 Cultists","floor":27,"turns":4},{"damage":0,"enemies":"Chosen and Byrds","floor":28,"turns":4},{"damage":0,"enemies":"Gremlin Leader","floor":30,"turns":6},{"damage":49,"enemies":"Automaton","floor":33,"turns":7},{"damage":0,"enemies":"3 Darklings","floor":35,"turns":4},{"damage":17,"enemies":"3 Shapes","floor":36,"turns":4},{"damage":2,"enemies":"Maw","floor":38,"turns":6},{"damage":18,"enemies":"Giant Head","floor":41,"turns":7},{"damage":10,"enemies":"4 Shapes","floor":44,"turns":3},{"damage":11,"enemies":"Sphere and 2 Shapes","floor":48,"turns":4},{"damage":1,"enemies":"Awakened One","floor":50,"turns":6}],"seed_played":"6714449364717359941","potions_obtained":[{"floor":11,"key":"LiquidBronze"},{"floor":16,"key":"Block Potion"},{"floor":18,"key":"Energy Potion"},{"floor":25,"key":"FocusPotion"},{"floor":28,"key":"EntropicBrew"},{"floor":33,"key":"SkillPotion"},{"floor":36,"key":"Dexterity Potion"},{"floor":44,"key":"SteroidPotion"},{"floor":48,"key":"Regen Potion"}],"is_trial":false,"path_per_floor":["M","M","?","$","?","R","E","$","T","R","E","M","?","M","R","B",null,"M","?","$","M","M","E","?","M","T","M","M","R","E","?","R","B",null,"M","M","?","M","$","R","E","R","T","M","R","?","T","M","R","B"],"character_chosen":"DEFECT","items_purchased":["Gash+1","Bag of Preparation","All For One+1","SkillPotion","Block Potion"],"campfire_rested":7,"item_purchase_floors":[20,20,39,39,39],"current_hp_per_floor":[67,65,65,65,65,65,57,57,57,57,27,25,14,14,36,5,58,58,58,58,56,38,40,40,19,19,3,3,29,29,29,55,6,68,68,51,51,49,49,75,57,83,83,73,89,89,95,84,95,94],"gold":188,"neow_bonus":"","is_prod":false,"is_daily":false,"chose_seed":false,"campfire_upgraded":2,"win_rate":0,"timestamp":1530976291,"path_taken":["M","?","?","$","?","R","E","$","T","R","E","?","?","M","R","BOSS","M","?","$","?","?","E","?","M","T","M","M","R","E","?","R","BOSS","M","M","?","M","?","R","E","R","T","M","R","?","?","M","R","BOSS"],"build_version":"2018-07-05","purchased_purges":3,"victory":true,"max_hp_per_floor":[75,75,75,75,75,75,75,75,75,75,75,75,75,75,75,75,75,75,75,75,75,75,89,89,89,89,89,89,89,89,89,89,89,89,89,89,89,89,89,89,89,89,89,89,89,89,95,95,95,95],"card_choices":[{"not_picked":["Turbo","Hologram"],"picked":"Streamline","floor":1},{"not_picked":["Hologram","Gash"],"picked":"Beam Cell","floor":2},{"not_picked":["Chaos","Recycle"],"picked":"All For One","floor":7},{"not_picked":["Skim","Compile Driver+1"],"picked":"Beam Cell+1","floor":11},{"not_picked":["Sweeping Beam+1","Turbo"],"picked":"Conserve Battery","floor":12},{"not_picked":["Static Discharge","Darkness"],"picked":"Beam Cell+1","floor":14},{"not_picked":["Fission","Hyperbeam+1"],"picked":"Buffer","floor":16},{"not_picked":["Streamline+1","Compile Driver+1"],"picked":"Leap+1","floor":18},{"not_picked":["Aggregate+1","Barrage+1","Force Field+1"],"picked":"SKIP","floor":21},{"not_picked":["Turbo","Double Energy"],"picked":"Hologram","floor":22},{"not_picked":["Undo","Coolheaded+1","Turbo"],"picked":"SKIP","floor":23},{"not_picked":["Streamline+1","Redo"],"picked":"Turbo+1","floor":25},{"not_picked":["Fission","Streamline+1"],"picked":"Gash+1","floor":27},{"not_picked":["Aggregate+1","Static Discharge+1"],"picked":"Steam+1","floor":28},{"not_picked":["Thunder Strike+1","Glacier+1"],"picked":"Go for the Eyes+1","floor":30},{"not_picked":["Meteor Strike+1","Multi-Cast"],"picked":"All For One+1","floor":33},{"not_picked":["BootSequence+1","Turbo+1","Conserve Battery"],"picked":"SKIP","floor":35},{"not_picked":["Static Discharge","Reprogram+1"],"picked":"Reinforced Body+1","floor":36},{"not_picked":["Aggregate+1","Conserve Battery"],"picked":"Gash+1","floor":38},{"not_picked":["Barrage+1","Force Field"],"picked":"Streamline+1","floor":41},{"not_picked":["Lockon+1","Recycle"],"picked":"Gash+1","floor":44},{"not_picked":["Coolheaded","Steam","Melter+1"],"picked":"SKIP","floor":44},{"not_picked":["Turbo+1","Static Discharge+1"],"picked":"Go for the Eyes+1","floor":48},{"not_picked":["Sunder+1","Cold Snap+1","Hello World"],"picked":"SKIP","floor":48}],"player_experience":422693,"relics_obtained":[{"floor":7,"key":"Potion Belt"},{"floor":9,"key":"Molten Egg 2"},{"floor":11,"key":"Bronze Scales"},{"floor":23,"key":"Mango"},{"floor":26,"key":"Bottled Lightning"},{"floor":30,"key":"Omamori"},{"floor":41,"key":"Darkstone Periapt"},{"floor":43,"key":"Prayer Wheel"},{"floor":47,"key":"Pen Nib"}],"event_choices":[{"event_name":"Golden Idol","player_choice":"Take Wound","floor":3,"damage_taken":0},{"event_name":"Living Wall","player_choice":"Change","floor":5,"damage_taken":0},{"event_name":"World of Goop","player_choice":"Gather Gold","floor":13,"damage_taken":0},{"event_name":"Beggar","player_choice":"Gave Gold","floor":19,"damage_taken":0},{"event_name":"Golden Shrine","player_choice":"Pray","floor":24,"damage_taken":0},{"event_name":"Accursed Blacksmith","player_choice":"Forge","floor":31,"damage_taken":0},{"event_name":"Tomb of Lord Red Mask","player_choice":"Ignored","floor":37,"damage_taken":0},{"event_name":"FaceTrader","player_choice":"Leave","floor":46,"damage_taken":0}],"boss_relics":[{"not_picked":["White Beast Statue","Inserter"],"picked":"Fusion Hammer"},{"not_picked":["Black Star","Calling Bell"],"picked":"Cursed Key"}],"items_purged_floors":[4,20,39],"is_endless":false,"potions_floor_spawned":[11,16,18,25,28,33,36,44,48],"ascension_level":9}