{"gold_per_floor":[113,129,140,65,9,41,41,66,66,66],"floor_reached":10,"playtime":251,"items_purged":[],"score":152,"play_id":"1a00fa5d-c7d5-4b85-9e89-8ba23fffb3db","local_time":"20190109192526","is_ascension_mode":true,"campfire_choices":[{"data":"Zap","floor":7,"key":"SMITH"}],"neow_cost":"NONE","seed_source_timestamp":730045384836185,"circlet_count":0,"master_deck":["AscendersBane","Strike_B","Strike_B","Strike_B","Defend_B","Defend_B","Defend_B","Defend_B","Zap+1","Dualcast","Capacitor","Conserve Battery","Ball Lightning","Gash","Undo","Hologram"],"relics":["Cracked Core","NeowsBlessing","Strawberry","The Courier","Matryoshka"],"potions_floor_usage":[6,8,8],"damage_taken":[{"damage":0,"enemies":"2 Louse","floor":1,"turns":1},{"damage":0,"enemies":"Jaw Worm","floor":2,"turns":1},{"damage":0,"enemies":"Cultist","floor":3,"turns":1},{"damage":25,"enemies":"3 Sentries","floor":6,"turns":6},{"damage":44,"enemies":"Gremlin Nob","floor":8,"turns":4},{"damage":15,"enemies":"3 Sentries","floor":10,"turns":2}],"seed_played":"7293251552496637419","potions_obtained":[{"floor":1,"key":"EntropicBrew"},{"floor":2,"key":"AttackPotion"},{"floor":3,"key":"FocusPotion"}],"is_trial":false,"path_per_floor":["M","M","M","?","$","E","R","E","T","E"],"character_chosen":"DEFECT","items_purchased":["Gash"],"campfire_rested":0,"item_purchase_floors":[5],"current_hp_per_floor":[64,64,64,64,64,46,46,2,2,0],"gold":66,"neow_bonus":"THREE_ENEMY_KILL","is_prod":false,"is_daily":false,"chose_seed":false,"campfire_upgraded":1,"win_rate":0,"timestamp":1547079926,"path_taken":["M","M","M","?","?","E","R","E","T","E"],"build_version":"2019-01-03v4","purchased_purges":0,"victory":false,"max_hp_per_floor":[71,71,71,71,71,78,78,78,78,78],"card_choices":[{"not_picked":["Hello World","Rebound"],"picked":"Capacitor","floor":1},{"not_picked":["Stack","Reprogram"],"picked":"Conserve Battery","floor":2},{"not_picked":["Rebound","BootSequence"],"picked":"Ball Lightning","floor":3},{"not_picked":["Steam Power","Reboot"],"picked":"Undo","floor":6},{"not_picked":["Rip and Tear","Sweeping Beam"],"picked":"Hologram","floor":8}],"player_experience":719220,"relics_obtained":[{"floor":6,"key":"Strawberry"},{"floor":8,"key":"The Courier"},{"floor":9,"key":"Matryoshka"}],"event_choices":[{"cards_removed":["Strike_B"],"damage_healed":0,"gold_gain":0,"player_choice":"Card Removal","damage_taken":0,"max_hp_gain":0,"max_hp_loss":0,"event_name":"The Cleric","floor":4,"gold_loss":75}],"is_beta":false,"boss_relics":[],"items_purged_floors":[],"is_endless":false,"potions_floor_spawned":[1,2,3],"killed_by":"3 Sentries","ascension_level":20}