{"gold_per_floor":[115,115,134,145,160,160,193,261,261,274,274,9,25,42,42,113,163,174,188,70,70,70],"floor_reached":22,"playtime":954,"items_purged":["Strike_R"],"score":367,"play_id":"03c603ff-5669-4ca5-914e-b81e29b44728","local_time":"20190224184433","is_ascension_mode":true,"campfire_choices":[{"data":"Whirlwind","floor":6.0,"key":"SMITH"},{"data":"Fiend Fire","floor":11.0,"key":"SMITH"},{"data":"Rampage","floor":15.0,"key":"SMITH"}],"neow_cost":"NONE","seed_source_timestamp":0,"circlet_count":0,"master_deck":["AscendersBane","Strike_R","Strike_R","Strike_R","Strike_R","Defend_R","Defend_R+1","Defend_R","Defend_R","Bash","Shrug It Off","Fiend Fire+1","Bash","Whirlwind+1","Rampage+1","Warcry","Burning Pact","Double Tap","Feed","Feel No Pain","Shrug It Off","Juggernaut","Inflame","Shame"],"special_seed":0,"relics":["Burning Blood","PreservedInsect","Magic Flower","Sundial","Singing Bowl","Pantograph","Tiny House","Ancient Tea Set"],"potions_floor_usage":[],"damage_taken":[{"damage":14.0,"enemies":"Jaw Worm","floor":1.0,"turns":5.0},{"damage":6.0,"enemies":"Cultist","floor":3.0,"turns":4.0},{"damage":1.0,"enemies":"Small Slimes","floor":4.0,"turns":4.0},{"damage":8.0,"enemies":"3 Louse","floor":5.0,"turns":2.0},{"damage":20.0,"enemies":"3 Sentries","floor":7.0,"turns":5.0},{"damage":3.0,"enemies":"Looter","floor":10.0,"turns":2.0},{"damage":0.0,"enemies":"Exordium Thugs","floor":13.0,"turns":3.0},{"damage":9.0,"enemies":"Gremlin Gang","floor":14.0,"turns":3.0},{"damage":38.0,"enemies":"Slime Boss","floor":16.0,"turns":6.0},{"damage":16.0,"enemies":"Chosen","floor":18.0,"turns":6.0},{"damage":36,"enemies":"Shell Parasite","floor":19,"turns":8},{"damage":64,"enemies":"Colosseum Slavers","floor":22,"turns":5}],"seed_played":"8103916296708497667","potions_obtained":[{"floor":3.0,"key":"Block Potion"},{"floor":7.0,"key":"GamblersBrew"},{"floor":17.0,"key":"GamblersBrew"}],"is_trial":false,"path_per_floor":["M","?","M","M","M","R","E","T","T","M","R","$","M","M","R","B",null,"M","M","$","?","?"],"character_chosen":"IRONCLAD","items_purchased":["Pantograph","Inflame"],"campfire_rested":0,"item_purchase_floors":[12,20],"current_hp_per_floor":[60,60,60,65,63,63,49,49,49,57,57,57,68,70,70,52,79,77,50,50,50,0],"gold":70,"neow_bonus":"RANDOM_COMMON_RELIC","is_prod":false,"is_daily":false,"chose_seed":false,"campfire_upgraded":3,"win_rate":0,"timestamp":1551051873,"path_taken":["M","?","?","M","M","R","E","?","T","M","R","$","M","M","R","BOSS","M","M","$","?","?"],"build_version":"2019-01-23","purchased_purges":1,"victory":false,"max_hp_per_floor":[75,75,75,75,75,75,75,75,75,77,77,77,79,81,81,81,86,89,89,89,89,92],"card_choices":[{"not_picked":["Twin Strike","Sword Boomerang"],"picked":"Shrug It Off","floor":1.0},{"not_picked":["Flex","Wild Strike"],"picked":"Rampage","floor":3.0},{"not_picked":["Wild Strike","Pommel Strike"],"picked":"Warcry","floor":4.0},{"not_picked":["Fire Breathing","Havoc"],"picked":"Burning Pact","floor":5.0},{"not_picked":["Cleave","Pommel Strike"],"picked":"Double Tap","floor":7.0},{"not_picked":["Thunderclap","Iron Wave","Clash"],"picked":"Singing Bowl","floor":10.0},{"not_picked":["Headbutt","Rage","Armaments"],"picked":"Singing Bowl","floor":13.0},{"not_picked":["Armaments","Headbutt","Cleave"],"picked":"Singing Bowl","floor":14.0},{"not_picked":["Juggernaut","Dark Embrace"],"picked":"Feed","floor":16.0},{"not_picked":["Wild Strike","Warcry"],"picked":"Feel No Pain","floor":17.0},{"not_picked":["Havoc","Iron Wave"],"picked":"Shrug It Off","floor":18.0},{"not_picked":["Clash","Cleave"],"picked":"Juggernaut","floor":19}],"player_experience":329840,"relics_obtained":[{"floor":7.0,"key":"Magic Flower"},{"floor":8.0,"key":"Sundial"},{"floor":9.0,"key":"Singing Bowl"}],"event_choices":[{"damage_healed":0.0,"max_hp_gain":0.0,"max_hp_loss":0.0,"gold_gain":0.0,"event_name":"Match and Keep!","player_choice":"3 cards matched","floor":2.0,"gold_loss":0.0,"damage_taken":0.0,"cards_obtained":["Fiend Fire","Bash","Whirlwind"]},{"damage_healed":0,"gold_gain":0,"player_choice":"Stole Relic","damage_taken":0,"relics_obtained":["Ancient Tea Set"],"max_hp_gain":0,"max_hp_loss":0,"event_name":"Addict","floor":21,"gold_loss":0,"cards_obtained":["Shame"]},{"damage_healed":0,"gold_gain":0,"player_choice":"Fight","damage_taken":0,"max_hp_gain":0,"max_hp_loss":0,"event_name":"Colosseum","floor":22,"gold_loss":0}],"is_beta":false,"boss_relics":[{"not_picked":["Coffee Dripper","Orrery"],"picked":"Tiny House"}],"items_purged_floors":[20],"is_endless":false,"potions_floor_spawned":[3,7],"killed_by":"Colosseum Slavers","ascension_level":19}