{"gold_per_floor":[117,117,117,129,161,199,211,241,253,265,305,330,357,399,411,423],"floor_reached":16,"playtime":402,"items_purged":[],"score":186,"play_id":"670f1d88-8b36-4df0-8720-d0c5e2d9f26b","local_time":"20180818180544","is_ascension_mode":true,"campfire_choices":[{"data":"Sweeping Beam","floor":7,"key":"SMITH"},{"floor":10,"key":"REST"},{"floor":15,"key":"REST"}],"neow_cost":"","seed_source_timestamp":519107674393762,"circlet_count":0,"master_deck":["Strike_B","Strike_B","Strike_B","Strike_B","Defend_B","Defend_B","Defend_B","Defend_B","Zap","Dualcast","AscendersBane","Rip and Tear","Sweeping Beam+1","Ball Lightning","Sunder","Conserve Battery","Skim+1"],"relics":["Cracked Core","MawBank","Bag of Marbles","Shuriken","Orichalcum","Toxic Egg 2"],"potions_floor_usage":[14,16],"damage_taken":[{"damage":9,"enemies":"2 Louse","floor":1,"turns":2},{"damage":1,"enemies":"Cultist","floor":5,"turns":4},{"damage":20,"enemies":"Lagavulin","floor":6,"turns":6},{"damage":12,"enemies":"Jaw Worm","floor":8,"turns":2},{"damage":30,"enemies":"3 Sentries","floor":11,"turns":5},{"damage":8,"enemies":"Blue Slaver","floor":12,"turns":3},{"damage":0,"enemies":"Lots of Slimes","floor":13,"turns":1},{"damage":13,"enemies":"Gremlin Nob","floor":14,"turns":3},{"damage":28,"enemies":"The Guardian","floor":16,"turns":9}],"seed_played":"-2632417533082040035","potions_obtained":[{"floor":11,"key":"AttackPotion"},{"floor":12,"key":"Poison Potion"},{"floor":13,"key":"FearPotion"},{"floor":14,"key":"SkillPotion"}],"is_trial":false,"path_per_floor":["M","?","?","$","M","E","R","M","T","R","E","M","M","E","R"],"character_chosen":"DEFECT","items_purchased":[],"campfire_rested":2,"item_purchase_floors":[],"current_hp_per_floor":[59,75,63,63,62,42,42,30,30,52,22,14,14,1,23,0],"gold":423,"neow_bonus":"","is_prod":false,"is_daily":false,"chose_seed":false,"campfire_upgraded":1,"win_rate":0,"timestamp":1534629944,"path_taken":["M","?","?","?","M","E","R","M","T","R","E","M","M","E","R","BOSS"],"build_version":"2018-08-16","purchased_purges":0,"victory":false,"max_hp_per_floor":[75,75,75,75,75,75,75,75,75,75,75,75,75,75,75,75],"card_choices":[{"not_picked":["Gash","Cold Snap"],"picked":"Doom and Gloom","floor":1},{"not_picked":["Chill","Turbo"],"picked":"Rip and Tear","floor":5},{"not_picked":["Streamline","Multi-Cast"],"picked":"Sweeping Beam","floor":6},{"not_picked":["Conserve Battery","Leap"],"picked":"Ball Lightning","floor":8},{"not_picked":["Reinforced Body","Static Discharge"],"picked":"Sunder","floor":11},{"not_picked":["Gash","Sunder","Chill"],"picked":"SKIP","floor":12},{"not_picked":["Doom and Gloom","Scrape"],"picked":"Conserve Battery","floor":13},{"not_picked":["Blizzard","Darkness"],"picked":"Skim","floor":14}],"player_experience":454995,"relics_obtained":[{"floor":6,"key":"Bag of Marbles"},{"floor":9,"key":"Shuriken"},{"floor":11,"key":"Orichalcum"},{"floor":14,"key":"Toxic Egg 2"}],"event_choices":[{"event_name":"Bonfire Elementals","player_choice":"UNCOMMON","floor":2,"damage_taken":0},{"event_name":"Scrap Ooze","player_choice":"success","floor":3,"damage_taken":12}],"is_beta":false,"boss_relics":[],"items_purged_floors":[],"is_endless":false,"potions_floor_spawned":[11,12,13,14],"killed_by":"The Guardian","ascension_level":11}