{"path_per_floor":["M","M","M","?","?","R","M","R","T","R","?","?","E","M","R"],"character_chosen":"DEFECT","items_purchased":[],"gold_per_floor":[115,130,146,146,146,146,162,162,215,215,215,215,250,261,261,261],"floor_reached":16,"campfire_rested":1,"playtime":417,"item_purchase_floors":[],"current_hp_per_floor":[68,67,65,65,65,65,50,50,50,50,55,37,24,13,37,0],"items_purged":[],"gold":261,"score":140,"play_id":"6b64dd59-e337-4f5a-8872-b6fce21ae53f","local_time":"20180620113417","is_prod":false,"is_daily":false,"chose_seed":false,"is_ascension_mode":true,"campfire_upgraded":3,"win_rate":0,"timestamp":1529512457,"campfire_choices":[{"data":"Defragment","floor":6,"key":"SMITH"},{"data":"Loop","floor":8,"key":"SMITH"},{"data":"Go for the Eyes","floor":10,"key":"SMITH"},{"floor":15,"key":"REST"}],"path_taken":["M","M","M","?","?","R","M","R","T","R","?","?","E","M","R","BOSS"],"build_version":"2018-06-14v2","seed_source_timestamp":2967128765540565,"purchased_purges":0,"victory":false,"master_deck":["Strike_B","Strike_B","Strike_B","Defend_B","Defend_B","Defend_B","Zap+1","Dualcast","BootSequence","Conserve Battery","Defragment+1","Go for the Eyes+1","Loop+1","Echo Form"],"max_hp_per_floor":[75,75,75,75,75,75,75,75,75,75,80,80,80,80,80,80],"relics":["Cracked Core","Blood Vial","Art of War","Juzu Bracelet"],"card_choices":[{"not_picked":["Conserve Battery","Stack"],"picked":"BootSequence","floor":1},{"not_picked":["Coolheaded","Rebound"],"picked":"Conserve Battery","floor":2},{"not_picked":["Scrape","Chill"],"picked":"Defragment","floor":3},{"not_picked":["Heatsinks","Ball Lightning"],"picked":"Loop","floor":7},{"not_picked":["Storm","Static Discharge"],"picked":"Echo Form","floor":13},{"not_picked":["Streamline","Fusion","Consume"],"picked":"SKIP","floor":14}],"player_experience":402926,"potions_floor_usage":[13,16],"damage_taken":[{"damage":0,"enemies":"Small Slimes","floor":1,"turns":2},{"damage":1,"enemies":"Cultist","floor":2,"turns":3},{"damage":2,"enemies":"Jaw Worm","floor":3,"turns":4},{"damage":15,"enemies":"3 Louse","floor":7,"turns":3},{"damage":15,"enemies":"Lagavulin","floor":13,"turns":5},{"damage":13,"enemies":"Blue Slaver","floor":14,"turns":4},{"damage":42,"enemies":"Slime Boss","floor":16,"turns":9}],"relics_obtained":[{"floor":9,"key":"Blood Vial"},{"floor":13,"key":"Juzu Bracelet"}],"event_choices":[{"event_name":"Transmorgrifier","player_choice":"Transform","floor":4,"damage_taken":0},{"event_name":"Living Wall","player_choice":"Forget","floor":5,"damage_taken":0},{"event_name":"Big Fish","player_choice":"Donut","floor":11,"damage_taken":0},{"event_name":"Scrap Ooze","player_choice":"success","floor":12,"damage_taken":18}],"boss_relics":[],"items_purged_floors":[],"is_endless":false,"potions_floor_spawned":[3,7],"seed_played":"8564260847885954729","killed_by":"Slime Boss","ascension_level":8,"potions_obtained":[{"floor":3,"key":"EssenceOfSteel"},{"floor":7,"key":"Fire Potion"}],"is_trial":false}