{"gold_per_floor":[209,228,241,77,19,19,34,69,95,112,112,144,144,164,164,239,239,249,261,6,6,6,6,6,6,6,40,40],"floor_reached":28,"playtime":959,"items_purged":["Strike_G","Regret"],"score":517,"play_id":"28019e7d-a51f-44b2-82c7-246b029254c6","local_time":"20190126122045","is_ascension_mode":true,"campfire_choices":[{"data":"Deadly Poison","floor":6,"key":"SMITH"},{"floor":11,"key":"REST"},{"data":"Accuracy","floor":13,"key":"SMITH"},{"floor":15,"key":"REST"},{"floor":23,"key":"REST"},{"floor":25,"key":"REST"}],"neow_cost":"NONE","seed_source_timestamp":298819195451431,"circlet_count":0,"master_deck":["AscendersBane","Defend_G","Defend_G","Defend_G","Defend_G","Defend_G","Strike_G","Strike_G","Strike_G","Strike_G","Survivor","Neutralize","Blade Dance","Sucker Punch","Deadly Poison+1","Infinite Blades","Backstab","Accuracy+1","After Image","Writhe","Doubt","Backstab","Dodge and Roll+1","Envenom","Dagger Spray","Crippling Poison"],"relics":["Ring of the Snake","Blood Vial","Lantern","Smiling Mask","Darkstone Periapt","Calling Bell","Bronze Scales","Paper Crane","Ginger","CultistMask","Gremlin Horn"],"potions_floor_usage":[7,12,16,16],"damage_taken":[{"damage":4,"enemies":"Small Slimes","floor":1,"turns":3},{"damage":1,"enemies":"Cultist","floor":2,"turns":5},{"damage":4,"enemies":"Jaw Worm","floor":3,"turns":5},{"damage":13,"enemies":"Exordium Thugs","floor":7,"turns":5},{"damage":30,"enemies":"Lagavulin","floor":8,"turns":8},{"damage":11,"enemies":"Looter","floor":10,"turns":2},{"damage":11,"enemies":"3 Sentries","floor":12,"turns":9},{"damage":4,"enemies":"Blue Slaver","floor":14,"turns":3},{"damage":33,"enemies":"Slime Boss","floor":16,"turns":9},{"damage":39,"enemies":"Spheric Guardian","floor":18,"turns":8},{"damage":16,"enemies":"Chosen","floor":19,"turns":5},{"damage":29,"enemies":"Gremlin Leader","floor":27,"turns":10},{"damage":24,"enemies":"3 Cultists","floor":28,"turns":3}],"seed_played":"1918699793422407926","potions_obtained":[{"floor":1,"key":"Regen Potion"},{"floor":2,"key":"Fire Potion"},{"floor":10,"key":"Block Potion"},{"floor":14,"key":"SteroidPotion"}],"is_trial":false,"path_per_floor":["M","M","M","$","?","R","M","E","T","M","R","E","R","M","R","B",null,"M","M","$","?","$","R","?","R","T","E","M"],"character_chosen":"THE_SILENT","items_purchased":["Deadly Poison","Infinite Blades","Envenom","Dagger Spray"],"campfire_rested":4,"item_purchase_floors":[4,4,20,20],"current_hp_per_floor":[55,54,50,50,50,50,53,25,25,16,35,26,26,24,43,12,71,34,20,20,20,20,45,21,47,47,20,0],"gold":40,"neow_bonus":"HUNDRED_GOLD","is_prod":false,"is_daily":false,"chose_seed":false,"campfire_upgraded":2,"win_rate":0,"timestamp":1548523245,"path_taken":["M","M","M","$","?","R","M","E","T","?","R","E","R","M","R","BOSS","M","?","$","?","?","R","?","R","T","E","M"],"build_version":"2019-01-23","purchased_purges":2,"victory":false,"max_hp_per_floor":[66,66,66,66,66,66,66,66,66,66,66,66,66,66,66,66,84,84,84,84,84,84,84,89,89,89,89,89],"card_choices":[{"not_picked":["Reflex","Choke"],"picked":"Blade Dance","floor":1},{"not_picked":["PiercingWail","Underhanded Strike"],"picked":"Sucker Punch","floor":2},{"not_picked":["Slice","Sucker Punch","Deflect"],"picked":"SKIP","floor":3},{"not_picked":["Dodge and Roll","Setup","Sucker Punch"],"picked":"SKIP","floor":7},{"not_picked":["Dodge and Roll","Setup","Sucker Punch"],"picked":"SKIP","floor":7},{"not_picked":["Dagger Spray","Prepared"],"picked":"Backstab","floor":8},{"not_picked":["Blade Dance","Flechettes","Choke"],"picked":"SKIP","floor":10},{"not_picked":["Bouncing Flask","Well Laid Plans"],"picked":"Accuracy","floor":12},{"not_picked":["Bane","Flying Knee","Outmaneuver"],"picked":"SKIP","floor":14},{"not_picked":["Adrenaline","Die Die Die"],"picked":"After Image","floor":16},{"not_picked":["Leg Sweep","Accuracy"],"picked":"Backstab","floor":18},{"not_picked":["Sucker Punch+1","Deflect"],"picked":"Dodge and Roll+1","floor":19},{"not_picked":["Dagger Throw+1","Accuracy"],"picked":"Crippling Poison","floor":27}],"player_experience":756251,"relics_obtained":[{"floor":8,"key":"Lantern"},{"floor":9,"key":"Smiling Mask"},{"floor":12,"key":"Darkstone Periapt"},{"floor":17,"key":"Bronze Scales"},{"floor":17,"key":"Paper Crane"},{"floor":17,"key":"Ginger"},{"floor":27,"key":"Gremlin Horn"}],"event_choices":[{"damage_healed":0,"gold_gain":0,"player_choice":"Paid Gold","damage_taken":0,"relics_obtained":["Blood Vial"],"max_hp_gain":0,"max_hp_loss":0,"event_name":"WeMeetAgain","floor":5,"gold_loss":58},{"damage_healed":0,"gold_gain":0,"player_choice":"Trade","damage_taken":0,"relics_obtained":["CultistMask"],"max_hp_gain":0,"max_hp_loss":0,"event_name":"FaceTrader","floor":21,"gold_loss":0},{"damage_healed":0,"gold_gain":0,"player_choice":"Shed Blood","damage_taken":29,"max_hp_gain":5,"max_hp_loss":0,"event_name":"Forgotten Altar","floor":24,"gold_loss":0}],"is_beta":false,"boss_relics":[{"not_picked":["Cursed Key","Black Star"],"picked":"Calling Bell"}],"items_purged_floors":[4,20],"is_endless":false,"potions_floor_spawned":[1,2,10,14],"killed_by":"3 Cultists","ascension_level":20}