{"path_per_floor":["M","M","M","M","M","R","M","E","T","?","?","?","M","E","R","B",null,"M","M","M","?","?","R","E","R","T","?"],"character_chosen":"IRONCLAD","items_purchased":[],"gold_per_floor":[118,129,140,154,173,173,193,226,251,251,281,281,292,318,318,393,393,408,423,434,359,359,359,392,392,392,392,392],"floor_reached":28,"campfire_rested":3,"playtime":1279,"current_hp_per_floor":[77,75,79,56,59,59,62,42,42,42,45,40,54,47,73,51,78,77,61,38,38,22,48,19,45,45,28,0],"items_purged":[],"gold":392,"score":413,"play_id":"e450deb8-8819-4e9a-a218-ef46cb8cd7df","local_time":"20180429000155","is_prod":false,"is_daily":false,"chose_seed":false,"is_ascension_mode":true,"campfire_upgraded":1,"timestamp":1524978115,"path_taken":["M","?","M","M","M","R","M","E","T","?","?","?","M","E","R","BOSS","M","M","M","?","?","R","E","R","T","?","E"],"build_version":"2018-04-28","seed_source_timestamp":2290215549482429,"purchased_purges":0,"victory":false,"master_deck":["Strike_R","Strike_R","Strike_R","Defend_R","Defend_R","Defend_R","Defend_R","Bash+1","AscendersBane","Twin Strike","Reaper","Clash","Shrug It Off","Thunderclap","Anger+1","Shrug It Off","Evolve","Iron Wave","Sword Boomerang","Offering","Clash","Battle Trance","Whirlwind+1"],"max_hp_per_floor":[80,80,80,80,80,80,80,80,80,80,80,87,87,87,87,87,87,87,87,87,87,87,87,87,87,87,92,92],"relics":["Black Blood","Matryoshka","Juzu Bracelet","Lantern","Odd Mushroom","Strawberry","Vajra","Nilry\u0027s Codex","Calipers","Regal Pillow","Magic Flower"],"card_choices":[{"not_picked":["Armaments","Havoc"],"picked":"Twin Strike","floor":1},{"not_picked":["Perfected Strike","Warcry"],"picked":"Reaper","floor":2},{"not_picked":["Perfected Strike","Thunderclap"],"picked":"Clash","floor":3},{"not_picked":["Sword Boomerang","Body Slam"],"picked":"Shrug It Off","floor":4},{"not_picked":["Clothesline","Pommel Strike"],"picked":"Thunderclap","floor":5},{"not_picked":["Fire Breathing","Heavy Blade"],"picked":"Anger","floor":7},{"not_picked":["Impervious","Sentinel"],"picked":"Shrug It Off","floor":8},{"not_picked":["Headbutt","Perfected Strike"],"picked":"Evolve","floor":11},{"not_picked":["Warcry","Flex"],"picked":"Iron Wave","floor":13},{"not_picked":["Havoc","Clash"],"picked":"Sword Boomerang","floor":14},{"not_picked":["Impervious","Juggernaut"],"picked":"Offering","floor":16},{"not_picked":["Hemokinesis","Havoc"],"picked":"Clash","floor":18},{"not_picked":["Anger","Pommel Strike"],"picked":"Battle Trance","floor":20},{"not_picked":["Evolve","Combust"],"picked":"Whirlwind","floor":24}],"player_experience":292478,"potions_floor_usage":[11,11,14,18,24,28],"damage_taken":[{"damage":1,"enemies":"Cultist","floor":1,"turns":4},{"damage":8,"enemies":"2 Louse","floor":2,"turns":2},{"damage":2,"enemies":"Jaw Worm","floor":3,"turns":3},{"damage":35,"enemies":"Gremlin Gang","floor":4,"turns":5},{"damage":3,"enemies":"Blue Slaver","floor":5,"turns":5},{"damage":9,"enemies":"Looter","floor":7,"turns":3},{"damage":32,"enemies":"Gremlin Nob","floor":8,"turns":4},{"damage":15,"enemies":"The Mushroom Lair","floor":11,"turns":4},{"damage":0,"enemies":"Large Slime","floor":13,"turns":5},{"damage":17,"enemies":"3 Sentries","floor":14,"turns":8},{"damage":40,"enemies":"Slime Boss","floor":16,"turns":10},{"damage":16,"enemies":"2 Thieves","floor":18,"turns":3},{"damage":31,"enemies":"Spheric Guardian","floor":19,"turns":5},{"damage":33,"enemies":"Snake Plant","floor":20,"turns":4},{"damage":46,"enemies":"Gremlin Leader","floor":24,"turns":6},{"damage":33,"enemies":"Slavers","floor":28,"turns":2}],"event_choices":[{"event_name":"Upgrade Shrine","player_choice":"Upgraded","floor":10,"damage_taken":0},{"event_name":"Mushrooms","player_choice":"Fought Mushrooms","floor":11,"damage_taken":0},{"event_name":"Scrap Ooze","player_choice":"success","floor":12,"damage_taken":12},{"event_name":"Beggar","player_choice":"Gave Gold","floor":21,"damage_taken":0},{"event_name":"Cursed Tome","player_choice":"Obtained Book","floor":22,"damage_taken":0},{"event_name":"Forgotten Altar","player_choice":"Shed Blood","floor":27,"damage_taken":0}],"boss_relics":[{"not_picked":["Runic Dome","Snecko Eye"],"picked":"Black Blood"}],"potions_floor_spawned":[4,5,7,11,16,20],"seed_played":"-2916291143682796937","killed_by":"Slavers","ascension_level":13,"is_trial":false}