{"gold_per_floor":[115,131,151,151,169,169,210,210,210,210,229,298,311,311,311,434,434,455,473,488,488,507,16,16,16,73,106,131,131,149,174,174,303,303,328,349,40,54,0,38,38,79,79,119,184,184,197,222,222,222],"floor_reached":51,"playtime":2009,"items_purged":["Strike_B+1","Strike_B+1"],"score":836,"play_id":"418231a5-8713-46dc-a8ab-9a066ba93ec8","local_time":"20181116184048","is_ascension_mode":false,"campfire_choices":[{"data":"Streamline","floor":6,"key":"SMITH"},{"data":"Zap","floor":8,"key":"SMITH"},{"floor":10,"key":"REST"},{"data":"Hologram","floor":15,"key":"SMITH"},{"floor":24,"key":"REST"},{"floor":29,"key":"REST"},{"floor":32,"key":"REST"},{"floor":41,"key":"REST"},{"floor":49,"key":"REST"}],"neow_cost":"NONE","seed_source_timestamp":881325551912486,"circlet_count":0,"master_deck":["Defend_B+1","Defend_B+1","Defend_B+1","Defend_B+1","Zap+1","Dualcast+1","Streamline+1","Genetic Algorithm","Genetic Algorithm","Gash","Biased Cognition","Ball Lightning","Static Discharge+1","Hologram+1","All For One","Compile Driver","Cold Snap","Go for the Eyes","Hyperbeam","All For One","Conserve Battery+1","Beam Cell","Leap+1","Cold Snap+1","Creative AI","Hologram+1","Gash","Hologram+1","Defragment","Rebound","Finesse","Blind","Panacea","Beam Cell+1"],"relics":["Cracked Core","Golden Idol","Gremlin Horn","Ornamental Fan","Cables","Fusion Hammer","Sling","MutagenicStrength","Tiny Chest","Juzu Bracelet","Empty Cage","DollysMirror","Red Mask","War Paint","Question Card","Pantograph","Pocketwatch","Turnip"],"potions_floor_usage":[7,12,20,33,38,45,45,45,50,50,50],"damage_taken":[{"damage":0,"enemies":"Cultist","floor":1,"turns":4},{"damage":2,"enemies":"Small Slimes","floor":2,"turns":3},{"damage":5,"enemies":"2 Louse","floor":3,"turns":3},{"damage":32,"enemies":"Gremlin Gang","floor":5,"turns":5},{"damage":13,"enemies":"Gremlin Nob","floor":7,"turns":4},{"damage":3,"enemies":"Blue Slaver","floor":11,"turns":3},{"damage":14,"enemies":"Lagavulin Event","floor":12,"turns":5},{"damage":5,"enemies":"Looter","floor":13,"turns":3},{"damage":13,"enemies":"Hexaghost","floor":16,"turns":5},{"damage":16,"enemies":"2 Thieves","floor":18,"turns":2},{"damage":4,"enemies":"3 Byrds","floor":19,"turns":1},{"damage":9,"enemies":"Shelled Parasite and Fungi","floor":20,"turns":2},{"damage":4,"enemies":"3 Cultists","floor":22,"turns":4},{"damage":14,"enemies":"Gremlin Leader","floor":27,"turns":4},{"damage":3,"enemies":"Snake Plant","floor":28,"turns":3},{"damage":0,"enemies":"Centurion and Healer","floor":30,"turns":5},{"damage":10,"enemies":"Snecko","floor":31,"turns":4},{"damage":46,"enemies":"Collector","floor":33,"turns":9},{"damage":0,"enemies":"3 Darklings","floor":35,"turns":4},{"damage":0,"enemies":"3 Shapes","floor":36,"turns":4},{"damage":22,"enemies":"Writhing Mass","floor":38,"turns":5},{"damage":0,"enemies":"Nemesis","floor":40,"turns":5},{"damage":0,"enemies":"Reptomancer","floor":42,"turns":3},{"damage":6,"enemies":"Nemesis","floor":44,"turns":8},{"damage":9,"enemies":"2 Orb Walkers","floor":45,"turns":5},{"damage":6,"enemies":"Jaw Worm Horde","floor":47,"turns":4},{"damage":0,"enemies":"3 Darklings","floor":48,"turns":3},{"damage":66,"enemies":"Time Eater","floor":50,"turns":13}],"seed_played":"1651151984362965434","potions_obtained":[{"floor":1,"key":"FocusPotion"},{"floor":5,"key":"SpeedPotion"},{"floor":11,"key":"Weak Potion"},{"floor":13,"key":"Swift Potion"},{"floor":22,"key":"Poison Potion"},{"floor":28,"key":"Dexterity Potion"},{"floor":30,"key":"SkillPotion"},{"floor":38,"key":"Block Potion"},{"floor":40,"key":"Strength Potion"},{"floor":44,"key":"EntropicBrew"},{"floor":45,"key":"AttackPotion"}],"is_trial":false,"path_per_floor":["M","M","M","?","M","R","E","R","T","R","M","?","M","?","R","B",null,"M","M","M","?","M","$","R","?","T","E","M","R","M","M","R","B",null,"M","M","$","M","?","E","R","E","T","E","?","?","M","M","R","B",null],"character_chosen":"DEFECT","items_purchased":["Hyperbeam","Sling","All For One","DollysMirror"],"campfire_rested":6,"item_purchase_floors":[23,23,23,37],"current_hp_per_floor":[82,80,75,75,43,43,30,30,30,52,49,35,30,30,30,17,76,60,56,47,47,43,43,65,65,65,51,48,70,70,60,76,30,76,76,76,76,54,54,54,76,76,76,70,61,51,45,45,67,10],"gold":222,"neow_bonus":"TEN_PERCENT_HP_BONUS","is_prod":false,"is_daily":false,"chose_seed":false,"campfire_upgraded":3,"win_rate":0,"timestamp":1542411648,"path_taken":["M","?","M","?","M","R","E","R","T","R","M","?","M","?","R","BOSS","M","?","M","?","M","$","R","?","T","E","M","R","M","M","R","BOSS","M","M","$","M","?","E","R","E","T","E","?","?","M","M","R","BOSS"],"build_version":"2018-11-15","purchased_purges":2,"victory":true,"max_hp_per_floor":[82,82,82,76,76,76,76,76,76,76,76,76,76,76,76,76,76,76,76,76,76,76,76,76,76,76,76,76,76,76,76,76,76,76,76,76,76,76,76,76,76,76,76,76,76,76,76,76,76,76],"card_choices":[{"not_picked":["Steam Power","Coolheaded"],"picked":"Streamline","floor":1},{"not_picked":["Redo","Chaos"],"picked":"Genetic Algorithm","floor":2},{"not_picked":["Redo","Streamline"],"picked":"Genetic Algorithm","floor":3},{"not_picked":["Coolheaded","Fusion"],"picked":"Gash","floor":5},{"not_picked":["Rebound","Glacier"],"picked":"Biased Cognition","floor":7},{"not_picked":["Redo","Go for the Eyes"],"picked":"Ball Lightning","floor":11},{"not_picked":["Barrage","Rebound"],"picked":"Static Discharge","floor":12},{"not_picked":["Rebound","Stack"],"picked":"Hologram","floor":13},{"not_picked":["Fission","Reboot"],"picked":"All For One","floor":16},{"not_picked":["Sweeping Beam","Steam Power"],"picked":"Compile Driver","floor":18},{"not_picked":["Rebound","Stack","Leap"],"picked":"SKIP","floor":19},{"not_picked":["Recycle","Turbo"],"picked":"Cold Snap","floor":20},{"not_picked":["Sweeping Beam","Recycle"],"picked":"Go for the Eyes","floor":22},{"not_picked":["Storm+1","Machine Learning"],"picked":"Conserve Battery","floor":27},{"not_picked":["Aggregate","Conserve Battery+1"],"picked":"Beam Cell","floor":28},{"not_picked":["Melter+1","Redo"],"picked":"Leap+1","floor":30},{"not_picked":["Melter+1","Steam+1"],"picked":"Cold Snap+1","floor":31},{"not_picked":["Meteor Strike","Thunder Strike"],"picked":"Creative AI","floor":33},{"not_picked":["Lockon","Coolheaded+1"],"picked":"Hologram+1","floor":35},{"not_picked":["Fusion+1","Cold Snap+1"],"picked":"Gash","floor":36},{"not_picked":["Beam Cell","Turbo","Barrage+1"],"picked":"SKIP","floor":38},{"not_picked":["Glacier+1","Auto Shields"],"picked":"Defragment","floor":40},{"not_picked":["Genetic Algorithm","Barrage"],"picked":"Rebound","floor":42},{"not_picked":["Hologram","Skim+1","Barrage+1","Recycle+1"],"picked":"SKIP","floor":44},{"not_picked":["Jack Of All Trades","PanicButton","Chrysalis"],"picked":"Finesse","floor":46},{"not_picked":["Dramatic Entrance","Purity","Master of Strategy"],"picked":"Blind","floor":46},{"not_picked":["The Bomb","Swift Strike","Impatience"],"picked":"Panacea","floor":46},{"not_picked":["Ball Lightning+1","Cold Snap","Leap+1"],"picked":"Beam Cell+1","floor":47},{"not_picked":["Rip and Tear+1","Doom and Gloom+1","Beam Cell","Turbo"],"picked":"SKIP","floor":48}],"player_experience":642974,"relics_obtained":[{"floor":7,"key":"Gremlin Horn"},{"floor":9,"key":"Ornamental Fan"},{"floor":12,"key":"Cables"},{"floor":26,"key":"Tiny Chest"},{"floor":27,"key":"Juzu Bracelet"},{"floor":40,"key":"War Paint"},{"floor":42,"key":"Question Card"},{"floor":43,"key":"Pantograph"},{"floor":44,"key":"Pocketwatch"},{"floor":45,"key":"Turnip"}],"event_choices":[{"damage_healed":0,"gold_gain":0,"player_choice":"Lose Max HP","damage_taken":0,"relics_obtained":["Golden Idol"],"max_hp_gain":0,"max_hp_loss":6,"event_name":"Golden Idol","floor":4,"gold_loss":0},{"damage_healed":0,"gold_gain":30,"player_choice":"Searched \u00272\u0027 times","damage_taken":0,"max_hp_gain":0,"max_hp_loss":0,"event_name":"Dead Adventurer","floor":12,"gold_loss":0},{"damage_healed":0,"gold_gain":0,"player_choice":"Upgraded","damage_taken":0,"max_hp_gain":0,"max_hp_loss":0,"event_name":"Upgrade Shrine","floor":14,"gold_loss":0,"cards_upgraded":["Static Discharge"]},{"damage_healed":0,"gold_gain":0,"player_choice":"Simplicity","damage_taken":0,"max_hp_gain":0,"max_hp_loss":0,"event_name":"Back to Basics","floor":21,"gold_loss":0,"cards_upgraded":["Strike_B","Strike_B","Strike_B","Strike_B","Defend_B","Defend_B","Defend_B","Defend_B"]},{"damage_healed":0,"gold_gain":0,"player_choice":"Inject Mutagens","damage_taken":0,"relics_obtained":["MutagenicStrength"],"max_hp_gain":0,"max_hp_loss":0,"event_name":"Drug Dealer","floor":25,"gold_loss":0},{"damage_healed":0,"gold_gain":0,"player_choice":"Paid","damage_taken":0,"relics_obtained":["Red Mask"],"max_hp_gain":0,"max_hp_loss":0,"event_name":"Tomb of Lord Red Mask","floor":39,"gold_loss":54},{"damage_healed":0,"gold_gain":0,"player_choice":"Fight","damage_taken":0,"max_hp_gain":0,"max_hp_loss":0,"event_name":"Mysterious Sphere","floor":45,"gold_loss":0},{"damage_healed":0,"gold_gain":0,"player_choice":"Memory 3","damage_taken":10,"max_hp_gain":0,"max_hp_loss":0,"event_name":"SensoryStone","floor":46,"gold_loss":0}],"is_beta":false,"boss_relics":[{"not_picked":["Coffee Dripper","Calling Bell"],"picked":"Fusion Hammer"},{"not_picked":["Nuclear Battery","Tiny House"],"picked":"Empty Cage"}],"items_purged_floors":[23,37],"is_endless":false,"potions_floor_spawned":[1,5,11,13,22,28,30,38,40,44,45],"ascension_level":0}