{"gold_per_floor":[114,39,39,39,52,77,77,108,187,187,198,209,226,243,243,320,320,331,342,51,51,51],"floor_reached":22,"playtime":816,"items_purged":["Strike_G"],"score":442,"play_id":"d6ec86a0-e96d-495b-a78a-fc4ca227bb8e","local_time":"20190113113242","is_ascension_mode":true,"campfire_choices":[{"data":"Envenom","floor":7,"key":"SMITH"},{"floor":10,"key":"REST"},{"data":"Caltrops","floor":15,"key":"SMITH"}],"neow_cost":"NONE","seed_source_timestamp":1046701471375305,"circlet_count":0,"master_deck":["AscendersBane","Defend_G","Defend_G","Defend_G","Defend_G","Defend_G","Strike_G","Strike_G","Strike_G","Survivor","Neutralize","Caltrops+1","Footwork","Envenom+1","Quick Slash","Deadly Poison","Cloak And Dagger","Deflect","Corpse Explosion","Backstab","Cloak And Dagger"],"relics":["Ring of the Snake","NeowsBlessing","Bag of Marbles","Lantern","Pantograph","Cursed Key","ClockworkSouvenir"],"potions_floor_usage":[14,22],"damage_taken":[{"damage":0,"enemies":"2 Louse","floor":1,"turns":1},{"damage":2,"enemies":"Jaw Worm","floor":5,"turns":1},{"damage":0,"enemies":"Lagavulin","floor":6,"turns":1},{"damage":54,"enemies":"3 Sentries","floor":8,"turns":17},{"damage":0,"enemies":"Cultist","floor":11,"turns":3},{"damage":2,"enemies":"Blue Slaver","floor":12,"turns":5},{"damage":6,"enemies":"Looter","floor":13,"turns":3},{"damage":3,"enemies":"Large Slime","floor":14,"turns":7},{"damage":29,"enemies":"Hexaghost","floor":16,"turns":10},{"damage":17,"enemies":"Shell Parasite","floor":18,"turns":5},{"damage":12,"enemies":"3 Byrds","floor":19,"turns":3},{"damage":10,"enemies":"Cultist and Chosen","floor":22,"turns":3}],"seed_played":"6440893436655269649","potions_obtained":[{"floor":5,"key":"SpeedPotion"},{"floor":6,"key":"FearPotion"},{"floor":13,"key":"Strength Potion"},{"floor":14,"key":"Weak Potion"}],"is_trial":false,"path_per_floor":["M","?","?","?","M","E","R","E","T","R","M","M","M","M","R","B",null,"M","M","$","?","M"],"character_chosen":"THE_SILENT","items_purchased":["ClockworkSouvenir"],"campfire_rested":1,"item_purchase_floors":[20],"current_hp_per_floor":[59,59,59,59,57,57,57,3,3,22,22,20,14,11,11,7,51,34,22,22,4,0],"gold":51,"neow_bonus":"THREE_ENEMY_KILL","is_prod":false,"is_daily":false,"chose_seed":false,"campfire_upgraded":2,"win_rate":0,"timestamp":1547397162,"path_taken":["M","?","?","?","M","E","R","E","T","R","M","?","M","M","R","BOSS","M","M","$","?","M"],"build_version":"2019-01-10","purchased_purges":1,"victory":false,"max_hp_per_floor":[66,66,66,66,66,66,66,66,66,66,66,66,66,66,66,66,66,66,66,66,71,71],"card_choices":[{"not_picked":["Poisoned Stab","Outmaneuver"],"picked":"Caltrops","floor":1},{"not_picked":["Concentrate","Acrobatics","Prepared"],"picked":"SKIP","floor":5},{"not_picked":["Dodge and Roll","Acrobatics"],"picked":"Envenom","floor":6},{"not_picked":["Blade Dance","Prepared"],"picked":"Quick Slash","floor":8},{"not_picked":["Outmaneuver","Dash"],"picked":"Deadly Poison","floor":11},{"not_picked":["Acrobatics","Deflect"],"picked":"Cloak And Dagger","floor":12},{"not_picked":["Predator","Dagger Spray"],"picked":"Deflect","floor":13},{"not_picked":["Blade Dance","Sucker Punch","Flying Knee"],"picked":"SKIP","floor":14},{"not_picked":["Grand Finale","Wraith Form v2"],"picked":"Corpse Explosion","floor":16},{"not_picked":["Deadly Poison","Outmaneuver"],"picked":"Backstab","floor":18},{"not_picked":["Slice","Dagger Spray"],"picked":"Cloak And Dagger","floor":19}],"player_experience":731721,"relics_obtained":[{"floor":6,"key":"Bag of Marbles"},{"floor":8,"key":"Lantern"},{"floor":9,"key":"Pantograph"}],"event_choices":[{"cards_removed":["Strike_G"],"damage_healed":0,"gold_gain":0,"player_choice":"Card Removal","damage_taken":0,"max_hp_gain":0,"max_hp_loss":0,"event_name":"The Cleric","floor":2,"gold_loss":75},{"damage_healed":0,"gold_gain":0,"player_choice":"Ignored","damage_taken":0,"max_hp_gain":0,"max_hp_loss":0,"event_name":"Liars Game","floor":3,"gold_loss":0},{"damage_healed":0,"gold_gain":0,"player_choice":"1 cards matched","damage_taken":0,"max_hp_gain":0,"max_hp_loss":0,"event_name":"Match and Keep!","floor":4,"gold_loss":0,"cards_obtained":["Footwork"]},{"damage_healed":0,"gold_gain":0,"player_choice":"Shed Blood","damage_taken":23,"max_hp_gain":5,"max_hp_loss":0,"event_name":"Forgotten Altar","floor":21,"gold_loss":0}],"is_beta":false,"boss_relics":[{"not_picked":["Runic Dome","Busted Crown"],"picked":"Cursed Key"}],"items_purged_floors":[20],"is_endless":false,"potions_floor_spawned":[5,6,13,14,18],"killed_by":"Cultist and Chosen","ascension_level":20}