{"gold_per_floor":[316,241,254,254,354,354,369,389,389,389,408,408,423,435,435,534,534,544,459,474,474,492,492,503,503,503,222,222,242,17,37,37,141,141,153,8,8,28,83,83,45,45,70,100,200,200,200,225,225,225],"floor_reached":51,"playtime":3446,"items_purged":["Normality"],"score":880,"play_id":"d74238c4-81e9-488d-8d82-7f49a5f8a673","local_time":"20181212144914","is_ascension_mode":true,"campfire_choices":[{"data":"Zap","floor":6.0,"key":"SMITH"},{"data":"Dualcast","floor":10.0,"key":"SMITH"},{"data":"Defragment","floor":12.0,"key":"SMITH"},{"data":"Chaos","floor":15.0,"key":"SMITH"},{"data":"Defragment","floor":23.0,"key":"SMITH"},{"data":"Amplify","floor":28.0,"key":"SMITH"},{"floor":32.0,"key":"REST"},{"data":"Electrodynamics","floor":40.0,"key":"SMITH"},{"floor":42.0,"key":"REST"},{"floor":49.0,"key":"REST"}],"neow_cost":"NO_GOLD","seed_source_timestamp":187957533864797,"circlet_count":0,"master_deck":["Strike_B+1","Strike_B+1","Strike_B","Strike_B","Defend_B","Defend_B","Defend_B","Defend_B","Zap+1","Dualcast+1","Steam","Defragment+1","Compile Driver+1","FTL","Go for the Eyes","Melter+1","Chaos+1","Self Repair","Amplify+1","Conserve Battery","Defragment+1","BootSequence+1","Reboot+1","Coolheaded+1","Leap+1","Multi-Cast+1","Coolheaded+1","Electrodynamics+1","Redo+1","Doubt","Ball Lightning+1","Bandage Up+1","Apotheosis+1","The Bomb+1"],"special_seed":0,"relics":["Cracked Core","Old Coin","Letter Opener","Sozu","Meat on the Bone","GremlinMask","Singing Bowl","Toxic Egg 2","Membership Card","Cursed Key","Emotion Chip","Blood Vial","Gambling Chip","Omamori","DataDisk","Nunchaku","Whetstone"],"potions_floor_usage":[],"damage_taken":[{"damage":3.0,"enemies":"2 Louse","floor":1.0,"turns":2.0},{"damage":0.0,"enemies":"Cultist","floor":3.0,"turns":4.0},{"damage":2.0,"enemies":"Jaw Worm","floor":7.0,"turns":3.0},{"damage":1.0,"enemies":"Large Slime","floor":8.0,"turns":4.0},{"damage":0.0,"enemies":"2 Fungi Beasts","floor":11.0,"turns":2.0},{"damage":10.0,"enemies":"Exordium Thugs","floor":13.0,"turns":3.0},{"damage":4.0,"enemies":"Looter","floor":14.0,"turns":3.0},{"damage":14.0,"enemies":"Hexaghost","floor":16.0,"turns":8.0},{"damage":15.0,"enemies":"Shell Parasite","floor":18.0,"turns":4.0},{"damage":0.0,"enemies":"Spheric Guardian","floor":20.0,"turns":1.0},{"damage":35.0,"enemies":"Snake Plant","floor":22.0,"turns":5.0},{"damage":12.0,"enemies":"Cultist and Chosen","floor":24.0,"turns":6.0},{"damage":22.0,"enemies":"Centurion and Healer","floor":29.0,"turns":6.0},{"damage":18.0,"enemies":"Snecko","floor":31.0,"turns":6.0},{"damage":55.0,"enemies":"Champ","floor":33.0,"turns":15.0},{"damage":0.0,"enemies":"Orb Walker","floor":35.0,"turns":3.0},{"damage":7.0,"enemies":"3 Shapes","floor":38.0,"turns":7.0},{"damage":45.0,"enemies":"2 Orb Walkers","floor":39.0,"turns":5.0},{"damage":43.0,"enemies":"Reptomancer","floor":44.0,"turns":6.0},{"damage":0.0,"enemies":"Mind Bloom Boss Battle","floor":45.0,"turns":6.0},{"damage":55,"enemies":"Awakened One","floor":50,"turns":12}],"seed_played":"-4338728630155162392","potions_obtained":[{"floor":7.0,"key":"Dexterity Potion"},{"floor":8.0,"key":"Ancient Potion"},{"floor":13.0,"key":"FearPotion"}],"is_trial":false,"path_per_floor":["M","$","M","?","?","R","M","M","T","R","M","R","M","M","R","B",null,"M","?","M","$","M","R","M","?","T","$","R","M","$","M","R","B",null,"M","$","T","M","?","R","$","R","T","E","?","?","?","T","R","B",null],"character_chosen":"DEFECT","items_purchased":["Defragment","Toxic Egg 2","BootSequence+1","Membership Card","Coolheaded+1","Emotion Chip"],"campfire_rested":3,"item_purchase_floors":[2,27,27,30,30,36],"current_hp_per_floor":[65,65,65,50,50,50,48,47,47,47,47,47,37,33,33,26,63,55,55,55,55,46,46,53,53,53,53,53,50,50,51,73,37,66,73,73,73,75,42,42,42,64,64,42,51,51,41,41,63,38],"gold":225,"neow_bonus":"ONE_RARE_RELIC","is_prod":false,"is_daily":false,"chose_seed":false,"campfire_upgraded":7,"win_rate":0,"timestamp":1544600954,"path_taken":["M","$","M","?","?","R","M","M","T","R","M","R","?","M","R","BOSS","M","?","M","$","M","R","M","?","T","$","R","M","$","M","R","BOSS","M","$","?","M","?","R","?","R","T","E","?","?","?","?","R","BOSS"],"build_version":"2018-12-06","purchased_purges":1,"victory":true,"max_hp_per_floor":[75,75,75,75,75,75,75,75,75,75,75,75,75,75,75,75,75,75,75,75,75,75,75,75,75,75,75,75,75,75,75,75,75,75,75,75,75,75,75,75,75,75,75,75,75,75,75,75,75,75],"card_choices":[{"not_picked":["Redo","Loop"],"picked":"Steam","floor":1.0},{"not_picked":["Aggregate","Steam"],"picked":"Compile Driver","floor":3.0},{"not_picked":["Steam","Skim"],"picked":"FTL","floor":7.0},{"not_picked":["Stack","Compile Driver"],"picked":"Go for the Eyes","floor":8.0},{"not_picked":["Ball Lightning","Streamline"],"picked":"Melter","floor":11.0},{"not_picked":["Compile Driver","Stack"],"picked":"Chaos","floor":13.0},{"not_picked":["Sweeping Beam","Core Surge"],"picked":"Self Repair","floor":14.0},{"not_picked":["Hyperbeam","Reboot"],"picked":"Amplify","floor":16.0},{"not_picked":["Ball Lightning","Go for the Eyes"],"picked":"Conserve Battery","floor":18.0},{"not_picked":["Steam","Compile Driver","Rebound"],"picked":"SKIP","floor":20.0},{"not_picked":["Conserve Battery","Sweeping Beam"],"picked":"Defragment","floor":22.0},{"not_picked":["Reprogram","Gash","Sweeping Beam"],"picked":"SKIP","floor":24.0},{"not_picked":["Sweeping Beam+1","Fusion+1"],"picked":"Reboot+1","floor":29.0},{"not_picked":["Storm","Stack+1"],"picked":"Leap+1","floor":31.0},{"not_picked":["All For One","Amplify+1"],"picked":"Multi-Cast+1","floor":33.0},{"not_picked":["Static Discharge","Compile Driver+1"],"picked":"Coolheaded+1","floor":35.0},{"not_picked":["Compile Driver","Storm"],"picked":"Electrodynamics","floor":38.0},{"not_picked":["Auto Shields+1","Ball Lightning"],"picked":"Redo+1","floor":39.0},{"not_picked":["Steam+1","Sweeping Beam+1"],"picked":"Coolheaded+1","floor":44.0},{"not_picked":["Sweeping Beam+1","Undo+1"],"picked":"Ball Lightning+1","floor":45.0},{"not_picked":["Flash of Steel","Discovery+1"],"picked":"Bandage Up+1","floor":47.0},{"not_picked":["The Bomb+1","Thinking Ahead+1"],"picked":"Apotheosis+1","floor":47.0},{"not_picked":["Transmutation+1","Madness+1"],"picked":"The Bomb+1","floor":47.0}],"player_experience":204390,"relics_obtained":[{"floor":9.0,"key":"Letter Opener"},{"floor":26.0,"key":"Singing Bowl"},{"floor":37.0,"key":"Blood Vial"},{"floor":39.0,"key":"Gambling Chip"},{"floor":43.0,"key":"Omamori"},{"floor":44.0,"key":"DataDisk"},{"floor":45.0,"key":"Nunchaku"},{"floor":48.0,"key":"Whetstone"}],"event_choices":[{"damage_healed":0.0,"max_hp_gain":0.0,"max_hp_loss":0.0,"gold_gain":0.0,"event_name":"Shining Light","player_choice":"Entered Light","floor":4.0,"gold_loss":0.0,"damage_taken":15.0,"cards_upgraded":["Strike_B","Compile Driver"]},{"damage_healed":0.0,"max_hp_gain":0.0,"max_hp_loss":0.0,"gold_gain":100.0,"event_name":"Golden Shrine","player_choice":"Pray","floor":5.0,"gold_loss":0.0,"damage_taken":0.0},{"damage_healed":0.0,"max_hp_gain":0.0,"max_hp_loss":0.0,"gold_gain":0.0,"event_name":"Addict","player_choice":"Obtained Relic","floor":19.0,"gold_loss":85.0,"damage_taken":0.0,"relics_obtained":["Meat on the Bone"]},{"damage_healed":0.0,"max_hp_gain":0.0,"max_hp_loss":0.0,"gold_gain":0.0,"event_name":"FaceTrader","player_choice":"Trade","floor":25.0,"gold_loss":0.0,"damage_taken":0.0,"relics_obtained":["GremlinMask"]},{"damage_healed":0.0,"max_hp_gain":0.0,"max_hp_loss":0.0,"gold_gain":0.0,"event_name":"Mysterious Sphere","player_choice":"Fight","floor":39.0,"gold_loss":0.0,"damage_taken":0.0},{"damage_healed":0.0,"max_hp_gain":0.0,"max_hp_loss":0.0,"gold_gain":0.0,"event_name":"MindBloom","player_choice":"Fight","floor":45.0,"gold_loss":0.0,"damage_taken":0.0},{"cards_removed":["Coolheaded"],"damage_healed":0.0,"max_hp_gain":0.0,"max_hp_loss":0.0,"gold_gain":0.0,"event_name":"Falling","player_choice":"Removed Skill","floor":46.0,"gold_loss":0.0,"damage_taken":0.0},{"damage_healed":0.0,"max_hp_gain":0.0,"max_hp_loss":0.0,"gold_gain":0.0,"event_name":"SensoryStone","player_choice":"Memory 3","floor":47.0,"gold_loss":0.0,"damage_taken":10.0}],"is_beta":false,"boss_relics":[{"not_picked":["Philosopher\u0027s Stone","Orrery"],"picked":"Sozu"},{"not_picked":["Snecko Eye","Busted Crown"],"picked":"Cursed Key"}],"items_purged_floors":[41],"is_endless":false,"potions_floor_spawned":[7,8,13,20,24,29,38,44,45],"ascension_level":7}