{"gold_per_floor":[112,125,143,157,167,167,195,71,71,84,112,125,125,156,156,231,231,247,247,9,9,27,27,53,53,53,53,78,78,92,105,105,180,180,190,203,229,261,288,300,312,356,368,380,392,10,10,44,44,44],"floor_reached":51,"playtime":4981,"items_purged":["Strike_B","Defend_B"],"score":1246,"play_id":"876c898d-e313-408c-be43-ad3f0cae9f8e","local_time":"20190221233718","is_ascension_mode":true,"campfire_choices":[{"data":"Defragment","floor":6.0,"key":"SMITH"},{"floor":13.0,"key":"REST"},{"data":"Zap","floor":15.0,"key":"SMITH"},{"data":"Go for the Eyes","floor":23.0,"key":"SMITH"},{"data":"Recycle","floor":27.0,"key":"SMITH"},{"floor":32.0,"key":"REST"},{"data":"Creative AI","floor":40,"key":"SMITH"},{"data":"Glacier","floor":41,"key":"SMITH"},{"data":"Echo Form","floor":45,"key":"SMITH"},{"data":"The Bomb","floor":47,"key":"SMITH"},{"data":"Meteor Strike","floor":49,"key":"SMITH"}],"neow_cost":"NONE","seed_source_timestamp":461949546199251,"circlet_count":0,"master_deck":["AscendersBane","Defend_B","Defend_B","Defend_B","Zap+1","Dualcast","Core Surge","Conserve Battery","Glacier+1","Ball Lightning","Defragment+1","Doom and Gloom","Chill","Hologram","Go for the Eyes+1","Sweeping Beam","Hologram","Hyperbeam","Doom and Gloom","Steam Power","The Bomb+1","Stack","Recycle+1","Creative AI+1","Conserve Battery+1","Meteor Strike+1","Coolheaded+1","Parasite","Skim+1","Echo Form+1","Madness","Mayhem","Coolheaded+1"],"special_seed":0,"relics":["FrozenCore","Odd Mushroom","Bronze Scales","Happy Flower","Mummified Hand","Vajra","Strawberry","WingedGreaves","Meat on the Bone","StoneCalendar","Eternal Feather","MawBank","Unceasing Top","Blood Vial","Toxic Egg 2"],"potions_floor_usage":[48,50,50],"damage_taken":[{"damage":1.0,"enemies":"Cultist","floor":1.0,"turns":3.0},{"damage":9.0,"enemies":"2 Louse","floor":2.0,"turns":2.0},{"damage":0.0,"enemies":"Jaw Worm","floor":3.0,"turns":4.0},{"damage":0.0,"enemies":"Blue Slaver","floor":4.0,"turns":3.0},{"damage":5.0,"enemies":"Looter","floor":5.0,"turns":3.0},{"damage":11.0,"enemies":"The Mushroom Lair","floor":7.0,"turns":4.0},{"damage":1.0,"enemies":"Red Slaver","floor":10.0,"turns":4.0},{"damage":21.0,"enemies":"Gremlin Nob","floor":11.0,"turns":5.0},{"damage":1.0,"enemies":"Exordium Wildlife","floor":12.0,"turns":3.0},{"damage":7.0,"enemies":"3 Sentries","floor":14.0,"turns":5.0},{"damage":15.0,"enemies":"The Guardian","floor":16.0,"turns":10.0},{"damage":1.0,"enemies":"Spheric Guardian","floor":18.0,"turns":4.0},{"damage":0.0,"enemies":"3 Byrds","floor":22.0,"turns":3.0},{"damage":13.0,"enemies":"Gremlin Leader","floor":24.0,"turns":6.0},{"damage":26.0,"enemies":"Slavers","floor":28.0,"turns":4.0},{"damage":0.0,"enemies":"Sentry and Sphere","floor":30.0,"turns":6.0},{"damage":4.0,"enemies":"Centurion and Healer","floor":31.0,"turns":5.0},{"damage":0.0,"enemies":"Champ","floor":33.0,"turns":10.0},{"damage":28.0,"enemies":"3 Darklings","floor":35.0,"turns":5.0},{"damage":14.0,"enemies":"Orb Walker","floor":36.0,"turns":6.0},{"damage":31.0,"enemies":"4 Shapes","floor":38.0,"turns":3.0},{"damage":29,"enemies":"Writhing Mass","floor":39,"turns":7},{"damage":11,"enemies":"Giant Head","floor":42,"turns":8},{"damage":41,"enemies":"Nemesis","floor":48,"turns":11},{"damage":56,"enemies":"Time Eater","floor":50,"turns":14}],"seed_played":"-7314741345903099925","potions_obtained":[{"floor":2.0,"key":"Strength Potion"},{"floor":3.0,"key":"SkillPotion"},{"floor":4.0,"key":"EssenceOfSteel"},{"floor":12.0,"key":"Dexterity Potion"},{"floor":22.0,"key":"Dexterity Potion"},{"floor":24.0,"key":"Weak Potion"},{"floor":30.0,"key":"Weak Potion"},{"floor":31.0,"key":"AttackPotion"},{"floor":36.0,"key":"PowerPotion"},{"floor":48,"key":"Block Potion"}],"is_trial":false,"path_per_floor":["M","M","M","M","M","R","?","$","T","M","E","M","R","E","R","B",null,"M","?","$","?","M","R","E","T","T","R","E","?","M","M","R","B",null,"M","M","T","M","M","R","R","E","T","?","R","$","R","E","R","B",null],"character_chosen":"DEFECT","items_purchased":["Hologram","Dexterity Potion","The Bomb","Mayhem","Weak Potion","Fire Potion"],"campfire_rested":2,"item_purchase_floors":[8,20,20,46,46,46],"current_hp_per_floor":[67,58,58,58,53,53,42,42,42,41,20,19,41,34,34,19,61,60,60,60,60,60,60,54,54,54,54,40,40,52,48,72,72,80,52,50,50,31,14,32,50,51,51,51,69,69,82,53,71,29],"gold":44,"neow_bonus":"ONE_RANDOM_RARE_CARD","is_prod":false,"is_daily":false,"chose_seed":false,"campfire_upgraded":9,"win_rate":0,"timestamp":1550767038,"path_taken":["M","M","M","M","M","R","?","$","T","M","E","M","R","E","R","BOSS","M","?","$","?","M","R","E","?","T","R","E","?","M","M","R","BOSS","M","M","?","M","M","R","R","E","T","?","R","$","R","E","R","BOSS"],"build_version":"2019-01-23","purchased_purges":2,"victory":true,"max_hp_per_floor":[75,75,75,75,75,75,75,75,75,75,75,75,75,75,75,75,75,75,75,75,75,75,75,82,82,82,82,82,82,82,82,82,82,82,82,82,82,82,82,82,82,82,82,82,82,82,82,82,82,82],"card_choices":[{"not_picked":["Coolheaded","Turbo"],"picked":"Conserve Battery","floor":1.0},{"not_picked":["Hologram","Redo"],"picked":"Glacier","floor":2.0},{"not_picked":["Melter","Barrage"],"picked":"Ball Lightning","floor":3.0},{"not_picked":["White Noise","Rebound"],"picked":"Defragment","floor":4.0},{"not_picked":["Sweeping Beam","Machine Learning"],"picked":"Doom and Gloom","floor":5.0},{"not_picked":["Skim","Gash"],"picked":"Chill","floor":7.0},{"not_picked":["FTL","Doom and Gloom"],"picked":"Go for the Eyes","floor":10.0},{"not_picked":["Ball Lightning","Gash","Doom and Gloom"],"picked":"SKIP","floor":11.0},{"not_picked":["Stack","Go for the Eyes"],"picked":"Sweeping Beam","floor":12.0},{"not_picked":["Reinforced Body","Fusion"],"picked":"Hologram","floor":14.0},{"not_picked":["Rainbow","Buffer"],"picked":"Hyperbeam","floor":16.0},{"not_picked":["Barrage","Melter","Fusion"],"picked":"SKIP","floor":18.0},{"not_picked":["Darkness","Compile Driver"],"picked":"Stack","floor":22.0},{"not_picked":["Static Discharge","Heatsinks"],"picked":"Recycle","floor":24.0},{"not_picked":["Storm+1","Gash"],"picked":"Creative AI","floor":28.0},{"not_picked":["Hologram","Rebound"],"picked":"Conserve Battery+1","floor":30.0},{"not_picked":["Sweeping Beam+1","Rebound+1","Barrage"],"picked":"SKIP","floor":31.0},{"not_picked":["Creative AI","Hyperbeam"],"picked":"Meteor Strike","floor":33.0},{"not_picked":["Cold Snap","Sweeping Beam+1","Ball Lightning+1"],"picked":"SKIP","floor":35.0},{"not_picked":["Sweeping Beam+1","Conserve Battery","Gash+1"],"picked":"SKIP","floor":36.0},{"not_picked":["Scrape","Beam Cell"],"picked":"Coolheaded+1","floor":38.0},{"not_picked":["Barrage+1","Stack"],"picked":"Skim+1","floor":39},{"not_picked":["Hologram","Chill"],"picked":"Echo Form","floor":42},{"not_picked":["Trip","HandOfGreed"],"picked":"Madness","floor":44},{"not_picked":["FTL","Chaos"],"picked":"Coolheaded+1","floor":48}],"player_experience":366098,"relics_obtained":[{"floor":7.0,"key":"Odd Mushroom"},{"floor":9.0,"key":"Bronze Scales"},{"floor":11.0,"key":"Happy Flower"},{"floor":14.0,"key":"Mummified Hand"},{"floor":24.0,"key":"Strawberry"},{"floor":25.0,"key":"WingedGreaves"},{"floor":26.0,"key":"Meat on the Bone"},{"floor":28.0,"key":"StoneCalendar"},{"floor":37.0,"key":"MawBank"},{"floor":42,"key":"Unceasing Top"},{"floor":43,"key":"Blood Vial"},{"floor":48,"key":"Toxic Egg 2"}],"event_choices":[{"damage_healed":0.0,"max_hp_gain":0.0,"max_hp_loss":0.0,"gold_gain":0.0,"event_name":"Mushrooms","player_choice":"Fought Mushrooms","floor":7.0,"gold_loss":0.0,"damage_taken":0.0},{"damage_healed":0.0,"max_hp_gain":0.0,"max_hp_loss":0.0,"gold_gain":0.0,"cards_transformed":["Strike_B","Strike_B"],"event_name":"Drug Dealer","player_choice":"Became Test Subject","floor":19.0,"gold_loss":0.0,"damage_taken":0.0,"cards_obtained":["Doom and Gloom","Steam Power"]},{"damage_healed":0.0,"max_hp_gain":0.0,"max_hp_loss":0.0,"gold_gain":0.0,"event_name":"The Mausoleum","player_choice":"Opened","floor":21.0,"gold_loss":0.0,"damage_taken":0.0,"relics_obtained":["Vajra"]},{"cards_removed":["Strike_B"],"damage_healed":0.0,"max_hp_gain":0.0,"max_hp_loss":0.0,"gold_gain":0.0,"event_name":"Purifier","player_choice":"Purged","floor":29.0,"gold_loss":0.0,"damage_taken":0.0},{"damage_healed":0,"gold_gain":0,"player_choice":"Memory 1","damage_taken":0,"max_hp_gain":0,"max_hp_loss":0,"event_name":"SensoryStone","floor":44,"gold_loss":0}],"is_beta":false,"boss_relics":[{"not_picked":["Snecko Eye","Fusion Hammer"],"picked":"FrozenCore"},{"not_picked":["Calling Bell","White Beast Statue"],"picked":"Eternal Feather"}],"items_purged_floors":[8,46],"is_endless":false,"potions_floor_spawned":[2,3,4,5,12,22,24,30,31,36,48],"ascension_level":13}