{"path_per_floor":["M","M","M","?","?","E","R","M","T","?","E","T","M","M","R","B",null,"M","M","M","?","?","R","$","M","T"],"character_chosen":"IRONCLAD","items_purchased":["Purity","Metallicize","Shrug It Off","Champion Belt"],"gold_per_floor":[14,31,41,41,41,66,66,83,110,110,143,143,153,169,169,264,264,278,288,303,303,603,603,42,56,56],"floor_reached":27,"campfire_rested":1,"playtime":1505,"current_hp_per_floor":[69,70,69,53,53,38,38,46,46,46,29,29,16,19,58,49,80,40,41,30,15,15,15,15,11,11],"items_purged":["Pain"],"gold":56,"score":225,"play_id":"35102ce1-7f8d-4fa7-bc0d-d7522da6365c","is_prod":false,"is_daily":false,"is_ascension_mode":false,"campfire_upgraded":2,"path_taken":["M","M","M","?","?","E","R","M","T","?","E","?","M","M","R","BOSS","M","M","M","?","?","R","$","?","T","E"],"build_version":"2018-02-08-PROD1","purchased_purges":1,"victory":false,"master_deck":["Strike_R+1","Strike_R","Strike_R","Strike_R","Defend_R","Defend_R","Defend_R","Defend_R","Bash","Barricade+1","Body Slam+1","Disarm","Intimidate","Fire Breathing+1","Clothesline","Flame Barrier","Warcry","Impervious","Parasite","Clumsy","Cleave","Body Slam","Evolve+1","Purity","Metallicize","Shrug It Off","Warcry"],"max_hp_per_floor":[80,80,80,80,80,80,80,80,80,80,80,80,80,80,80,80,80,80,80,80,85,85,85,85,85,85],"relics":["Burning Blood","Bird Faced Urn","Blood Vial","Regal Pillow","Shovel","Calling Bell","Red Skull","Calipers","Omamori","Old Coin","Champion Belt","Ice Cream"],"card_choices":[{"not_picked":["Brutality","Immolate"],"picked":"Barricade"},{"not_picked":["Searing Blow","Clothesline"],"picked":"Body Slam"},{"not_picked":["Whirlwind","Shockwave"],"picked":"Disarm"},{"not_picked":["Flex","Headbutt"],"picked":"Intimidate"},{"not_picked":["Twin Strike","Barricade"],"picked":"Clothesline"},{"not_picked":["Shrug It Off","Clash"],"picked":"Flame Barrier"},{"not_picked":["Combust","True Grit"],"picked":"Warcry"},{"not_picked":["Bludgeon","Double Tap"],"picked":"Impervious"},{"not_picked":["Burning Pact","Wild Strike"],"picked":"Cleave"},{"not_picked":["Spot Weakness","Cleave"],"picked":"Body Slam"},{"not_picked":["Anger","Rupture"],"picked":"Evolve"},{"not_picked":["Twin Strike","Clothesline"],"picked":"Warcry"}],"player_experience":43092,"potions_floor_usage":[6,16,16,25,27,27],"damage_taken":[{"damage":17,"enemies":"2 Louse","floor":1,"turns":3},{"damage":5,"enemies":"Small Slimes","floor":2,"turns":4},{"damage":7,"enemies":"Jaw Worm","floor":3,"turns":6},{"damage":21,"enemies":"3 Sentries","floor":6,"turns":10},{"damage":0,"enemies":"3 Louse","floor":8,"turns":4},{"damage":29,"enemies":"Lagavulin","floor":11,"turns":10},{"damage":25,"enemies":"Gremlin Gang","floor":13,"turns":6},{"damage":7,"enemies":"Looter","floor":14,"turns":4},{"damage":21,"enemies":"The Guardian","floor":16,"turns":12},{"damage":50,"enemies":"Spheric Guardian","floor":18,"turns":8},{"damage":11,"enemies":"3 Byrds","floor":19,"turns":6},{"damage":23,"enemies":"Snake Plant","floor":20,"turns":6},{"damage":20,"enemies":"Centurion and Healer","floor":25,"turns":10},{"damage":22,"enemies":"Gremlin Leader","floor":27,"turns":3}],"event_choices":[{"event_name":"Shining Light","player_choice":"Entered Light","floor":4,"damage_taken":0},{"event_name":"Transmorgrifier","player_choice":"Transform","floor":5,"damage_taken":0},{"event_name":"Living Wall","player_choice":"Grow","floor":10,"damage_taken":0},{"event_name":"Forgotten Altar","player_choice":"Shed Blood","floor":21,"damage_taken":0},{"event_name":"Accursed Blacksmith","player_choice":"Rummage","floor":22,"damage_taken":0}],"boss_relics":[{"not_picked":["Runic Pyramid","Lizard Tail"],"picked":"Calling Bell"}],"potions_floor_spawned":[1,11,14,16,18,19],"seed_played":"8034378802246600622","killed_by":"Gremlin Leader","ascension_level":0,"is_trial":false}