{"gold_per_floor":[113,113,132,151,151,151,175,175,175,189,189,223,223,223,223,343,343,367,367,392,392,412,412,428,428,503,503,349,349,370,383,383,512,512,533,533,533],"floor_reached":37,"playtime":2511,"items_purged":["Injury"],"score":461,"play_id":"a78ef51f-a55b-4320-b52c-5d71187094d6","local_time":"20181202190154","is_ascension_mode":true,"campfire_choices":[{"data":"Zap","floor":6.0,"key":"SMITH"},{"data":"Dualcast","floor":11.0,"key":"SMITH"},{"floor":13.0,"key":"REST"},{"floor":15.0,"key":"REST"},{"floor":23.0,"key":"REST"},{"floor":25.0,"key":"REST"},{"data":"Go for the Eyes","floor":29.0,"key":"SMITH"},{"floor":32.0,"key":"REST"}],"neow_cost":"NONE","seed_source_timestamp":0,"circlet_count":0,"master_deck":["Strike_B","Defend_B","Defend_B","Defend_B","Defend_B","Zap+1","Dualcast+1","Steam","Coolheaded","Redo+1","Cold Snap+1","Ball Lightning","Hologram","Buffer+1","Go for the Eyes+1","Coolheaded","Echo Form+1","Consume","Skim","Defragment+1","Leap+1","Double Energy+1","Loop+1","Hologram","Reboot","Buffer+1","Storm+1","Consume+1","Machine Learning+1","Loop+1","Writhe"],"special_seed":0,"relics":["Cracked Core","Lantern","Golden Idol","Question Card","Dodecahedron","Frozen Egg 2","Orrery","Bottled Flame","Astrolabe"],"potions_floor_usage":[],"damage_taken":[{"damage":1.0,"enemies":"Cultist","floor":1.0,"turns":3.0},{"damage":2.0,"enemies":"Jaw Worm","floor":3.0,"turns":3.0},{"damage":0.0,"enemies":"Small Slimes","floor":4.0,"turns":2.0},{"damage":15.0,"enemies":"3 Louse","floor":7.0,"turns":4.0},{"damage":11.0,"enemies":"Large Slime","floor":10.0,"turns":10.0},{"damage":17.0,"enemies":"3 Sentries","floor":12.0,"turns":7.0},{"damage":32.0,"enemies":"Slime Boss","floor":16.0,"turns":15.0},{"damage":18.0,"enemies":"3 Byrds","floor":18.0,"turns":5.0},{"damage":5.0,"enemies":"Shell Parasite","floor":20.0,"turns":7.0},{"damage":12.0,"enemies":"Centurion and Healer","floor":22.0,"turns":9.0},{"damage":18.0,"enemies":"Cultist and Chosen","floor":24.0,"turns":8.0},{"damage":0.0,"enemies":"Sentry and Sphere","floor":30.0,"turns":7.0},{"damage":0.0,"enemies":"Centurion and Healer","floor":31.0,"turns":6.0},{"damage":62.0,"enemies":"Collector","floor":33.0,"turns":15.0},{"damage":14,"enemies":"Orb Walker","floor":35,"turns":4},{"damage":67,"enemies":"3 Darklings","floor":37,"turns":3}],"seed_played":"-4195345712485092135","potions_obtained":[{"floor":7.0,"key":"Block Potion"},{"floor":10.0,"key":"GamblersBrew"},{"floor":16.0,"key":"Swift Potion"},{"floor":21.0,"key":"Explosive Potion"},{"floor":30.0,"key":"Poison Potion"},{"floor":35,"key":"Strength Potion"}],"is_trial":false,"path_per_floor":["M","?","M","M","?","R","M","T","T","M","R","E","R","?","R","B",null,"M","?","M","?","M","R","M","R","T","?","$","R","M","M","R","B",null,"M","?","M"],"character_chosen":"DEFECT","items_purchased":["Loop+1"],"campfire_rested":5,"item_purchase_floors":[28],"current_hp_per_floor":[74,74,72,72,72,72,57,57,57,46,46,29,51,36,58,26,63,45,45,40,40,28,50,32,54,54,54,54,54,54,54,75,13,60,46,65,0],"gold":533,"neow_bonus":"RANDOM_COMMON_RELIC","is_prod":false,"is_daily":false,"chose_seed":false,"campfire_upgraded":3,"win_rate":0,"timestamp":1543744914,"path_taken":["M","?","M","M","?","R","M","?","T","M","R","E","R","?","R","BOSS","M","?","M","?","?","R","M","R","T","?","$","R","M","M","R","BOSS","M","?","M"],"build_version":"2018-11-15","purchased_purges":1,"victory":false,"max_hp_per_floor":[75,75,75,75,75,75,75,75,75,75,75,75,75,75,75,75,75,75,75,75,75,75,75,75,75,75,75,75,75,75,75,75,75,75,75,75,75],"card_choices":[{"not_picked":["Beam Cell","Turbo"],"picked":"Steam","floor":1.0},{"not_picked":["Skim","Turbo"],"picked":"Coolheaded","floor":3.0},{"not_picked":["Rebound","Fusion"],"picked":"Redo","floor":4.0},{"not_picked":["Gash","Turbo"],"picked":"Cold Snap","floor":7.0},{"not_picked":["Gash","Force Field","Reprogram"],"picked":"Ball Lightning","floor":10.0},{"not_picked":["Thunder Strike","FTL","Fission"],"picked":"Hologram","floor":12.0},{"not_picked":["Creative AI+1","Multi-Cast","Rainbow"],"picked":"Buffer+1","floor":16.0},{"not_picked":["Streamline","Steam","Hologram"],"picked":"Go for the Eyes","floor":17.0},{"not_picked":["Steam","Aggregate","Undo"],"picked":"Coolheaded","floor":17.0},{"not_picked":["Glacier","Beam Cell","Compile Driver"],"picked":"Echo Form+1","floor":17.0},{"not_picked":["Streamline","Auto Shields","Beam Cell"],"picked":"Consume","floor":17.0},{"not_picked":["Stack","Aggregate","Rip and Tear"],"picked":"Skim","floor":17.0},{"not_picked":["Conserve Battery+1","Undo+1","Storm+1"],"picked":"Defragment+1","floor":18.0},{"not_picked":["Sweeping Beam","Coolheaded","Stack"],"picked":"Leap+1","floor":20.0},{"not_picked":["Turbo","Storm+1","Lockon+1","Compile Driver"],"picked":"SKIP","floor":22.0},{"not_picked":["Streamline+1","Sweeping Beam","Seek"],"picked":"Double Energy+1","floor":24.0},{"not_picked":["Reinforced Body+1","Recycle","Chaos"],"picked":"Hologram","floor":30.0},{"not_picked":["Beam Cell","Compile Driver","Gash+1"],"picked":"Reboot","floor":31.0},{"not_picked":["Amplify","Seek","Reboot"],"picked":"Buffer+1","floor":33.0},{"not_picked":["Sunder","Rebound","Leap+1"],"picked":"Loop+1","floor":35}],"player_experience":153131,"relics_obtained":[{"floor":8.0,"key":"Question Card"},{"floor":9.0,"key":"Dodecahedron"},{"floor":12.0,"key":"Frozen Egg 2"},{"floor":26.0,"key":"Bottled Flame"}],"event_choices":[{"damage_healed":0.0,"max_hp_gain":0.0,"max_hp_loss":0.0,"gold_gain":0.0,"event_name":"Golden Idol","player_choice":"Take Wound","floor":2.0,"gold_loss":0.0,"damage_taken":0.0,"relics_obtained":["Golden Idol"],"cards_obtained":["Injury"]},{"damage_healed":0.0,"max_hp_gain":0.0,"max_hp_loss":0.0,"gold_gain":0.0,"event_name":"Liars Game","player_choice":"Ignored","floor":5.0,"gold_loss":0.0,"damage_taken":0.0},{"damage_healed":0.0,"max_hp_gain":0.0,"max_hp_loss":0.0,"gold_gain":0.0,"event_name":"Shining Light","player_choice":"Entered Light","floor":14.0,"gold_loss":0.0,"damage_taken":15.0,"cards_upgraded":["Cold Snap","Redo"]},{"damage_healed":0.0,"max_hp_gain":0.0,"max_hp_loss":0.0,"gold_gain":0.0,"event_name":"Vampires","player_choice":"Ignored","floor":19.0,"gold_loss":0.0,"damage_taken":0.0},{"damage_healed":0.0,"max_hp_gain":0.0,"max_hp_loss":0.0,"gold_gain":0.0,"event_name":"Lab","player_choice":"Got Potions","floor":21.0,"gold_loss":0.0,"damage_taken":0.0},{"damage_healed":0.0,"max_hp_gain":0.0,"max_hp_loss":0.0,"gold_gain":0.0,"event_name":"Ghosts","player_choice":"Ignored","floor":27.0,"gold_loss":0.0,"damage_taken":0.0},{"damage_healed":19,"gold_gain":0,"player_choice":"Writhe","damage_taken":0,"max_hp_gain":0,"max_hp_loss":0,"event_name":"Winding Halls","floor":36,"gold_loss":0,"cards_obtained":["Writhe"]}],"is_beta":false,"boss_relics":[{"not_picked":["Empty Cage","Tiny House"],"picked":"Orrery"},{"not_picked":["Runic Pyramid","Philosopher\u0027s Stone"],"picked":"Astrolabe"}],"items_purged_floors":[28],"is_endless":false,"potions_floor_spawned":[7,10,16,20,30,35],"killed_by":"3 Darklings","ascension_level":5}