{"path_per_floor":["M","$","?","?","M","R","M","E","T","M","R","M","M","?","R","B",null,"M","?","M","M","M","R","E","M","T"],"character_chosen":"IRONCLAD","items_purchased":["Dramatic Entrance"],"gold_per_floor":[113,19,19,19,39,39,52,81,81,101,101,119,133,208,208,313,313,331,331,341,354,373,373,402,414,441],"floor_reached":27,"campfire_rested":0,"playtime":1839,"current_hp_per_floor":[52,52,45,26,28,28,34,24,24,30,30,36,51,40,40,32,96,96,96,93,85,72,72,59,66,66],"items_purged":[],"gold":441,"score":262,"play_id":"560b807e-c9c9-419a-aab9-5d55698ebf2a","is_prod":false,"is_daily":false,"is_ascension_mode":false,"campfire_upgraded":4,"path_taken":["M","$","?","?","M","R","M","E","T","?","R","M","?","?","R","BOSS","M","?","M","M","M","R","E","M","T","E"],"build_version":"2018-02-08-PROD1","purchased_purges":0,"victory":false,"master_deck":["Strike_R","Strike_R","Strike_R","Strike_R+1","Defend_R","Defend_R","Defend_R+1","Defend_R","Bash+1","Body Slam+1","Dramatic Entrance","Shrug It Off+1","Warcry+1","Reaper","Shrug It Off+1","Flame Barrier+1","Juggernaut","Intimidate+1","Metallicize","Evolve+1","Shrug It Off+1","Infernal Blade+1"],"max_hp_per_floor":[96,96,96,96,96,96,96,96,96,96,96,96,96,96,96,96,96,96,96,96,96,96,96,96,96,96],"relics":["Burning Blood","Toxic Egg 2","Red Skull","Question Card","Pen Nib","Omamori"],"card_choices":[{"not_picked":["Rampage","Feel No Pain"],"picked":"Body Slam"},{"not_picked":["Rupture","Body Slam"],"picked":"Shrug It Off"},{"not_picked":["Thunderclap","Shrug It Off"],"picked":"Warcry"},{"not_picked":["Headbutt","Clash"],"picked":"Reaper"},{"not_picked":["Thunderclap","Pummel"],"picked":"Shrug It Off"},{"not_picked":["Evolve","Rupture"],"picked":"Flame Barrier"},{"not_picked":["Bludgeon","Limit Break"],"picked":"Juggernaut"},{"not_picked":["Wild Strike","Flex","Infernal Blade"],"picked":"Intimidate"},{"not_picked":["Clothesline","Burning Pact","Heavy Blade"],"picked":"Metallicize"},{"not_picked":["Thunderclap","Iron Wave","Armaments"],"picked":"Evolve"},{"not_picked":["Twin Strike","Flex","Dropkick"],"picked":"Shrug It Off"},{"not_picked":["Heavy Blade","Flex","Thunderclap"],"picked":"Infernal Blade"}],"player_experience":34015,"potions_floor_usage":[8,22,27],"damage_taken":[{"damage":2,"enemies":"2 Louse","floor":1,"turns":3},{"damage":4,"enemies":"Blue Slaver","floor":5,"turns":5},{"damage":0,"enemies":"Cultist","floor":7,"turns":3},{"damage":16,"enemies":"Lagavulin","floor":8,"turns":5},{"damage":0,"enemies":"Large Slime","floor":10,"turns":5},{"damage":0,"enemies":"Exordium Wildlife","floor":12,"turns":2},{"damage":8,"enemies":"Exordium Thugs","floor":13,"turns":3},{"damage":14,"enemies":"Hexaghost","floor":16,"turns":11},{"damage":0,"enemies":"3 Byrds","floor":18,"turns":1},{"damage":9,"enemies":"Chosen","floor":20,"turns":7},{"damage":17,"enemies":"Snecko","floor":21,"turns":7},{"damage":27,"enemies":"Cultist and Chosen","floor":22,"turns":9},{"damage":28,"enemies":"Slavers","floor":24,"turns":8},{"damage":9,"enemies":"Centurion and Healer","floor":25,"turns":14},{"damage":84,"enemies":"Gremlin Leader","floor":27,"turns":9}],"event_choices":[{"event_name":"Golden Wing","player_choice":"Card Removal","floor":3,"damage_taken":0},{"event_name":"Shining Light","player_choice":"Entered Light","floor":4,"damage_taken":0},{"event_name":"World of Goop","player_choice":"Gather Gold","floor":14,"damage_taken":0},{"event_name":"Drug Dealer","player_choice":"Ignored","floor":19,"damage_taken":0}],"boss_relics":[{"not_picked":["Eternal Feather","Mark of Pain"],"picked":"Question Card"}],"potions_floor_spawned":[5,12,13,16,20,22,24],"seed_played":"7840109185517196175","killed_by":"Gremlin Leader","ascension_level":0,"is_trial":false}