{"path_per_floor":["M","M","?","?","T","E","?","R","T","M","$","E","M","E","R","B",null,"M","?","?","$","?","R"],"character_chosen":"DEFECT","items_purchased":["Auto Shields","White Noise","Storm"],"gold_per_floor":[17,32,32,32,32,60,60,60,60,72,32,59,77,110,110,214,214,225,225,254,30,30,30,30],"floor_reached":24,"campfire_rested":2,"playtime":691,"item_purchase_floors":[11,21,21],"current_hp_per_floor":[66,55,52,45,45,13,13,35,35,35,35,32,28,28,52,52,75,62,62,62,62,62,62,0],"items_purged":["Strike_B"],"gold":30,"score":351,"play_id":"b61e318e-4bc0-4a0f-8b16-0601e32461ca","local_time":"20180618205327","is_prod":false,"is_daily":false,"chose_seed":false,"is_ascension_mode":true,"campfire_upgraded":1,"win_rate":0,"timestamp":1529373207,"campfire_choices":[{"floor":8,"key":"REST"},{"floor":15,"key":"REST"},{"data":"Storm","floor":23,"key":"SMITH"}],"path_taken":["M","M","?","?","?","E","?","R","T","?","?","E","M","E","R","BOSS","M","?","?","$","?","R","E"],"build_version":"2018-06-14v2","seed_source_timestamp":2827615392695518,"purchased_purges":1,"victory":false,"master_deck":["Strike_B","Strike_B","Strike_B","Defend_B","Defend_B+1","Defend_B+1","Zap","Dualcast","Defragment+1","Reinforced Body","Lockon","White Noise","Auto Shields","Ball Lightning","Sweeping Beam","Rainbow","Loop","Self Repair","White Noise","Storm+1"],"max_hp_per_floor":[75,75,75,75,75,75,75,75,75,75,75,75,75,82,82,82,82,82,82,82,82,82,82,82],"relics":["Cracked Core","Turnip","Bag of Marbles","Letter Opener","Mercury Hourglass","War Paint","Pen Nib","DataDisk","Strawberry","Inserter","Red Mask"],"card_choices":[{"not_picked":["Go for the Eyes","Ball Lightning"],"picked":"Defragment","floor":1},{"not_picked":["Steam Power","Coolheaded"],"picked":"Reinforced Body","floor":2},{"not_picked":["Skim","Beam Cell"],"picked":"Lockon","floor":6},{"not_picked":["Turbo","Gash"],"picked":"White Noise","floor":10},{"not_picked":["Compile Driver","Redo"],"picked":"Ball Lightning","floor":12},{"not_picked":["Barrage","Fission","Gash"],"picked":"SKIP","floor":13},{"not_picked":["Barrage","Fission","Gash"],"picked":"SKIP","floor":13},{"not_picked":["Blizzard","Rip and Tear"],"picked":"Sweeping Beam","floor":14},{"not_picked":["Core Surge","Machine Learning"],"picked":"Rainbow","floor":16},{"not_picked":["Compile Driver","Cold Snap"],"picked":"Loop","floor":18},{"not_picked":["Ball Lightning","Sweeping Beam"],"picked":"Self Repair","floor":20}],"player_experience":400373,"potions_floor_usage":[20,24,24],"damage_taken":[{"damage":2,"enemies":"Jaw Worm","floor":1,"turns":3},{"damage":11,"enemies":"Small Slimes","floor":2,"turns":3},{"damage":32,"enemies":"Gremlin Nob","floor":6,"turns":5},{"damage":0,"enemies":"Cultist","floor":10,"turns":3},{"damage":3,"enemies":"3 Sentries","floor":12,"turns":5},{"damage":4,"enemies":"2 Fungi Beasts","floor":13,"turns":2},{"damage":7,"enemies":"Lagavulin","floor":14,"turns":5},{"damage":0,"enemies":"Slime Boss","floor":16,"turns":7},{"damage":13,"enemies":"Spheric Guardian","floor":18,"turns":4},{"damage":0,"floor":20,"turns":2},{"damage":74,"enemies":"Gremlin Leader","floor":24,"turns":4}],"relics_obtained":[{"floor":5,"key":"Letter Opener"},{"floor":6,"key":"Mercury Hourglass"},{"floor":9,"key":"Pen Nib"},{"floor":12,"key":"DataDisk"},{"floor":14,"key":"Strawberry"},{"floor":20,"key":"Red Mask"}],"event_choices":[{"event_name":"Scrap Ooze","player_choice":"success","floor":3,"damage_taken":3},{"event_name":"Golden Wing","player_choice":"Card Removal","floor":4,"damage_taken":0},{"event_name":"Dead Adventurer","player_choice":"Searched \u00272\u0027 times","floor":7,"damage_taken":0},{"event_name":"Upgrade Shrine","player_choice":"Upgraded","floor":19,"damage_taken":0},{"event_name":"Masked Bandits","player_choice":"Fought over 225 gold","floor":20,"damage_taken":0},{"event_name":"Vampires","player_choice":"Ignored","floor":22,"damage_taken":0}],"boss_relics":[{"not_picked":["Busted Crown","Fusion Hammer"],"picked":"Inserter"}],"items_purged_floors":[21],"is_endless":false,"potions_floor_spawned":[1,10,13,14,18,20],"seed_played":"-285280013988560444","killed_by":"Gremlin Leader","ascension_level":7,"potions_obtained":[{"floor":1,"key":"Energy Potion"},{"floor":10,"key":"Energy Potion"},{"floor":13,"key":"FearPotion"},{"floor":18,"key":"Swift Potion"},{"floor":20,"key":"Swift Potion"}],"is_trial":false}