{"path_per_floor":["M","?","M","$","M","R","E","M","T","M","M","?","E","?","R","B",null,"M","?","?","M","M","E","R","M","T","$","M","E","T","E","R","B",null,"M","M","?","?","M","R","E","R","T","M","M","?","E","$","R","B"],"character_chosen":"DEFECT","items_purchased":["Compile Driver","Gash","Defragment","GamblersBrew","Apotheosis","Art of War","Strawberry"],"gold_per_floor":[110,110,124,23,37,37,71,87,87,102,113,113,144,144,144,241,241,252,252,252,267,285,316,316,329,375,109,128,158,158,183,183,286,286,305,321,321,321,332,332,365,365,440,457,474,474,506,21,21,21],"floor_reached":51,"campfire_rested":5,"playtime":3041,"item_purchase_floors":[4,27,27,27,48,48,48],"current_hp_per_floor":[69,69,65,65,64,64,56,38,38,32,27,27,20,2,24,36,75,57,57,57,49,39,27,49,48,48,48,48,34,34,26,48,48,75,72,50,64,64,54,80,65,65,75,64,55,86,73,80,112,28],"items_purged":["Strike_B","Strike_B","Writhe"],"gold":21,"score":955,"play_id":"fbd1d7d6-e617-44c3-b0b2-f6ebdf188271","local_time":"20180609002850","is_prod":false,"is_daily":false,"chose_seed":false,"is_ascension_mode":true,"campfire_upgraded":2,"win_rate":0,"timestamp":1528522130,"campfire_choices":[{"data":"Sunder","floor":6,"key":"SMITH"},{"floor":15,"key":"REST"},{"floor":24,"key":"REST"},{"floor":32,"key":"REST"},{"floor":40,"key":"REST"},{"data":"Rainbow","floor":42,"key":"SMITH"},{"floor":49,"key":"REST"}],"path_taken":["M","?","?","?","M","R","E","M","T","M","M","?","E","?","R","BOSS","M","?","?","?","M","E","R","M","T","$","M","E","?","E","R","BOSS","M","M","?","?","?","R","E","R","T","M","M","?","E","?","R","BOSS"],"build_version":"2018-06-07v3","seed_source_timestamp":1974197636768238,"purchased_purges":3,"victory":true,"master_deck":["Strike_B","Strike_B","Defend_B","Defend_B","Defend_B","Defend_B","Zap","Dualcast","Echo Form","Tempest","Streamline","Compile Driver","Sunder+1","Auto Shields","Defragment+1","Reprogram+1","Conserve Battery","Coolheaded","Thunder Strike","Aggregate+1","Ball Lightning","Stack","Gash","Go for the Eyes+1","Rainbow+1","Stack","Fission","Static Discharge","Turbo+1","Tempest+1","Double Energy+1","Loop+1","Fusion","Go for the Eyes","Aggregate+1","Apotheosis"],"max_hp_per_floor":[75,75,75,75,75,75,75,75,75,75,75,75,75,75,75,75,75,75,75,75,75,75,75,75,75,75,75,75,75,75,75,75,75,75,75,75,89,89,89,89,89,89,99,99,99,105,105,112,112,117],"relics":["Cracked Core","DataDisk","Matryoshka","Bottled Flame","Runic Pyramid","Pen Nib","Darkstone Periapt","Oddly Smooth Stone","The Courier","Meat on the Bone","Question Card","Centennial Puzzle","Velvet Choker","Mango","Bag of Marbles","Pear","Bottled Tornado","Art of War","Strawberry"],"card_choices":[{"not_picked":["Beam Cell","Sweeping Beam"],"picked":"Tempest","floor":1},{"not_picked":["Static Discharge","Hologram"],"picked":"Streamline","floor":3},{"not_picked":["Reprogram","Echo Form"],"picked":"Sunder","floor":5},{"not_picked":["Aggregate","Beam Cell"],"picked":"Auto Shields","floor":7},{"not_picked":["Cold Snap","Go for the Eyes"],"picked":"Defragment","floor":8},{"not_picked":["Consume","Steam"],"picked":"Reprogram","floor":10},{"not_picked":["Blizzard","Recycle"],"picked":"Conserve Battery","floor":11},{"not_picked":["Chaos","Redo"],"picked":"Coolheaded","floor":13},{"not_picked":["Creative AI","Biased Cognition"],"picked":"Thunder Strike","floor":16},{"not_picked":["Redo+1","Storm"],"picked":"Aggregate+1","floor":18},{"not_picked":["Beam Cell","Coolheaded"],"picked":"Ball Lightning","floor":21},{"not_picked":["Tempest","FTL+1","Streamline"],"picked":"SKIP","floor":22},{"not_picked":["Streamline","Cold Snap"],"picked":"Stack","floor":23},{"not_picked":["Coolheaded","Streamline","Sweeping Beam"],"picked":"SKIP","floor":25},{"not_picked":["Skim","Melter"],"picked":"Go for the Eyes+1","floor":28},{"not_picked":["Recycle+1","Beam Cell"],"picked":"Rainbow","floor":29},{"not_picked":["Barrage","Skim","Steam"],"picked":"Stack","floor":31},{"not_picked":["Echo Form","Machine Learning","Biased Cognition"],"picked":"Fission","floor":33},{"not_picked":["Steam","Genetic Algorithm","Conserve Battery"],"picked":"Static Discharge","floor":35},{"not_picked":["Rebound+1","Coolheaded","Hologram+1"],"picked":"Turbo+1","floor":36},{"not_picked":["Heatsinks+1","Doom and Gloom","Consume"],"picked":"Tempest+1","floor":37},{"not_picked":["Storm","Sweeping Beam","Glacier"],"picked":"Double Energy+1","floor":39},{"not_picked":["Barrage+1","Hello World+1","Creative AI"],"picked":"Loop+1","floor":41},{"not_picked":["Storm+1","Conserve Battery","Ball Lightning"],"picked":"Fusion","floor":44},{"not_picked":["Sweeping Beam+1","Beam Cell+1","Storm"],"picked":"Go for the Eyes","floor":45},{"not_picked":["Rebound+1","Auto Shields","Reboot"],"picked":"Aggregate+1","floor":47}],"player_experience":354472,"potions_floor_usage":[13,13,16,23,23,29,31,33,50,50,50],"damage_taken":[{"damage":6,"enemies":"Jaw Worm","floor":1,"turns":5},{"damage":4,"enemies":"Small Slimes","floor":3,"turns":3},{"damage":1,"enemies":"Cultist","floor":5,"turns":3},{"damage":8,"enemies":"3 Sentries","floor":7,"turns":4},{"damage":18,"enemies":"Lots of Slimes","floor":8,"turns":4},{"damage":6,"enemies":"Red Slaver","floor":10,"turns":4},{"damage":5,"enemies":"Blue Slaver","floor":11,"turns":3},{"damage":7,"enemies":"Gremlin Nob","floor":13,"turns":3},{"damage":2,"enemies":"Slime Boss","floor":16,"turns":5},{"damage":18,"enemies":"3 Byrds","floor":18,"turns":3},{"damage":8,"enemies":"Chosen","floor":21,"turns":4},{"damage":10,"enemies":"Centurion and Healer","floor":22,"turns":5},{"damage":12,"enemies":"Gremlin Leader","floor":23,"turns":5},{"damage":1,"enemies":"Cultist and Chosen","floor":25,"turns":4},{"damage":0,"enemies":"Chosen and Byrds","floor":28,"turns":5},{"damage":14,"enemies":"Slavers","floor":29,"turns":6},{"damage":20,"enemies":"Book of Stabbing","floor":31,"turns":6},{"damage":0,"enemies":"Champ","floor":33,"turns":9},{"damage":3,"enemies":"3 Shapes","floor":35,"turns":4},{"damage":22,"enemies":"Orb Walker","floor":36,"turns":3},{"damage":0,"floor":37,"turns":6},{"damage":10,"enemies":"Maw","floor":39,"turns":6},{"damage":15,"enemies":"Giant Head","floor":41,"turns":7},{"damage":11,"enemies":"4 Shapes","floor":44,"turns":3},{"damage":21,"enemies":"3 Darklings","floor":45,"turns":4},{"damage":13,"enemies":"Nemesis","floor":47,"turns":5},{"damage":101,"enemies":"Awakened One","floor":50,"turns":7}],"relics_obtained":[{"floor":7,"key":"DataDisk"},{"floor":9,"key":"Matryoshka"},{"floor":13,"key":"Bottled Flame"},{"floor":23,"key":"Pen Nib"},{"floor":26,"key":"Darkstone Periapt"},{"floor":26,"key":"Oddly Smooth Stone"},{"floor":29,"key":"The Courier"},{"floor":30,"key":"Meat on the Bone"},{"floor":30,"key":"Question Card"},{"floor":31,"key":"Centennial Puzzle"},{"floor":37,"key":"Mango"},{"floor":41,"key":"Bag of Marbles"},{"floor":43,"key":"Pear"},{"floor":47,"key":"Bottled Tornado"}],"event_choices":[{"event_name":"Liars Game","player_choice":"disagreed","floor":2,"damage_taken":0},{"event_name":"Living Wall","player_choice":"Grow","floor":12,"damage_taken":0},{"event_name":"Scrap Ooze","player_choice":"unsuccessful","floor":14,"damage_taken":18},{"event_name":"Drug Dealer","player_choice":"Ignored","floor":19,"damage_taken":0},{"event_name":"Upgrade Shrine","player_choice":"Upgraded","floor":20,"damage_taken":0},{"event_name":"MindBloom","player_choice":"Fight","floor":37,"damage_taken":0},{"event_name":"Falling","player_choice":"Removed Power","floor":38,"damage_taken":0},{"event_name":"Winding Halls","player_choice":"Writhe","floor":46,"damage_taken":0}],"boss_relics":[{"not_picked":["Busted Crown","Runic Dome"],"picked":"Runic Pyramid"},{"not_picked":["Philosopher\u0027s Stone","Astrolabe"],"picked":"Velvet Choker"}],"items_purged_floors":[4,27,48],"potions_floor_spawned":[3,7,8,13,16,28,31,33,35,37,39,47],"seed_played":"944029427080445945","ascension_level":2,"potions_obtained":[{"floor":3,"key":"EssenceOfSteel"},{"floor":7,"key":"Swift Potion"},{"floor":8,"key":"PowerPotion"},{"floor":13,"key":"Regen Potion"},{"floor":16,"key":"FocusPotion"},{"floor":28,"key":"Block Potion"},{"floor":31,"key":"AttackPotion"},{"floor":33,"key":"FearPotion"},{"floor":35,"key":"Regen Potion"},{"floor":37,"key":"Fire Potion"},{"floor":39,"key":"AttackPotion"},{"floor":47,"key":"Fruit Juice"}],"is_trial":false}