{"gold_per_floor":[139,439,459,470,485,485,485,511,563,593,160,160,180,86,86,182,182,157,87,112,131,131,131,230,260,260,280,280,306,326,426,426,530,530,540,640,652,671,721,721,27,27,51,80,80,96,126,144,144,144],"floor_reached":51,"playtime":2353,"items_purged":["Strike_B","Strike_B+1"],"score":1049,"play_id":"9b3b1aed-5054-4983-a06d-a9795744d510","local_time":"20190129214118","is_ascension_mode":true,"campfire_choices":[{"floor":6.0,"key":"REST"},{"floor":12.0,"key":"REST"},{"data":"Defragment","floor":15.0,"key":"SMITH"},{"data":"Defragment","floor":23.0,"key":"SMITH"},{"data":"Rainbow","floor":28.0,"key":"SMITH"},{"floor":32.0,"key":"REST"},{"floor":40.0,"key":"REST"},{"data":"Creative AI","floor":45.0,"key":"SMITH"},{"floor":49,"key":"REST"}],"neow_cost":"NONE","seed_source_timestamp":0,"circlet_count":0,"master_deck":["Strike_B+1","Strike_B+1","Defend_B+1","Defend_B+1","Defend_B+1","Defend_B+1","Zap","Dualcast","Conserve Battery","Genetic Algorithm+1","Go for the Eyes","Double Energy","Sunder","Consume","Loop","Leap","Defragment+1","Cold Snap","Rainbow+1","Defragment+1","Loop","Coolheaded","Creative AI+1","Defragment+1","Defragment+1","Parasite","Defragment+1","Leap+1"],"special_seed":0,"relics":["Cracked Core","Tiny Chest","Old Coin","Thread and Needle","Regal Pillow","Dream Catcher","Cables","Velvet Choker","Pen Nib","Shuriken","Question Card","Oddly Smooth Stone","Shovel","Bottled Flame","Inserter","Bird Faced Urn","Nunchaku","Bottled Tornado","Bag of Preparation","Cauldron","Blood Vial","Kunai","Incense Burner"],"potions_floor_usage":[48,50],"damage_taken":[{"damage":0.0,"enemies":"Cultist","floor":1.0,"turns":3.0},{"damage":2.0,"enemies":"Jaw Worm","floor":3.0,"turns":5.0},{"damage":8.0,"enemies":"Small Slimes","floor":4.0,"turns":4.0},{"damage":23.0,"enemies":"3 Louse","floor":5.0,"turns":5.0},{"damage":16.0,"enemies":"Lagavulin","floor":8.0,"turns":8.0},{"damage":26.0,"enemies":"Gremlin Nob","floor":10.0,"turns":5.0},{"damage":6.0,"enemies":"Large Slime","floor":13.0,"turns":6.0},{"damage":18.0,"enemies":"Hexaghost","floor":16.0,"turns":12.0},{"damage":10.0,"enemies":"2 Thieves","floor":18.0,"turns":5.0},{"damage":3.0,"enemies":"Spheric Guardian","floor":21.0,"turns":4.0},{"damage":1.0,"enemies":"Book of Stabbing","floor":25.0,"turns":5.0},{"damage":2.0,"enemies":"Snake Plant","floor":27.0,"turns":7.0},{"damage":2.0,"enemies":"Gremlin Leader","floor":29.0,"turns":8.0},{"damage":0.0,"enemies":"Snecko","floor":30.0,"turns":4.0},{"damage":0.0,"enemies":"Colosseum Slavers","floor":31.0,"turns":3.0},{"damage":0.0,"enemies":"Colosseum Nobs","floor":31.0,"turns":5.0},{"damage":10.0,"enemies":"Collector","floor":33.0,"turns":14.0},{"damage":0.0,"enemies":"Orb Walker","floor":35.0,"turns":4.0},{"damage":0.0,"enemies":"Mind Bloom Boss Battle","floor":36.0,"turns":9.0},{"damage":2.0,"enemies":"3 Darklings","floor":37.0,"turns":6.0},{"damage":0.0,"enemies":"Maw","floor":38.0,"turns":9.0},{"damage":33.0,"enemies":"2 Orb Walkers","floor":39.0,"turns":6.0},{"damage":21.0,"enemies":"Nemesis","floor":44.0,"turns":5.0},{"damage":0.0,"enemies":"Writhing Mass","floor":46.0,"turns":6.0},{"damage":36,"enemies":"Reptomancer","floor":47,"turns":7},{"damage":19,"enemies":"Transient","floor":48,"turns":5},{"damage":64,"enemies":"Time Eater","floor":50,"turns":7}],"seed_played":"-7326251863061788708","potions_obtained":[{"floor":5.0,"key":"SteroidPotion"},{"floor":10.0,"key":"Weak Potion"},{"floor":13.0,"key":"Dexterity Potion"},{"floor":16.0,"key":"Weak Potion"},{"floor":21.0,"key":"FocusPotion"},{"floor":27.0,"key":"Energy Potion"},{"floor":31.0,"key":"Fire Potion"},{"floor":33.0,"key":"Block Potion"},{"floor":41.0,"key":"SneckoOil"},{"floor":44.0,"key":"FocusPotion"},{"floor":48,"key":"Explosive Potion"}],"is_trial":false,"path_per_floor":["M","T","M","M","M","R","?","E","T","E","$","R","M","$","R","B",null,"M","$","T","M","?","R","?","E","T","M","R","E","M","?","R","B",null,"M","?","M","M","?","R","$","?","T","E","R","M","E","M","R","B",null],"character_chosen":"DEFECT","items_purchased":["Sunder","Cables","Consume","Defragment","Cold Snap","Defragment","Bottled Tornado","Bag of Preparation","Cauldron"],"campfire_rested":5,"item_purchase_floors":[11,11,11,14,14,19,41,41,41],"current_hp_per_floor":[68,68,66,58,35,57,57,41,41,15,15,52,46,46,46,28,63,53,53,53,50,50,50,50,49,49,47,47,45,45,45,75,65,73,73,73,75,75,47,75,75,75,75,68,68,75,54,51,75,37],"gold":144,"neow_bonus":"RANDOM_COMMON_RELIC","is_prod":false,"is_daily":false,"chose_seed":false,"campfire_upgraded":4,"win_rate":0,"timestamp":1548816078,"path_taken":["M","?","M","M","M","R","?","E","T","E","$","R","?","$","R","BOSS","M","$","?","M","?","R","?","E","T","M","R","E","M","?","R","BOSS","M","?","M","M","?","R","$","?","T","E","R","M","E","M","R","BOSS"],"build_version":"2019-01-23","purchased_purges":2,"victory":true,"max_hp_per_floor":[75,75,75,75,75,75,75,75,75,75,75,75,75,75,75,75,75,75,75,75,75,75,75,75,75,75,75,75,75,75,75,75,75,75,75,75,75,75,75,75,75,75,75,75,75,75,75,75,75,75],"card_choices":[{"not_picked":["Redo","Darkness"],"picked":"Conserve Battery","floor":1.0},{"not_picked":["Cold Snap","Recycle"],"picked":"Genetic Algorithm","floor":3.0},{"not_picked":["Leap","Aggregate"],"picked":"Go for the Eyes","floor":4.0},{"not_picked":["Fusion","Streamline"],"picked":"Double Energy","floor":5.0},{"not_picked":["Compile Driver","Lockon","Hologram"],"picked":"SKIP","floor":8.0},{"not_picked":["Meteor Strike","Streamline","Stack"],"picked":"SKIP","floor":10.0},{"not_picked":["Ball Lightning","Coolheaded"],"picked":"Loop","floor":12.0},{"not_picked":["Doom and Gloom","Hologram"],"picked":"Leap","floor":13.0},{"not_picked":["Meteor Strike","Hyperbeam"],"picked":"Rainbow","floor":16.0},{"not_picked":["Beam Cell+1","Blizzard","Doom and Gloom"],"picked":"SKIP","floor":18.0},{"not_picked":["Barrage","Streamline","Darkness"],"picked":"SKIP","floor":21.0},{"not_picked":["Leap","Barrage","Recycle"],"picked":"SKIP","floor":25.0},{"not_picked":["Compile Driver","Tempest","Hologram","Gash+1"],"picked":"SKIP","floor":27.0},{"not_picked":["Cold Snap","Ball Lightning","Tempest","Recycle"],"picked":"SKIP","floor":29.0},{"not_picked":["Stack","Barrage","Undo","Force Field+1"],"picked":"SKIP","floor":30.0},{"not_picked":["Hologram+1","Sunder","Compile Driver+1"],"picked":"Loop","floor":31.0},{"not_picked":["Stack","Barrage+1","Reboot"],"picked":"Coolheaded","floor":32.0},{"not_picked":["Reboot","Fission","Rainbow"],"picked":"Creative AI","floor":33.0},{"not_picked":["FTL","Lockon","Reprogram+1","Cold Snap"],"picked":"SKIP","floor":35.0},{"not_picked":["Sunder","Aggregate","Force Field+1","Auto Shields+1"],"picked":"SKIP","floor":37.0},{"not_picked":["Static Discharge","Compile Driver+1","Streamline","Fusion+1"],"picked":"SKIP","floor":38.0},{"not_picked":["Hologram+1","Leap+1","Meteor Strike"],"picked":"Defragment+1","floor":39.0},{"not_picked":["Hello World+1","Doom and Gloom+1","Streamline","Creative AI"],"picked":"SKIP","floor":44.0},{"not_picked":["Blizzard","Streamline","Rebound"],"picked":"Defragment+1","floor":46.0},{"not_picked":["Skim+1","Redo+1","Loop","Darkness"],"picked":"SKIP","floor":47},{"not_picked":["Go for the Eyes","Rebound","Conserve Battery","Force Field+1"],"picked":"SKIP","floor":48},{"not_picked":["Steam","Rip and Tear","Meteor Strike"],"picked":"Leap+1","floor":49}],"player_experience":164852,"relics_obtained":[{"floor":2.0,"key":"Old Coin"},{"floor":8.0,"key":"Thread and Needle"},{"floor":9.0,"key":"Regal Pillow"},{"floor":10.0,"key":"Dream Catcher"},{"floor":20.0,"key":"Pen Nib"},{"floor":25.0,"key":"Shuriken"},{"floor":26.0,"key":"Question Card"},{"floor":29.0,"key":"Oddly Smooth Stone"},{"floor":31.0,"key":"Shovel"},{"floor":31.0,"key":"Bottled Flame"},{"floor":36.0,"key":"Bird Faced Urn"},{"floor":39.0,"key":"Nunchaku"},{"floor":43.0,"key":"Blood Vial"},{"floor":44.0,"key":"Kunai"},{"floor":47,"key":"Incense Burner"}],"event_choices":[{"damage_healed":0.0,"max_hp_gain":0.0,"max_hp_loss":0.0,"gold_gain":0.0,"event_name":"Accursed Blacksmith","player_choice":"Forge","floor":7.0,"gold_loss":0.0,"damage_taken":0.0,"cards_upgraded":["Genetic Algorithm"]},{"damage_healed":0.0,"max_hp_gain":0.0,"max_hp_loss":0.0,"gold_gain":0.0,"event_name":"Back to Basics","player_choice":"Simplicity","floor":22.0,"gold_loss":0.0,"damage_taken":0.0,"cards_upgraded":["Strike_B","Strike_B","Strike_B","Defend_B","Defend_B","Defend_B","Defend_B"]},{"damage_healed":0.0,"max_hp_gain":0.0,"max_hp_loss":0.0,"gold_gain":99.0,"event_name":"Nest","player_choice":"Stole From Cult","floor":24.0,"gold_loss":0.0,"damage_taken":0.0},{"damage_healed":0.0,"max_hp_gain":0.0,"max_hp_loss":0.0,"gold_gain":0.0,"event_name":"Colosseum","player_choice":"Fight","floor":31.0,"gold_loss":0.0,"damage_taken":0.0},{"damage_healed":0.0,"max_hp_gain":0.0,"max_hp_loss":0.0,"gold_gain":0.0,"event_name":"Colosseum","player_choice":"Fought Nobs","floor":31.0,"gold_loss":0.0,"damage_taken":0.0},{"damage_healed":0.0,"max_hp_gain":0.0,"max_hp_loss":0.0,"gold_gain":0.0,"event_name":"MindBloom","player_choice":"Fight","floor":36.0,"gold_loss":0.0,"damage_taken":0.0},{"damage_healed":0.0,"max_hp_gain":0.0,"max_hp_loss":0.0,"gold_gain":0.0,"event_name":"Mysterious Sphere","player_choice":"Fight","floor":39.0,"gold_loss":0.0,"damage_taken":0.0},{"damage_healed":0.0,"max_hp_gain":0.0,"max_hp_loss":0.0,"gold_gain":0.0,"event_name":"Duplicator","player_choice":"Copied","floor":42.0,"gold_loss":0.0,"damage_taken":0.0,"cards_obtained":["Defragment"]}],"is_beta":false,"boss_relics":[{"not_picked":["Cursed Key","Nuclear Battery"],"picked":"Velvet Choker"},{"not_picked":["Runic Dome","Fusion Hammer"],"picked":"Inserter"}],"items_purged_floors":[11,41],"is_endless":false,"potions_floor_spawned":[5,10,13,16,21,27,31,33,37,38,44,48],"ascension_level":7}