{"path_per_floor":["M","?","?","$","M","R","E","R","T","R","T","E","M","M","R"],"character_chosen":"DEFECT","items_purchased":[],"gold_per_floor":[116,116,116,41,66,66,101,101,101,101,101,134,153,168,168,168],"floor_reached":16,"campfire_rested":2,"playtime":441,"item_purchase_floors":[],"current_hp_per_floor":[58,43,43,43,32,54,16,38,38,38,38,43,43,43,43,0],"items_purged":["Injury"],"gold":168,"score":146,"play_id":"6e595329-990c-437f-86ce-70ac12182ca8","local_time":"20180618202609","is_prod":false,"is_daily":false,"chose_seed":false,"is_ascension_mode":true,"campfire_upgraded":2,"win_rate":0,"timestamp":1529371569,"campfire_choices":[{"floor":6,"key":"REST"},{"floor":8,"key":"REST"},{"data":"Zap","floor":10,"key":"SMITH"},{"data":"Thunder Strike","floor":15,"key":"SMITH"}],"path_taken":["M","?","?","?","M","R","E","R","T","R","?","E","?","M","R","BOSS"],"build_version":"2018-06-14v2","seed_source_timestamp":2826226746867130,"purchased_purges":1,"victory":false,"master_deck":["Strike_B","Strike_B","Strike_B","Strike_B","Defend_B+1","Defend_B","Defend_B","Defend_B","Zap+1","Dualcast","Injury","Thunder Strike+1","Go for the Eyes+1","Sweeping Beam","Turbo","Hologram","Conserve Battery"],"max_hp_per_floor":[75,75,75,75,75,75,75,75,75,75,75,75,75,75,75,75],"special_seed":17701,"relics":["Cracked Core","Golden Idol","Boot","Meat on the Bone","Orichalcum","Matryoshka"],"card_choices":[{"not_picked":["Seek","Reboot"],"picked":"Thunder Strike","floor":0},{"not_picked":["Heatsinks","Gash"],"picked":"Go for the Eyes","floor":1},{"not_picked":["Rebound","Scrape"],"picked":"Sweeping Beam","floor":5},{"not_picked":["Go for the Eyes","Steam Power"],"picked":"Turbo","floor":7},{"not_picked":["Sweeping Beam","Multi-Cast"],"picked":"Hologram","floor":12},{"not_picked":["Streamline","Beam Cell"],"picked":"Conserve Battery","floor":13},{"not_picked":["Steam","Gash","Compile Driver"],"picked":"SKIP","floor":14}],"player_experience":399007,"potions_floor_usage":[12],"damage_taken":[{"damage":10,"enemies":"Cultist","floor":1,"turns":4},{"damage":11,"enemies":"Jaw Worm","floor":5,"turns":4},{"damage":38,"enemies":"Lagavulin","floor":7,"turns":8},{"damage":7,"enemies":"3 Sentries","floor":12,"turns":5},{"damage":0,"enemies":"2 Louse","floor":13,"turns":3},{"damage":0,"enemies":"Large Slime","floor":14,"turns":4},{"damage":44,"enemies":"Hexaghost","floor":16,"turns":9}],"relics_obtained":[{"floor":7,"key":"Boot"},{"floor":9,"key":"Meat on the Bone"},{"floor":11,"key":"Orichalcum"},{"floor":12,"key":"Matryoshka"}],"event_choices":[{"event_name":"Shining Light","player_choice":"Entered Light","floor":2,"damage_taken":0},{"event_name":"Golden Idol","player_choice":"Take Wound","floor":3,"damage_taken":0}],"boss_relics":[],"items_purged_floors":[4],"is_endless":false,"potions_floor_spawned":[7,14],"seed_played":"-2931390835073370897","killed_by":"Hexaghost","ascension_level":7,"potions_obtained":[{"floor":7,"key":"SteroidPotion"},{"floor":14,"key":"Energy Potion"}],"is_trial":false}