{"gold_per_floor":[176,209,248,299,353,353,353,353,376,474,474,516,578,633,633,633],"floor_reached":16,"playtime":1034,"items_purged":[],"score":312,"play_id":"71c04825-f466-4826-afb5-79d3295c4645","local_time":"20181110172930","daily_mods":["Shiny","Vintage","Allstar","Diverse","Colorless Cards","Heirloom","Time Dilation","Flight","Midas"],"is_ascension_mode":true,"campfire_choices":[{"floor":6,"key":"REST"},{"data":"1","floor":8,"key":"LIFT"},{"floor":15,"key":"DIG"}],"neow_cost":"","seed_source_timestamp":0,"circlet_count":0,"master_deck":["Demon Form","Wraith Form v2","Echo Form","AscendersBane","Multi-Cast","Hyperbeam","Thunder Strike","Biased Cognition","Machine Learning","Electrodynamics","Buffer","Rainbow","Seek","Meteor Strike","Echo Form","All For One","Reboot","Amplify","Creative AI","Fission","Core Surge","Venomology","Corpse Explosion","Malaise","Phantasmal Killer","Die Die Die","Adrenaline","Envenom","Doppelganger","Burst","Wraith Form v2","Tools of the Trade","Night Terror","Unload","After Image","Bullet Time","Storm of Steel","Glass Knife","A Thousand Cuts","Grand Finale","Double Tap","Demon Form","Bludgeon","Feed","Limit Break","Barricade","Fiend Fire","Dark Embrace","Berserk","Impervious","Juggernaut","Brutality","Reaper","Exhume","Offering","Immolate","Thinking Ahead","Metamorphosis","Master of Strategy","Magnetism","Chrysalis","Transmutation","HandOfGreed","Mayhem","Apotheosis","Secret Weapon","Panache","Violence","Secret Technique","The Bomb","Sadistic Nature","Impatience","Violence","Mayhem","Master of Strategy","Forethought","Madness","Injury","Offering"],"relics":["Unceasing Top","Girya","Strawberry","Dream Catcher","Letter Opener","Prayer Wheel","Blood Vial","Golden Idol","PreservedInsect","Shovel","Juzu Bracelet","StoneCalendar","DataDisk","Anchor"],"potions_floor_usage":[12,13,13,14],"damage_taken":[{"damage":8,"enemies":"Small Slimes","floor":1,"turns":2},{"damage":0,"enemies":"2 Louse","floor":2,"turns":1},{"damage":12,"enemies":"Jaw Worm","floor":3,"turns":2},{"damage":12,"enemies":"Exordium Wildlife","floor":4,"turns":2},{"damage":0,"enemies":"Exordium Thugs","floor":5,"turns":2},{"damage":0,"enemies":"Lagavulin","floor":10,"turns":2},{"damage":14,"enemies":"Large Slime","floor":12,"turns":5},{"damage":31,"enemies":"Blue Slaver","floor":13,"turns":4},{"damage":0,"enemies":"Gremlin Gang","floor":14,"turns":1},{"damage":46,"enemies":"Hexaghost","floor":16,"turns":5}],"seed_played":"2504471621075040843","potions_obtained":[{"floor":2,"key":"Fire Potion"},{"floor":3,"key":"Weak Potion"},{"floor":10,"key":"Regen Potion"},{"floor":14,"key":"Energy Potion"}],"is_trial":true,"path_per_floor":["M","M","M","M","M","R","?","R","T","E","?","M","M","M","R","B"],"character_chosen":"DEFECT","items_purchased":[],"campfire_rested":1,"item_purchase_floors":[],"current_hp_per_floor":[63,63,51,39,39,62,62,62,62,64,64,55,38,40,40,0],"gold":633,"neow_bonus":"","is_prod":false,"is_daily":false,"chose_seed":false,"campfire_upgraded":0,"win_rate":0,"timestamp":1541845770,"path_taken":["M","M","M","M","M","R","?","R","T","E","?","M","M","M","R","BOSS"],"build_version":"2018-11-08","purchased_purges":0,"victory":false,"max_hp_per_floor":[78,78,78,78,78,78,78,78,78,78,78,81,81,81,81,81],"card_choices":[{"not_picked":["Clash","Pommel Strike"],"picked":"Madness","floor":6},{"not_picked":["Endless Agony","Headbutt"],"picked":"Offering","floor":10}],"player_experience":48534,"relics_obtained":[{"floor":1,"key":"Strawberry"},{"floor":2,"key":"Dream Catcher"},{"floor":3,"key":"Letter Opener"},{"floor":4,"key":"Prayer Wheel"},{"floor":5,"key":"Blood Vial"},{"floor":9,"key":"PreservedInsect"},{"floor":10,"key":"Shovel"},{"floor":12,"key":"Juzu Bracelet"},{"floor":13,"key":"StoneCalendar"},{"floor":14,"key":"DataDisk"},{"floor":15,"key":"Anchor"}],"event_choices":[{"damage_healed":0,"gold_gain":0,"player_choice":"Take Wound","damage_taken":0,"relics_obtained":["Golden Idol"],"max_hp_gain":0,"max_hp_loss":0,"event_name":"Golden Idol","floor":7,"gold_loss":0,"cards_obtained":["Injury"]},{"damage_healed":0,"gold_gain":0,"player_choice":"Ignored","damage_taken":0,"max_hp_gain":0,"max_hp_loss":0,"event_name":"Shining Light","floor":11,"gold_loss":0}],"is_beta":false,"boss_relics":[],"items_purged_floors":[],"is_endless":true,"potions_floor_spawned":[2,3,10,14],"killed_by":"Hexaghost","ascension_level":20}