{"path_per_floor":["M","?","M","?","?","E","M","R","T","M","E","M","R","M","R","B",null,"M","M","?","?","$","R","E","R","T","T","E","M","M","M","R","B",null,"M","?","$","?","M","E","R","$","T","E","M","M","M","$","R","B"],"character_chosen":"IRONCLAD","items_purchased":["Whetstone","Prayer Wheel","Torii","Ornamental Fan","Evolve"],"gold_per_floor":[117,117,135,135,210,236,255,255,255,272,331,350,350,360,360,458,458,469,482,482,582,210,210,235,235,305,331,360,371,382,394,394,494,494,509,555,4,4,24,55,55,55,132,162,182,197,213,69,69,69],"floor_reached":51,"campfire_rested":0,"playtime":2002,"current_hp_per_floor":[66,66,71,76,65,42,46,46,46,59,59,59,59,68,68,39,74,53,62,62,62,62,62,66,66,66,66,64,65,61,66,66,53,85,51,54,54,54,66,71,71,71,71,95,73,68,95,95,95,60],"items_purged":["Strike_R","Strike_R"],"gold":69,"score":1271,"play_id":"2c3b5b26-ac40-4d53-afe3-83b38ec119a8","local_time":"20180426230342","is_prod":false,"is_daily":false,"chose_seed":false,"is_ascension_mode":true,"campfire_upgraded":8,"timestamp":1524801822,"path_taken":["M","?","M","?","?","E","M","R","T","M","E","M","R","?","R","BOSS","M","?","?","?","$","R","E","R","T","?","E","M","M","M","R","BOSS","M","?","$","?","?","E","R","?","T","E","M","?","M","$","R","BOSS"],"build_version":"2018-04-26","seed_source_timestamp":2113189563256121,"purchased_purges":2,"victory":true,"master_deck":["Strike_R","Strike_R+1","Defend_R","Defend_R","Defend_R","Defend_R","Bash+1","AscendersBane","Flame Barrier","Rampage+1","Carnage+1","Rage+1","Cleave","Fiend Fire","Demon Form+1","Whirlwind+1","Demon Form+1","Heavy Blade+1","Shockwave+1","Heavy Blade","Double Tap+1","Reaper","Pummel","Evolve+1"],"max_hp_per_floor":[80,80,80,85,85,85,85,85,85,85,85,85,85,85,85,85,85,85,85,85,85,85,85,85,85,85,85,95,95,95,95,95,95,95,95,95,95,95,95,95,95,95,95,95,95,95,95,95,95,95],"relics":["Burning Blood","Magic Flower","Meat on the Bone","Tiny Chest","Snecko Eye","Whetstone","Prayer Wheel","Gremlin Horn","Question Card","Oddly Smooth Stone","Pear","Mark of Pain","Bird Faced Urn","Torii","Ornamental Fan","Art of War","Bottled Tornado","The Courier"],"card_choices":[{"not_picked":["Anger","Second Wind"],"picked":"Flame Barrier","floor":1},{"not_picked":["Seeing Red","Disarm"],"picked":"Carnage","floor":3},{"not_picked":["Wild Strike","Searing Blow"],"picked":"Rage","floor":6},{"not_picked":["Flex","Twin Strike"],"picked":"Cleave","floor":10},{"not_picked":["Headbutt","Havoc"],"picked":"Fiend Fire","floor":12},{"not_picked":["Juggernaut","Dark Embrace"],"picked":"Demon Form","floor":16},{"not_picked":["Headbutt","Thunderclap"],"picked":"Whirlwind","floor":18},{"not_picked":["Clash","Havoc"],"picked":"Heavy Blade","floor":24},{"not_picked":["Metallicize","Flex"],"picked":"Shockwave","floor":26},{"not_picked":["Sever Soul","Shockwave","Entrench"],"picked":"Heavy Blade","floor":31},{"not_picked":["Feed","Offering","Immolate"],"picked":"Double Tap","floor":33},{"not_picked":["Perfected Strike","Clash","Warcry"],"picked":"Reaper","floor":40},{"not_picked":["Body Slam","Headbutt","Sever Soul"],"picked":"Pummel","floor":43}],"player_experience":278018,"potions_floor_usage":[6,11,24,28,39,50,50,50],"damage_taken":[{"damage":12,"enemies":"Small Slimes","floor":1,"turns":4},{"damage":1,"enemies":"Cultist","floor":3,"turns":3},{"damage":29,"enemies":"3 Sentries","floor":6,"turns":9},{"damage":5,"enemies":"2 Louse","floor":7,"turns":4},{"damage":14,"enemies":"Exordium Wildlife","floor":10,"turns":6},{"damage":27,"enemies":"Gremlin Nob","floor":11,"turns":4},{"damage":9,"enemies":"Lots of Slimes","floor":12,"turns":2},{"damage":0,"enemies":"Looter","floor":14,"turns":2},{"damage":56,"enemies":"The Guardian","floor":16,"turns":12},{"damage":30,"enemies":"Shell Parasite","floor":18,"turns":5},{"damage":0,"enemies":"Chosen","floor":19,"turns":3},{"damage":33,"enemies":"Book of Stabbing","floor":24,"turns":3},{"damage":39,"enemies":"Gremlin Leader","floor":28,"turns":5},{"damage":8,"enemies":"Snake Plant","floor":29,"turns":3},{"damage":13,"enemies":"Centurion and Healer","floor":30,"turns":5},{"damage":22,"enemies":"Sentry and Sphere","floor":31,"turns":4},{"damage":40,"enemies":"Champ","floor":33,"turns":6},{"damage":61,"enemies":"3 Shapes","floor":35,"turns":3},{"damage":24,"enemies":"Mysterious Sphere","floor":36,"turns":4},{"damage":21,"enemies":"3 Darklings","floor":39,"turns":5},{"damage":7,"enemies":"Giant Head","floor":40,"turns":5},{"damage":48,"enemies":"2 Orb Walkers","floor":44,"turns":4},{"damage":52,"enemies":"Sphere and 2 Shapes","floor":45,"turns":4},{"damage":36,"enemies":"4 Shapes","floor":46,"turns":2},{"damage":31,"enemies":"Maw","floor":47,"turns":5},{"damage":131,"enemies":"Donu and Deca","floor":50,"turns":6}],"event_choices":[{"event_name":"Match and Keep!","player_choice":"1 cards matched","floor":2,"damage_taken":0},{"event_name":"Big Fish","player_choice":"Donut","floor":4,"damage_taken":0},{"event_name":"World of Goop","player_choice":"Gather Gold","floor":5,"damage_taken":0},{"event_name":"Duplicator","player_choice":"One dupe","floor":20,"damage_taken":0},{"event_name":"Golden Shrine","player_choice":"Pray","floor":21,"damage_taken":0},{"event_name":"Mysterious Sphere","player_choice":"Fight","floor":36,"damage_taken":0},{"event_name":"Purifier","player_choice":"One Purge","floor":38,"damage_taken":0}],"boss_relics":[{"not_picked":["Ectoplasm","Philosopher\u0027s Stone"],"picked":"Snecko Eye"},{"not_picked":["Black Blood","Orrery"],"picked":"Mark of Pain"}],"potions_floor_spawned":[3,7,12,18,19,29,30,40,44],"seed_played":"-3751540801173395506","ascension_level":12,"is_trial":false}