{"gold_per_floor":[117,128,142,317,336,336,411,411,463,496,511,521,552,562,562,661,661,677,693,704,704,704,361,388,398,423,350,368,400,400,418,418,523,523,537,537,553,571,571],"floor_reached":39,"playtime":4132,"items_purged":["Doubt"],"score":437,"play_id":"6845b2fe-61e4-4193-8e0e-c90690748f48","local_time":"20190117193008","is_ascension_mode":false,"campfire_choices":[{"data":"Accuracy","floor":6.0,"key":"SMITH"},{"floor":15.0,"key":"REST"},{"floor":30,"key":"REST"},{"data":"Footwork","floor":32,"key":"SMITH"}],"neow_cost":"NONE","seed_source_timestamp":0,"circlet_count":0,"master_deck":["Defend_G","Defend_G","Defend_G","Defend_G","Defend_G","Strike_G","Strike_G","Strike_G","Strike_G","Strike_G","Survivor","Neutralize","Accuracy+1","Cloak And Dagger","Strike_G","Blade Dance","Well Laid Plans","Cloak And Dagger","Blade Dance+1","Cloak And Dagger","Footwork+1","Infinite Blades","Footwork+1","Corpse Explosion","Dodge and Roll"],"special_seed":0,"relics":["Ring of the Serpent","NeowsBlessing","Lantern","Bag of Marbles","Bag of Preparation","WristBlade","Regal Pillow","Question Card","Orichalcum","The Specimen"],"potions_floor_usage":[33],"damage_taken":[{"damage":0.0,"enemies":"Cultist","floor":1.0,"turns":1.0},{"damage":0.0,"enemies":"2 Louse","floor":2.0,"turns":1.0},{"damage":0.0,"enemies":"Jaw Worm","floor":3.0,"turns":1.0},{"damage":11.0,"enemies":"3 Louse","floor":5.0,"turns":8.0},{"damage":23.0,"enemies":"3 Sentries","floor":10.0,"turns":15.0},{"damage":1.0,"enemies":"Lots of Slimes","floor":11.0,"turns":6.0},{"damage":2.0,"enemies":"Exordium Thugs","floor":12.0,"turns":4.0},{"damage":18.0,"enemies":"Lagavulin","floor":13.0,"turns":9.0},{"damage":3.0,"enemies":"Large Slime","floor":14.0,"turns":5.0},{"damage":9.0,"enemies":"Slime Boss","floor":16.0,"turns":16.0},{"damage":0.0,"enemies":"Shell Parasite","floor":18.0,"turns":4.0},{"damage":3.0,"enemies":"2 Thieves","floor":19.0,"turns":4.0},{"damage":1.0,"enemies":"Snake Plant","floor":20.0,"turns":5.0},{"damage":1,"enemies":"Colosseum Slavers","floor":21,"turns":2},{"damage":7,"enemies":"Slavers","floor":24,"turns":5},{"damage":6,"enemies":"3 Cultists","floor":25,"turns":7},{"damage":0,"enemies":"Snecko","floor":28,"turns":4},{"damage":17,"enemies":"Book of Stabbing","floor":29,"turns":5},{"damage":0,"enemies":"Shelled Parasite and Fungi","floor":31,"turns":5},{"damage":38,"enemies":"Champ","floor":33,"turns":12},{"damage":30,"enemies":"3 Darklings","floor":35,"turns":3},{"damage":0,"enemies":"3 Shapes","floor":37,"turns":3},{"damage":23,"enemies":"Spire Growth","floor":38,"turns":7},{"damage":24,"enemies":"3 Darklings","floor":39,"turns":2}],"seed_played":"-9038571738917713667","potions_obtained":[{"floor":1.0,"key":"SpeedPotion"},{"floor":2.0,"key":"SkillPotion"},{"floor":3.0,"key":"Regen Potion"},{"floor":13.0,"key":"PowerPotion"},{"floor":18.0,"key":"EssenceOfSteel"},{"floor":20.0,"key":"Strength Potion"},{"floor":33,"key":"AttackPotion"},{"floor":35,"key":"PowerPotion"}],"is_trial":false,"path_per_floor":["M","M","M","?","M","R","?","?","T","E","M","M","E","M","R","B",null,"M","M","M","?","?","$","E","M","T","$","M","E","R","M","R","B",null,"M","$","M","M","M"],"character_chosen":"THE_SILENT","items_purchased":["Cloak And Dagger","Footwork","Regal Pillow","Infinite Blades"],"campfire_rested":2,"item_purchase_floors":[23,23,23,27],"current_hp_per_floor":[70,70,70,70,59,59,48,48,48,40,39,37,19,16,37,28,70,70,67,66,65,65,65,58,52,52,52,52,35,70,70,70,32,70,40,40,40,17,0],"gold":571,"neow_bonus":"THREE_ENEMY_KILL","is_prod":false,"is_daily":false,"chose_seed":false,"campfire_upgraded":2,"win_rate":0,"timestamp":1547749808,"path_taken":["M","?","M","?","M","R","?","?","T","E","M","M","E","M","R","BOSS","M","?","M","?","?","?","E","M","T","$","M","E","R","?","R","BOSS","M","?","M","M","M"],"build_version":"2019-01-16","purchased_purges":1,"victory":false,"max_hp_per_floor":[70,70,70,70,70,70,70,70,70,70,70,70,70,70,70,70,70,70,70,70,70,70,70,70,70,70,70,70,70,70,70,70,70,70,70,70,70,70,70],"card_choices":[{"not_picked":["Backstab","Poisoned Stab"],"picked":"Outmaneuver","floor":1.0},{"not_picked":["Heel Hook","Dagger Throw"],"picked":"Accuracy","floor":2.0},{"not_picked":["Dagger Spray","Setup"],"picked":"Cloak And Dagger","floor":3.0},{"not_picked":["Expertise","Dagger Spray","Sucker Punch"],"picked":"SKIP","floor":5.0},{"not_picked":["Die Die Die","Poisoned Stab"],"picked":"Blade Dance","floor":10.0},{"not_picked":["Flying Knee","All Out Attack","Heel Hook"],"picked":"SKIP","floor":11.0},{"not_picked":["Leg Sweep","Backstab"],"picked":"Well Laid Plans","floor":12.0},{"not_picked":["Prepared","Masterful Stab"],"picked":"Cloak And Dagger","floor":13.0},{"not_picked":["Expertise","All Out Attack","Slice"],"picked":"SKIP","floor":14.0},{"not_picked":["Backflip","Eviscerate"],"picked":"Blade Dance+1","floor":18.0},{"not_picked":["Concentrate","Outmaneuver","Tactician+1"],"picked":"SKIP","floor":19.0},{"not_picked":["Bouncing Flask","Noxious Fumes","Catalyst"],"picked":"SKIP","floor":20.0},{"not_picked":["Deflect","PiercingWail","Dodge and Roll+1"],"picked":"SKIP","floor":24},{"not_picked":["Deflect","Expertise+1","PiercingWail+1","Poisoned Stab"],"picked":"SKIP","floor":25},{"not_picked":["Deadly Poison","Blade Dance","Quick Slash"],"picked":"Footwork+1","floor":28},{"not_picked":["Skewer","Doppelganger","Caltrops","Quick Slash"],"picked":"SKIP","floor":29},{"not_picked":["PiercingWail","Flying Knee","Skewer","Deadly Poison+1"],"picked":"SKIP","floor":31},{"not_picked":["Night Terror","Bullet Time","Doppelganger"],"picked":"Corpse Explosion","floor":33},{"not_picked":["Blade Dance+1","Masterful Stab","Deadly Poison"],"picked":"Dodge and Roll","floor":35},{"not_picked":["Blade Dance+1","Dagger Spray+1","Reflex+1","Caltrops"],"picked":"SKIP","floor":37},{"not_picked":["Deflect+1","Blade Dance","Dagger Throw","Distraction+1"],"picked":"SKIP","floor":38}],"player_experience":116970,"relics_obtained":[{"floor":9.0,"key":"Lantern"},{"floor":10.0,"key":"Bag of Marbles"},{"floor":13.0,"key":"Bag of Preparation"},{"floor":24,"key":"Question Card"},{"floor":26,"key":"Orichalcum"},{"floor":29,"key":"The Specimen"}],"event_choices":[{"damage_healed":0.0,"max_hp_gain":0.0,"max_hp_loss":0.0,"gold_gain":175.0,"event_name":"Liars Game","player_choice":"AGREE","floor":4.0,"gold_loss":0.0,"damage_taken":0.0,"cards_obtained":["Doubt"]},{"damage_healed":0.0,"max_hp_gain":0.0,"max_hp_loss":0.0,"gold_gain":75.0,"event_name":"World of Goop","player_choice":"Gather Gold","floor":7.0,"gold_loss":0.0,"damage_taken":11.0},{"cards_removed":["Outmaneuver"],"damage_healed":0.0,"max_hp_gain":0.0,"max_hp_loss":0.0,"gold_gain":0.0,"event_name":"NoteForYourself","player_choice":"Took Card","floor":8.0,"gold_loss":0.0,"damage_taken":0.0,"cards_obtained":["Strike_G"]},{"damage_healed":0,"gold_gain":0,"player_choice":"Fight","damage_taken":0,"max_hp_gain":0,"max_hp_loss":0,"event_name":"Colosseum","floor":21,"gold_loss":0},{"damage_healed":0,"gold_gain":0,"player_choice":"Fled From Nobs","damage_taken":0,"max_hp_gain":0,"max_hp_loss":0,"event_name":"Colosseum","floor":21,"gold_loss":0},{"damage_healed":0,"gold_gain":0,"player_choice":"Ignored","damage_taken":0,"max_hp_gain":0,"max_hp_loss":0,"event_name":"Ghosts","floor":22,"gold_loss":0}],"is_beta":true,"boss_relics":[{"not_picked":["Orrery","Ectoplasm"],"picked":"WristBlade"},{"not_picked":["Snecko Eye","Empty Cage"],"picked":"Ring of the Serpent"}],"items_purged_floors":[23],"is_endless":false,"potions_floor_spawned":[1,2,3,13,14,18,20,24,28,29,33,35,37,38],"killed_by":"3 Darklings","ascension_level":0}