{"path_per_floor":["M","?","M","M","?","E","M","M","T","M","R","M","M","M","R","B",null,"M","M","$","M","?"],"character_chosen":"DEFECT","items_purchased":["Leap","Oddly Smooth Stone","Cold Snap"],"gold_per_floor":[19,19,35,47,47,80,99,117,140,151,151,163,176,188,188,290,290,302,312,9,24,124,124],"floor_reached":23,"campfire_rested":2,"playtime":1053,"item_purchase_floors":[20,20,20],"current_hp_per_floor":[71,71,70,70,70,51,25,15,15,14,36,35,34,29,51,22,75,55,21,21,13,13,0],"items_purged":["Defend_B"],"gold":124,"score":239,"play_id":"96f6d255-3993-424a-b203-015182c64bb9","local_time":"20180611174150","is_prod":false,"is_daily":false,"chose_seed":false,"is_ascension_mode":true,"campfire_upgraded":0,"win_rate":0,"timestamp":1528756910,"campfire_choices":[{"floor":11,"key":"REST"},{"floor":15,"key":"REST"}],"path_taken":["M","?","M","?","?","E","M","?","T","?","R","?","M","M","R","BOSS","M","M","$","M","?","E"],"build_version":"2018-06-07v3","seed_source_timestamp":2210969332983143,"purchased_purges":1,"victory":false,"master_deck":["Strike_B","Strike_B","Defend_B","Defend_B","Zap","Dualcast","Double Energy","Leap","Defragment+1","Conserve Battery","Streamline","Recycle","Gash","Undo","Conserve Battery","Lockon","Ball Lightning","Core Surge","Tempest","Echo Form","Turbo","Barrage","Leap","Cold Snap","White Noise"],"max_hp_per_floor":[75,75,75,75,75,75,75,75,75,75,75,75,75,75,75,75,75,75,75,75,75,75,75],"relics":["Cracked Core","Happy Flower","Orichalcum","Black Star","Oddly Smooth Stone"],"card_choices":[{"not_picked":["Heatsinks","Melter"],"picked":"Defragment","floor":1},{"not_picked":["FTL","Stack"],"picked":"Conserve Battery","floor":3},{"not_picked":["Turbo","Storm"],"picked":"Streamline","floor":4},{"not_picked":["Consume","Scrape"],"picked":"Gash","floor":6},{"not_picked":["Turbo","Cold Snap"],"picked":"Undo","floor":7},{"not_picked":["Leap","Redo"],"picked":"Conserve Battery","floor":8},{"not_picked":["Rebound","Skim"],"picked":"Lockon","floor":10},{"not_picked":["Cold Snap","Sweeping Beam"],"picked":"Ball Lightning","floor":12},{"not_picked":["Redo","Turbo"],"picked":"Core Surge","floor":13},{"not_picked":["Coolheaded","Turbo"],"picked":"Tempest","floor":14},{"not_picked":["Seek","Fission"],"picked":"Echo Form","floor":16},{"not_picked":["Compile Driver","Cold Snap+1"],"picked":"Turbo","floor":18},{"not_picked":["Conserve Battery","Beam Cell"],"picked":"Barrage","floor":19},{"not_picked":["Reboot","Skim"],"picked":"White Noise","floor":21}],"player_experience":366491,"potions_floor_usage":[6,19,19,21],"damage_taken":[{"damage":4,"enemies":"Small Slimes","floor":1,"turns":4},{"damage":1,"enemies":"Cultist","floor":3,"turns":3},{"damage":0,"enemies":"2 Louse","floor":4,"turns":2},{"damage":19,"enemies":"Gremlin Nob","floor":6,"turns":4},{"damage":26,"enemies":"Gremlin Gang","floor":7,"turns":4},{"damage":10,"enemies":"2 Fungi Beasts","floor":8,"turns":4},{"damage":1,"enemies":"Red Slaver","floor":10,"turns":3},{"damage":1,"enemies":"Large Slime","floor":12,"turns":6},{"damage":1,"enemies":"Exordium Thugs","floor":13,"turns":3},{"damage":5,"enemies":"2 Fungi Beasts","floor":14,"turns":4},{"damage":29,"enemies":"Hexaghost","floor":16,"turns":8},{"damage":20,"enemies":"2 Thieves","floor":18,"turns":5},{"damage":34,"enemies":"3 Byrds","floor":19,"turns":5},{"damage":23,"enemies":"Centurion and Healer","floor":21,"turns":7},{"damage":25,"enemies":"Gremlin Leader","floor":23,"turns":4}],"relics_obtained":[{"floor":6,"key":"Happy Flower"},{"floor":9,"key":"Orichalcum"}],"event_choices":[{"event_name":"Living Wall","player_choice":"Grow","floor":2,"damage_taken":0},{"event_name":"Transmorgrifier","player_choice":"Transform","floor":5,"damage_taken":0},{"event_name":"Golden Shrine","player_choice":"Pray","floor":22,"damage_taken":0}],"boss_relics":[{"not_picked":["Tiny House","Velvet Choker"],"picked":"Black Star"}],"items_purged_floors":[20],"potions_floor_spawned":[1,3,4,10,14,16],"seed_played":"-2725765184438554978","killed_by":"Gremlin Leader","ascension_level":4,"potions_obtained":[{"floor":1,"key":"Fire Potion"},{"floor":3,"key":"Fire Potion"},{"floor":4,"key":"SpeedPotion"},{"floor":10,"key":"PowerPotion"},{"floor":14,"key":"Regen Potion"}],"is_trial":false}