{"gold_per_floor":[113,128,128,148,164,194,194,212,212,212,212,137,137,194,194,289,289,300,300,300,300,372,400,413,429,429,429,442,472,472,507,507,603,603,614,312,312,312,330,347,380,380,380,405,423,146,166,0,0,0],"floor_reached":51,"playtime":4481,"items_purged":["Normality"],"score":773,"play_id":"202b5d19-60e9-420c-b8c6-3f1fc83993bc","local_time":"20190122045109","is_ascension_mode":false,"campfire_choices":[{"data":"Apotheosis","floor":11,"key":"SMITH"},{"floor":15,"key":"REST"},{"floor":27,"key":"REST"},{"floor":32,"key":"REST"},{"floor":42,"key":"REST"},{"floor":49,"key":"REST"}],"neow_cost":"CURSE","seed_source_timestamp":506151222456900,"circlet_count":0,"master_deck":["Defend_G","Defend_G","Defend_G+1","Defend_G","Defend_G","Strike_G","Strike_G","Strike_G","Strike_G","Survivor","Neutralize","Apotheosis+1","Cloak And Dagger+1","Accuracy","Noxious Fumes","Footwork","Adrenaline","RitualDagger","Cloak And Dagger","Well Laid Plans+1","Infinite Blades+1","Blade Dance+1","Caltrops","Cloak And Dagger+1","Accuracy"],"relics":["Ring of the Snake","Pear","Regal Pillow","Letter Opener","Bronze Scales","Tiny Chest","Lizard Tail","Bottled Lightning","Singing Bowl","Ornamental Fan","Dodecahedron","Darkstone Periapt","Mercury Hourglass","Fusion Hammer","PreservedInsect","Dream Catcher","Vajra","Bottled Tornado","Sundial","Paper Crane","Red Mask"],"potions_floor_usage":[5,25,50,50],"damage_taken":[{"damage":0,"enemies":"Cultist","floor":1,"turns":5},{"damage":0,"enemies":"2 Louse","floor":2,"turns":4},{"damage":0,"enemies":"Small Slimes","floor":4,"turns":6},{"damage":1,"enemies":"Blue Slaver","floor":5,"turns":5},{"damage":2,"enemies":"Lagavulin","floor":6,"turns":7},{"damage":9,"enemies":"Large Slime","floor":8,"turns":7},{"damage":9,"enemies":"3 Sentries","floor":14,"turns":7},{"damage":22,"enemies":"Hexaghost","floor":16,"turns":10},{"damage":10,"enemies":"Spheric Guardian","floor":18,"turns":6},{"damage":28,"enemies":"Book of Stabbing","floor":23,"turns":7},{"damage":1,"enemies":"Chosen","floor":24,"turns":10},{"damage":2,"enemies":"Snake Plant","floor":25,"turns":4},{"damage":0,"enemies":"Sentry and Sphere","floor":28,"turns":6},{"damage":23,"enemies":"Slavers","floor":29,"turns":6},{"damage":3,"enemies":"Gremlin Leader","floor":31,"turns":8},{"damage":24,"enemies":"Collector","floor":33,"turns":12},{"damage":0,"enemies":"Orb Walker","floor":35,"turns":3},{"damage":11,"enemies":"3 Shapes","floor":39,"turns":4},{"damage":7,"enemies":"3 Darklings","floor":40,"turns":6},{"damage":2,"enemies":"Giant Head","floor":41,"turns":7},{"damage":3,"enemies":"Nemesis","floor":44,"turns":5},{"damage":2,"enemies":"4 Shapes","floor":45,"turns":4},{"damage":0,"enemies":"Sphere and 2 Shapes","floor":47,"turns":3},{"damage":32,"enemies":"Donu and Deca","floor":50,"turns":7}],"seed_played":"-3677376481801126758","potions_obtained":[{"floor":1,"key":"EssenceOfSteel"},{"floor":4,"key":"SteroidPotion"},{"floor":14,"key":"Poison Potion"},{"floor":25,"key":"FearPotion"},{"floor":28,"key":"FearPotion"},{"floor":40,"key":"SkillPotion"}],"is_trial":false,"path_per_floor":["M","M","T","M","M","E","$","M","T","?","R","$","?","E","R","B",null,"M","?","?","T","T","E","M","M","T","R","M","E","?","E","R","B",null,"M","$","?","?","M","M","E","R","T","E","M","$","M","?","R","B",null],"character_chosen":"THE_SILENT","items_purchased":["PreservedInsect","Dream Catcher","Accuracy","Paper Crane"],"campfire_rested":5,"item_purchase_floors":[36,36,46,46],"current_hp_per_floor":[70,70,80,80,79,77,77,68,68,52,52,52,40,31,70,48,80,70,64,64,64,64,38,37,37,37,77,79,56,56,55,88,66,90,90,90,90,85,74,67,67,87,87,84,84,84,86,86,91,59],"gold":0,"neow_bonus":"RANDOM_COLORLESS_2","is_prod":false,"is_daily":false,"chose_seed":false,"campfire_upgraded":1,"win_rate":0,"timestamp":1548129069,"path_taken":["M","?","?","M","M","E","$","M","T","?","R","$","?","E","R","BOSS","M","?","?","?","?","E","?","M","T","R","M","E","?","E","R","BOSS","M","$","?","?","M","M","E","R","T","E","M","?","?","?","R","BOSS"],"build_version":"2019-01-19","purchased_purges":1,"victory":true,"max_hp_per_floor":[70,70,80,80,80,80,80,80,80,80,80,80,80,80,80,80,80,80,80,80,80,80,82,82,84,84,84,86,86,86,88,88,90,90,90,90,90,85,85,85,87,87,87,87,89,89,91,91,91,91],"card_choices":[{"not_picked":["Masterful Stab","Heel Hook"],"picked":"Cloak And Dagger","floor":1},{"not_picked":["Flying Knee","Slice"],"picked":"Accuracy","floor":2},{"not_picked":["Underhanded Strike","Slice","Distraction"],"picked":"SKIP","floor":4},{"not_picked":["Prepared","Sucker Punch"],"picked":"Noxious Fumes","floor":5},{"not_picked":["Skewer","Prepared","Eviscerate"],"picked":"SKIP","floor":6},{"not_picked":["Dagger Spray","Caltrops"],"picked":"Footwork","floor":8},{"not_picked":["Outmaneuver","Underhanded Strike","Malaise"],"picked":"SKIP","floor":14},{"not_picked":["Malaise","Corpse Explosion"],"picked":"Adrenaline","floor":16},{"not_picked":["Choke+1","PiercingWail","Quick Slash+1"],"picked":"SKIP","floor":18},{"not_picked":["Dagger Spray","Crippling Poison","Envenom"],"picked":"Singing Bowl","floor":23},{"not_picked":["Quick Slash","Poisoned Stab+1"],"picked":"Cloak And Dagger","floor":24},{"not_picked":["Outmaneuver","Expertise","Deflect"],"picked":"Singing Bowl","floor":25},{"not_picked":["Dash","Outmaneuver","Bane"],"picked":"Singing Bowl","floor":28},{"not_picked":["Heel Hook","Dagger Spray"],"picked":"Well Laid Plans+1","floor":29},{"not_picked":["Underhanded Strike","Heel Hook","Predator"],"picked":"Singing Bowl","floor":31},{"not_picked":["Tools of the Trade","Bullet Time","Glass Knife"],"picked":"Singing Bowl","floor":33},{"not_picked":["Dagger Spray","Prepared+1","Poisoned Stab"],"picked":"SKIP","floor":35},{"not_picked":["Dagger Spray+1","Slice+1"],"picked":"Infinite Blades+1","floor":39},{"not_picked":["Glass Knife","Caltrops+1"],"picked":"Blade Dance+1","floor":40},{"not_picked":["Dodge and Roll+1","Distraction+1","Choke+1"],"picked":"Singing Bowl","floor":41},{"not_picked":["Prepared","Dagger Throw"],"picked":"Caltrops","floor":42},{"not_picked":["Quick Slash","PiercingWail+1"],"picked":"Cloak And Dagger+1","floor":44},{"not_picked":["Dash+1","Dagger Spray+1","Setup+1"],"picked":"Singing Bowl","floor":45},{"not_picked":["Crippling Poison","Slice","Blur"],"picked":"Singing Bowl","floor":47}],"player_experience":130115,"relics_obtained":[{"floor":3,"key":"Pear"},{"floor":6,"key":"Regal Pillow"},{"floor":9,"key":"Letter Opener"},{"floor":14,"key":"Tiny Chest"},{"floor":21,"key":"Bottled Lightning"},{"floor":22,"key":"Singing Bowl"},{"floor":23,"key":"Ornamental Fan"},{"floor":26,"key":"Dodecahedron"},{"floor":29,"key":"Darkstone Periapt"},{"floor":31,"key":"Mercury Hourglass"},{"floor":41,"key":"Vajra"},{"floor":43,"key":"Bottled Tornado"},{"floor":44,"key":"Sundial"}],"event_choices":[{"damage_healed":0,"gold_gain":0,"player_choice":"Entered Light","damage_taken":16,"max_hp_gain":0,"max_hp_loss":0,"event_name":"Shining Light","floor":10,"gold_loss":0,"cards_upgraded":["Cloak And Dagger","Defend_G"]},{"damage_healed":0,"gold_gain":0,"player_choice":"Success","damage_taken":12,"relics_obtained":["Bronze Scales"],"max_hp_gain":0,"max_hp_loss":0,"event_name":"Scrap Ooze","floor":13,"gold_loss":0},{"damage_healed":0,"gold_gain":0,"player_choice":"Joined the Cult","damage_taken":6,"max_hp_gain":0,"max_hp_loss":0,"event_name":"Nest","floor":19,"gold_loss":0,"cards_obtained":["RitualDagger"]},{"damage_healed":0,"gold_gain":0,"player_choice":"Ignored","damage_taken":0,"max_hp_gain":0,"max_hp_loss":0,"event_name":"Beggar","floor":20,"gold_loss":0},{"cards_removed":["PanicButton"],"damage_healed":0,"gold_gain":0,"player_choice":"Elegance","damage_taken":0,"max_hp_gain":0,"max_hp_loss":0,"event_name":"Back to Basics","floor":30,"gold_loss":0},{"cards_removed":["Strike_G"],"damage_healed":0,"gold_gain":0,"player_choice":"Removed Attack","damage_taken":0,"max_hp_gain":0,"max_hp_loss":0,"event_name":"Falling","floor":37,"gold_loss":0},{"damage_healed":0,"gold_gain":0,"player_choice":"Max HP","damage_taken":0,"max_hp_gain":0,"max_hp_loss":5,"event_name":"Winding Halls","floor":38,"gold_loss":0},{"damage_healed":0,"gold_gain":0,"player_choice":"Paid","damage_taken":0,"relics_obtained":["Red Mask"],"max_hp_gain":0,"max_hp_loss":0,"event_name":"Tomb of Lord Red Mask","floor":48,"gold_loss":166}],"is_beta":true,"boss_relics":[{"not_picked":["White Beast Statue","Astrolabe"],"picked":"Lizard Tail"},{"not_picked":["Coffee Dripper","Orrery"],"picked":"Fusion Hammer"}],"items_purged_floors":[12],"is_endless":false,"potions_floor_spawned":[1,4,14,25,28,33,40,44,45],"ascension_level":0}