{"path_per_floor":["M","M","?","M","?","R","E","M","T","R","$","?","?","E","R","B",null,"M","?","?","M","T","E","R","E","T","$","M","R","M","?","R"],"character_chosen":"IRONCLAD","items_purchased":["Shuriken","Bronze Scales","Pen Nib","Metallicize"],"gold_per_floor":[142,158,158,176,232,232,262,275,275,275,30,105,105,138,138,243,243,259,259,259,279,302,333,333,360,386,14,31,31,42,42,42],"floor_reached":33,"campfire_rested":2,"playtime":1285,"current_hp_per_floor":[75,80,80,80,80,80,67,73,83,83,83,72,54,56,56,43,90,73,55,55,50,50,17,45,31,31,31,21,49,57,57,57],"items_purged":[],"gold":42,"score":345,"play_id":"6fdf8862-05e2-411b-b08a-20498e69ce1a","is_prod":false,"is_daily":false,"is_ascension_mode":true,"campfire_upgraded":4,"path_taken":["M","M","?","?","?","R","E","M","T","R","$","?","?","E","R","BOSS","M","?","?","M","?","E","R","E","T","?","M","R","M","?","R","BOSS"],"build_version":"2018-02-15-PROD1","purchased_purges":0,"victory":false,"master_deck":["Strike_R","Strike_R","Strike_R","Strike_R","Defend_R+1","Defend_R+1","Defend_R","Defend_R","Bash+1","Clash","Spot Weakness+1","Shrug It Off+1","Intimidate+1","Whirlwind","Thunderclap","Limit Break+1","Headbutt","Uppercut","Blood for Blood+1","Metallicize+1","Blood for Blood+1","Ghostly Armor"],"max_hp_per_floor":[80,80,80,80,80,80,80,80,90,90,90,90,90,90,90,90,90,90,95,95,95,95,95,95,95,95,95,95,95,95,95,95],"relics":["Burning Blood","Tiny Chest","Blood Vial","Pear","Shuriken","Unceasing Top","Runic Pyramid","Orichalcum","Paper Frog","War Paint","Juzu Bracelet","Bronze Scales","Pen Nib"],"card_choices":[{"not_picked":["Pommel Strike","Havoc"],"picked":"Clash"},{"not_picked":["Armaments","Perfected Strike"],"picked":"Spot Weakness"},{"not_picked":["Perfected Strike","True Grit"],"picked":"Shrug It Off"},{"not_picked":["Havoc","Juggernaut"],"picked":"Intimidate"},{"not_picked":["Wild Strike","Carnage"],"picked":"Whirlwind"},{"not_picked":["Shrug It Off","Battle Trance"],"picked":"Thunderclap"},{"not_picked":["Exhume","Demon Form"],"picked":"Limit Break"},{"not_picked":["Thunderclap","Power Through"],"picked":"Headbutt"},{"not_picked":["Power Through","Iron Wave"],"picked":"Uppercut"},{"not_picked":["Bludgeon","Spot Weakness"],"picked":"Blood for Blood"},{"not_picked":["Feel No Pain","Combust"],"picked":"Blood for Blood"},{"not_picked":["Clothesline","Rampage"],"picked":"Ghostly Armor"}],"player_experience":108343,"potions_floor_usage":[16,25,25,25,33],"damage_taken":[{"damage":11,"enemies":"Jaw Worm","floor":1,"turns":4},{"damage":0,"enemies":"Cultist","floor":2,"turns":3},{"damage":3,"enemies":"2 Louse","floor":4,"turns":2},{"damage":19,"enemies":"Lagavulin","floor":7,"turns":6},{"damage":2,"enemies":"2 Fungi Beasts","floor":8,"turns":4},{"damage":6,"enemies":"3 Sentries","floor":14,"turns":9},{"damage":21,"enemies":"Slime Boss","floor":16,"turns":10},{"damage":23,"enemies":"3 Byrds","floor":18,"turns":4},{"damage":13,"enemies":"Shell Parasite","floor":21,"turns":4},{"damage":41,"enemies":"Book of Stabbing","floor":23,"turns":6},{"damage":22,"enemies":"Slavers","floor":25,"turns":5},{"damage":18,"enemies":"Snake Plant","floor":28,"turns":3},{"damage":0,"enemies":"Centurion and Healer","floor":30,"turns":8},{"damage":65,"enemies":"Automaton","floor":33,"turns":8}],"event_choices":[{"event_name":"Bonfire Elementals","player_choice":"BASIC","floor":3,"damage_taken":0},{"event_name":"Golden Wing","player_choice":"Gained Gold","floor":5,"damage_taken":0},{"event_name":"World of Goop","player_choice":"Gather Gold","floor":12,"damage_taken":0},{"event_name":"Shining Light","player_choice":"Entered Light","floor":13,"damage_taken":0},{"event_name":"Forgotten Altar","player_choice":"Shed Blood","floor":19,"damage_taken":0},{"event_name":"Match and Keep!","player_choice":"0 cards matched","floor":20,"damage_taken":0},{"event_name":"Drug Dealer","player_choice":"Ignored","floor":31,"damage_taken":0}],"boss_relics":[{"not_picked":["Snecko Eye","Mark of Pain"],"picked":"Runic Pyramid"}],"potions_floor_spawned":[4,7,14,16,23,30],"seed_played":"-1265168200123971072","killed_by":"Automaton","ascension_level":2,"is_trial":false}