{"path_per_floor":["M","?","?","?","$","E","M","M","T","R","E","M","R","E","R","B",null,"M","?","$","M"],"character_chosen":"THE_SILENT","items_purchased":["Crippling Poison"],"gold_per_floor":[115,115,115,115,40,73,90,109,109,109,143,113,113,145,145,240,240,250,165,86,96],"floor_reached":22,"campfire_rested":1,"playtime":985,"current_hp_per_floor":[65,65,58,58,58,31,30,29,29,52,47,47,47,62,62,35,77,64,64,64,54],"items_purged":["Regret"],"gold":96,"score":248,"play_id":"47302967-51c1-4558-afc1-3041d8c78acb","is_prod":false,"is_daily":false,"is_ascension_mode":true,"campfire_upgraded":2,"path_taken":["M","?","?","?","?","E","M","M","T","R","E","?","R","E","R","BOSS","M","?","$","M","?"],"build_version":"2018-02-12-PROD1","purchased_purges":2,"victory":false,"master_deck":["Defend_G","Defend_G","Defend_G","Defend_G","Defend_G","Strike_G","Strike_G","Strike_G","Strike_G","Survivor","Neutralize","Noxious Fumes+1","After Image","Catalyst","Bane","Backflip","Calculated Gamble","Noxious Fumes+1","Night Terror","Decay","Parasite","Doubt","Outmaneuver+1","Crippling Poison","Sucker Punch+1"],"max_hp_per_floor":[70,70,70,70,70,77,77,77,77,77,77,77,77,77,77,77,77,77,77,77,77],"relics":["Ring of the Snake","Calipers","Tough Bandages","Strawberry","Du-Vu Doll","Vajra","Pen Nib","Calling Bell","Lantern","Shuriken","Unceasing Top","Paper Crane"],"card_choices":[{"not_picked":["Poisoned Stab","Distraction"],"picked":"Noxious Fumes"},{"not_picked":["Terror","Endless Agony"],"picked":"After Image"},{"not_picked":["Backflip","Acrobatics"],"picked":"Catalyst"},{"not_picked":["Endless Agony","Dagger Spray"],"picked":"Bane"},{"not_picked":["Heel Hook","Quick Slash"],"picked":"Backflip"},{"not_picked":["Skewer","Finisher"],"picked":"Calculated Gamble"},{"not_picked":["Dagger Throw","Prepared"],"picked":"Noxious Fumes"},{"not_picked":["Phantasmal Killer","Storm of Steel"],"picked":"Night Terror"},{"not_picked":["Finisher","Noxious Fumes"],"picked":"Outmaneuver"},{"not_picked":["Expertise","Finisher"],"picked":"Sucker Punch"}],"player_experience":91871,"potions_floor_usage":[6,14,22],"damage_taken":[{"damage":5,"enemies":"2 Louse","floor":1,"turns":3},{"damage":34,"enemies":"Gremlin Nob","floor":6,"turns":6},{"damage":1,"enemies":"Blue Slaver","floor":7,"turns":6},{"damage":1,"enemies":"Small Slimes","floor":8,"turns":4},{"damage":5,"enemies":"Lagavulin","floor":11,"turns":7},{"damage":0,"enemies":"Looter","floor":12,"turns":4},{"damage":0,"enemies":"3 Sentries","floor":14,"turns":6},{"damage":27,"enemies":"Slime Boss","floor":16,"turns":8},{"damage":13,"enemies":"2 Thieves","floor":18,"turns":5},{"damage":10,"enemies":"Shell Parasite","floor":21,"turns":6},{"damage":57,"enemies":"Cultist and Chosen","floor":22,"turns":6}],"event_choices":[{"event_name":"Purifier","player_choice":"One Purge","floor":2,"damage_taken":0},{"event_name":"Golden Wing","player_choice":"Card Removal","floor":3,"damage_taken":0},{"event_name":"Big Fish","player_choice":"Box","floor":4,"damage_taken":0},{"event_name":"Addict","player_choice":"Obtained Relic","floor":19,"damage_taken":0}],"boss_relics":[{"not_picked":["Orrery","Lizard Tail"],"picked":"Calling Bell"}],"potions_floor_spawned":[1,7,8,16,21],"seed_played":"-1520207438125656401","killed_by":"Cultist and Chosen","ascension_level":2,"is_trial":false}