{"gold_per_floor":[119,133,143,153,165,200,200,215,264,281,307,319,319,336,336,440,440,453,473,484,409,409,409,423,423,423,449,469,394,394,394,394,490,490,505,517,517,532,532,532,0,35,35,52,65,111,11,26,26,26,26,26,26,61,61],"floor_reached":56,"playtime":3587,"items_purged":["Strike_G","Strike_G"],"score":1190,"play_id":"492796d1-7eee-42de-8ace-ad2b70ce6cf2","local_time":"20190207073318","is_ascension_mode":false,"campfire_choices":[{"floor":7.0,"key":"REST"},{"floor":13,"key":"REST"},{"floor":15,"key":"RECALL"},{"floor":23,"key":"REST"},{"data":"Noxious Fumes","floor":25,"key":"SMITH"},{"data":"Footwork","floor":30,"key":"SMITH"},{"floor":32,"key":"REST"},{"floor":40,"key":"REST"},{"floor":49,"key":"REST"},{"data":"Night Terror","floor":52,"key":"SMITH"}],"neow_cost":"TEN_PERCENT_HP_LOSS","seed_source_timestamp":0,"circlet_count":0,"master_deck":["Defend_G","Defend_G","Defend_G","Defend_G","Defend_G","Survivor","Neutralize","Noxious Fumes+1","Well Laid Plans","Deadly Poison","Leg Sweep","Corpse Explosion","Footwork+1","Caltrops","Catalyst","Dodge and Roll","Night Terror+1","Deadly Poison+1","Dodge and Roll+1","After Image"],"special_seed":0,"relics":["Ring of the Snake","Calipers","Snake Skull","Regal Pillow","Bag of Marbles","Lizard Tail","Mummified Hand","Matryoshka","Sozu","Red Mask","Centennial Puzzle","Boot","Sundial","Bird Faced Urn","Kunai"],"potions_floor_usage":[46,55],"damage_taken":[{"damage":0.0,"enemies":"2 Louse","floor":1.0,"turns":3.0},{"damage":11.0,"enemies":"Jaw Worm","floor":2.0,"turns":6.0},{"damage":0.0,"enemies":"Small Slimes","floor":3.0,"turns":4.0},{"damage":0.0,"enemies":"3 Louse","floor":4.0,"turns":6.0},{"damage":2.0,"enemies":"Large Slime","floor":5.0,"turns":9.0},{"damage":21.0,"enemies":"Lagavulin","floor":6.0,"turns":13.0},{"damage":2.0,"enemies":"Blue Slaver","floor":8.0,"turns":5.0},{"damage":0,"enemies":"Exordium Wildlife","floor":10,"turns":4},{"damage":15,"enemies":"Gremlin Nob","floor":11,"turns":4},{"damage":6,"enemies":"Red Slaver","floor":12,"turns":4},{"damage":11,"enemies":"Large Slime","floor":14,"turns":6},{"damage":19,"enemies":"Hexaghost","floor":16,"turns":10},{"damage":0,"enemies":"Chosen","floor":18,"turns":5},{"damage":17,"enemies":"3 Byrds","floor":19,"turns":4},{"damage":17,"enemies":"3 Cultists","floor":20,"turns":4},{"damage":18,"enemies":"Sentry and Sphere","floor":24,"turns":7},{"damage":15,"enemies":"Book of Stabbing","floor":27,"turns":7},{"damage":0,"enemies":"Cultist and Chosen","floor":28,"turns":5},{"damage":39,"enemies":"Collector","floor":33,"turns":9},{"damage":28,"enemies":"3 Darklings","floor":35,"turns":3},{"damage":0,"enemies":"3 Shapes","floor":36,"turns":7},{"damage":4,"enemies":"Transient","floor":38,"turns":5},{"damage":4,"enemies":"Reptomancer","floor":42,"turns":6},{"damage":3,"enemies":"Spire Growth","floor":44,"turns":6},{"damage":3,"enemies":"3 Darklings","floor":45,"turns":3},{"damage":27,"enemies":"2 Orb Walkers","floor":46,"turns":5},{"damage":15,"enemies":"Transient","floor":48,"turns":5},{"damage":64,"enemies":"Donu and Deca","floor":50,"turns":9},{"damage":57,"enemies":"Shield and Spear","floor":54,"turns":6},{"damage":56,"enemies":"The Heart","floor":55,"turns":10}],"seed_played":"-8043745649791747718","potions_obtained":[{"floor":2.0,"key":"Ancient Potion"},{"floor":4.0,"key":"SkillPotion"},{"floor":10,"key":"Weak Potion"},{"floor":11,"key":"GamblersBrew"},{"floor":14,"key":"AttackPotion"},{"floor":19,"key":"FairyPotion"},{"floor":24,"key":"Block Potion"},{"floor":33,"key":"Dexterity Potion"}],"is_trial":false,"path_per_floor":["M","M","M","M","M","E","R","M","T","M","E","M","R","M","R","B",null,"M","M","M","?","T","R","M","R","T","E","M","$","R","?","R","B",null,"M","M","?","M","?","R","?","E","T","M","M","?","$","M","R","B",null,"R","$","E","B",null],"character_chosen":"THE_SILENT","items_purchased":[],"campfire_rested":6,"item_purchase_floors":[],"current_hp_per_floor":[63,52,52,52,50,29,47,45,45,45,30,24,57,46,46,27,63,63,46,29,29,29,62,44,44,44,29,29,29,29,29,62,23,63,35,35,35,31,31,63,63,59,59,56,53,26,26,25,58,7,63,63,63,18,31],"gold":61,"neow_bonus":"ONE_RARE_RELIC","is_prod":false,"is_daily":false,"chose_seed":false,"campfire_upgraded":3,"win_rate":0,"timestamp":1549521198,"path_taken":["M","M","M","M","M","E","R","M","T","M","E","M","R","M","R","BOSS","M","M","M","?","?","R","M","R","T","E","M","$","R","?","R","BOSS","M","M","?","?","?","R","?","E","T","M","M","?","?","M","R","BOSS","R","$","E","BOSS"],"build_version":"2019-01-23","purchased_purges":2,"victory":true,"max_hp_per_floor":[63,63,63,63,63,63,63,63,63,63,63,63,63,63,63,63,63,63,63,63,63,63,63,63,63,63,63,63,63,63,63,63,63,63,63,63,63,63,63,63,63,63,63,63,63,63,63,63,63,63,63,63,63,63,63],"card_choices":[{"not_picked":["Prepared","Dagger Throw","Sucker Punch"],"picked":"SKIP","floor":1.0},{"not_picked":["Quick Slash","Dagger Spray","Tactician"],"picked":"SKIP","floor":2.0},{"not_picked":["Outmaneuver","Poisoned Stab","Prepared"],"picked":"SKIP","floor":3.0},{"not_picked":["Prepared","Terror"],"picked":"Noxious Fumes","floor":4.0},{"not_picked":["Prepared","Underhanded Strike"],"picked":"Well Laid Plans","floor":5.0},{"not_picked":["Dagger Spray","PiercingWail","Backstab"],"picked":"SKIP","floor":6.0},{"not_picked":["Well Laid Plans","Flying Knee","Outmaneuver"],"picked":"SKIP","floor":8.0},{"not_picked":["Leg Sweep","Accuracy"],"picked":"Deadly Poison","floor":10},{"not_picked":["Burst","Calculated Gamble"],"picked":"Leg Sweep","floor":11},{"not_picked":["Slice","Sucker Punch","Underhanded Strike"],"picked":"SKIP","floor":12},{"not_picked":["Dagger Spray","Prepared","Outmaneuver"],"picked":"SKIP","floor":14},{"not_picked":["Storm of Steel","Wraith Form v2"],"picked":"Corpse Explosion","floor":16},{"not_picked":["Underhanded Strike","Flying Knee","Cloak And Dagger"],"picked":"SKIP","floor":18},{"not_picked":["Underhanded Strike","Endless Agony"],"picked":"Footwork","floor":19},{"not_picked":["Backstab","Bane"],"picked":"Caltrops","floor":20},{"not_picked":["Acrobatics","Cloak And Dagger+1","Backflip"],"picked":"SKIP","floor":24},{"not_picked":["Skewer","Acrobatics"],"picked":"Catalyst","floor":27},{"not_picked":["PiercingWail","Dagger Throw","Flying Knee"],"picked":"SKIP","floor":28},{"not_picked":["Dagger Throw","Masterful Stab+1","Poisoned Stab+1"],"picked":"SKIP","floor":35},{"not_picked":["Sucker Punch+1","Dagger Spray+1"],"picked":"Dodge and Roll","floor":36},{"not_picked":["Flying Knee","Quick Slash"],"picked":"Night Terror","floor":38},{"not_picked":["Expertise+1","PiercingWail+1","Calculated Gamble+1"],"picked":"SKIP","floor":42},{"not_picked":["Underhanded Strike+1","Dagger Throw+1"],"picked":"Deadly Poison+1","floor":44},{"not_picked":["Acrobatics+1","Underhanded Strike+1","Blade Dance"],"picked":"SKIP","floor":45},{"not_picked":["Flying Knee","PiercingWail"],"picked":"Dodge and Roll+1","floor":46},{"not_picked":["Dagger Throw","Dodge and Roll","Well Laid Plans"],"picked":"SKIP","floor":48},{"not_picked":["Skewer","Bane+1"],"picked":"After Image","floor":54}],"player_experience":186009,"relics_obtained":[{"floor":6.0,"key":"Snake Skull"},{"floor":9,"key":"Regal Pillow"},{"floor":11,"key":"Bag of Marbles"},{"floor":22,"key":"Mummified Hand"},{"floor":27,"key":"Matryoshka"},{"floor":42,"key":"Centennial Puzzle"},{"floor":43,"key":"Boot"},{"floor":43,"key":"Sundial"},{"floor":46,"key":"Bird Faced Urn"},{"floor":54,"key":"Kunai"}],"event_choices":[{"cards_removed":["Strike_G"],"damage_healed":0,"gold_gain":0,"player_choice":"Gave Gold","damage_taken":0,"max_hp_gain":0,"max_hp_loss":0,"event_name":"Beggar","floor":21,"gold_loss":75},{"damage_healed":0,"gold_gain":0,"player_choice":"Ignored","damage_taken":0,"max_hp_gain":0,"max_hp_loss":0,"event_name":"Vampires","floor":31,"gold_loss":0},{"cards_removed":["Strike_G"],"damage_healed":0,"gold_gain":0,"player_choice":"Purged","damage_taken":0,"max_hp_gain":0,"max_hp_loss":0,"event_name":"Purifier","floor":37,"gold_loss":0},{"cards_removed":["Strike_G"],"damage_healed":0,"gold_gain":0,"player_choice":"Removed Attack","damage_taken":0,"max_hp_gain":0,"max_hp_loss":0,"event_name":"Falling","floor":39,"gold_loss":0},{"damage_healed":0,"gold_gain":0,"player_choice":"Paid","damage_taken":0,"relics_obtained":["Red Mask"],"max_hp_gain":0,"max_hp_loss":0,"event_name":"Tomb of Lord Red Mask","floor":41,"gold_loss":532},{"damage_healed":0,"gold_gain":0,"player_choice":"Fight","damage_taken":0,"max_hp_gain":0,"max_hp_loss":0,"event_name":"Mysterious Sphere","floor":46,"gold_loss":0}],"is_beta":true,"boss_relics":[{"not_picked":["Fusion Hammer","Snecko Eye"],"picked":"Lizard Tail"},{"not_picked":["Runic Dome","Black Star"],"picked":"Sozu"}],"items_purged_floors":[29,47],"is_endless":false,"potions_floor_spawned":[2,4,10,11,14,16,19,24,33,35,38,46,54],"ascension_level":0}