{"gold_per_floor":[112,112,112,112,127,161,236,236,236,236,248,260,260,278,278,383,383,401,401,401,401,417,417],"floor_reached":23,"playtime":1060,"items_purged":[],"score":214,"play_id":"076fbc17-71a0-4d37-a18c-a473b103910a","local_time":"20190126035334","is_ascension_mode":false,"campfire_choices":[{"floor":8,"key":"REST"},{"floor":15,"key":"REST"}],"neow_cost":"PERCENT_DAMAGE","seed_source_timestamp":336427668848100,"circlet_count":0,"master_deck":["Defend_B","Defend_B","Defend_B","Defend_B","Zap","Dualcast","Go for the Eyes+1","Skim","FTL","Gash+1","BootSequence","Pain","Normality","Shame","Go for the Eyes+1","RitualDagger","Bite","Bite","Bite","Bite","Bite"],"relics":["Cracked Core","Prayer Wheel","Singing Bowl","Mummified Hand","Darkstone Periapt","Calling Bell","Smiling Mask","Toxic Egg 2","Calipers"],"potions_floor_usage":[14,16,16],"damage_taken":[{"damage":0,"enemies":"Small Slimes","floor":1,"turns":3},{"damage":3,"enemies":"2 Louse","floor":5,"turns":2},{"damage":35,"enemies":"3 Sentries","floor":6,"turns":7},{"damage":3,"enemies":"Jaw Worm","floor":11,"turns":3},{"damage":1,"enemies":"2 Fungi Beasts","floor":12,"turns":3},{"damage":6,"enemies":"3 Louse","floor":14,"turns":2},{"damage":34,"enemies":"Hexaghost","floor":16,"turns":12},{"damage":49,"enemies":"Spheric Guardian","floor":18,"turns":6},{"damage":20,"enemies":"Chosen","floor":22,"turns":7},{"damage":46,"enemies":"Gremlin Leader","floor":23,"turns":4}],"seed_played":"-7153057159513198767","potions_obtained":[{"floor":6,"key":"Weak Potion"},{"floor":11,"key":"Weak Potion"},{"floor":12,"key":"Fire Potion"},{"floor":16,"key":"AttackPotion"},{"floor":18,"key":"Ancient Potion"}],"is_trial":false,"path_per_floor":["M","?","?","T","M","E","?","R","T","?","M","M","?","M","R","B",null,"M","?","?","?","M","E"],"character_chosen":"DEFECT","items_purchased":[],"campfire_rested":2,"item_purchase_floors":[],"current_hp_per_floor":[54,39,64,64,61,28,17,40,40,28,25,28,28,24,48,16,103,56,50,50,37,35,0],"gold":417,"neow_bonus":"ONE_RARE_RELIC","is_prod":false,"is_daily":false,"chose_seed":false,"campfire_upgraded":0,"win_rate":0,"timestamp":1548471214,"path_taken":["M","?","?","?","M","E","?","R","T","?","M","?","?","M","R","BOSS","M","?","?","?","M","E"],"build_version":"2019-01-23","purchased_purges":0,"victory":false,"max_hp_per_floor":[75,75,75,75,75,77,77,77,77,77,77,81,81,83,83,85,103,105,105,73,78,82,82],"card_choices":[{"not_picked":["Steam","Loop"],"picked":"Go for the Eyes","floor":1},{"not_picked":["Darkness","Blizzard","Conserve Battery"],"picked":"SKIP","floor":1},{"not_picked":["Turbo","Steam"],"picked":"Skim","floor":5},{"not_picked":["Rebound","Darkness","Barrage"],"picked":"SKIP","floor":5},{"not_picked":["Stack","Glacier","Hologram"],"picked":"Singing Bowl","floor":6},{"not_picked":["Double Energy","Steam Power"],"picked":"FTL","floor":11},{"not_picked":["Static Discharge","Scrape"],"picked":"Gash","floor":11},{"not_picked":["Chaos","Redo","Hologram"],"picked":"Singing Bowl","floor":12},{"not_picked":["Doom and Gloom","Cold Snap","Sweeping Beam"],"picked":"Singing Bowl","floor":12},{"not_picked":["Static Discharge","Steam Power"],"picked":"BootSequence","floor":14},{"not_picked":["Rebound","Darkness","Consume"],"picked":"Singing Bowl","floor":14},{"not_picked":["All For One","Creative AI","Core Surge"],"picked":"Singing Bowl","floor":16},{"not_picked":["Rebound","Stack+1","Hello World"],"picked":"Singing Bowl","floor":18},{"not_picked":["Sweeping Beam","Cold Snap+1"],"picked":"Go for the Eyes+1","floor":18},{"not_picked":["Conserve Battery+1","Streamline","Loop"],"picked":"Singing Bowl","floor":22},{"not_picked":["Chaos+1","Self Repair","Redo+1"],"picked":"Singing Bowl","floor":22}],"player_experience":160065,"relics_obtained":[{"floor":6,"key":"Singing Bowl"},{"floor":9,"key":"Mummified Hand"},{"floor":17,"key":"Smiling Mask"},{"floor":17,"key":"Toxic Egg 2"},{"floor":17,"key":"Calipers"}],"event_choices":[{"damage_healed":0,"gold_gain":0,"player_choice":"Entered Light","damage_taken":15,"max_hp_gain":0,"max_hp_loss":0,"event_name":"Shining Light","floor":2,"gold_loss":0,"cards_upgraded":["Go for the Eyes","Strike_B"]},{"damage_healed":25,"gold_gain":0,"player_choice":"Banana","damage_taken":0,"max_hp_gain":0,"max_hp_loss":0,"event_name":"Big Fish","floor":3,"gold_loss":0},{"damage_healed":0,"gold_gain":75,"player_choice":"Gather Gold","damage_taken":11,"max_hp_gain":0,"max_hp_loss":0,"event_name":"World of Goop","floor":7,"gold_loss":0},{"damage_healed":0,"gold_gain":0,"player_choice":"Success","damage_taken":12,"relics_obtained":["Darkstone Periapt"],"max_hp_gain":0,"max_hp_loss":0,"event_name":"Scrap Ooze","floor":10,"gold_loss":0},{"damage_healed":0,"gold_gain":0,"player_choice":"Grow","damage_taken":0,"max_hp_gain":0,"max_hp_loss":0,"event_name":"Living Wall","floor":13,"gold_loss":0,"cards_upgraded":["Gash"]},{"damage_healed":0,"gold_gain":0,"player_choice":"Joined the Cult","damage_taken":6,"max_hp_gain":0,"max_hp_loss":0,"event_name":"Nest","floor":19,"gold_loss":0,"cards_obtained":["RitualDagger"]},{"damage_healed":0,"gold_gain":0,"player_choice":"Became a vampire","damage_taken":0,"max_hp_gain":0,"max_hp_loss":32,"event_name":"Vampires","floor":20,"gold_loss":0,"cards_obtained":["Bite","Bite","Bite","Bite","Bite"]},{"damage_healed":0,"gold_gain":0,"player_choice":"Shed Blood","damage_taken":18,"max_hp_gain":5,"max_hp_loss":0,"event_name":"Forgotten Altar","floor":21,"gold_loss":0}],"is_beta":true,"boss_relics":[{"not_picked":["Empty Cage","Eternal Feather"],"picked":"Calling Bell"}],"items_purged_floors":[],"is_endless":false,"potions_floor_spawned":[6,11,12,16,18],"killed_by":"Gremlin Leader","ascension_level":0}