{"gold_per_floor":[110,128,141,141,158,158,172,188,213,213,223,252,177,25,25,25],"floor_reached":16,"playtime":675,"items_purged":["Strike_G"],"score":208,"play_id":"ce183ee6-72af-4e3b-84eb-98769d516912","local_time":"20190215233034","is_ascension_mode":true,"campfire_choices":[{"data":"Footwork","floor":6,"key":"SMITH"},{"data":"Crippling Poison","floor":15,"key":"SMITH"}],"neow_cost":"NONE","seed_source_timestamp":136670364344717,"circlet_count":0,"master_deck":["AscendersBane","Defend_G","Defend_G","Defend_G","Defend_G","Defend_G","Strike_G","Strike_G+1","Strike_G+1","Survivor","Neutralize","Deadly Poison","Quick Slash","Riddle With Holes","Footwork+1","Infinite Blades","Backstab","Crippling Poison+1","Well Laid Plans"],"special_seed":0,"relics":["Ring of the Snake","Blood Vial","Omamori","Whetstone"],"potions_floor_usage":[7,16],"damage_taken":[{"damage":1.0,"enemies":"Jaw Worm","floor":1.0,"turns":4.0},{"damage":6,"enemies":"Small Slimes","floor":2,"turns":5},{"damage":0,"enemies":"2 Louse","floor":3,"turns":3},{"damage":9,"enemies":"Looter","floor":5,"turns":3},{"damage":22,"enemies":"Exordium Thugs","floor":7,"turns":6},{"damage":5,"enemies":"Blue Slaver","floor":8,"turns":5},{"damage":0,"enemies":"Looter","floor":11,"turns":4},{"damage":9,"enemies":"Lagavulin","floor":12,"turns":8},{"damage":33,"enemies":"Hexaghost","floor":16,"turns":9}],"seed_played":"-5075434474599399269","potions_obtained":[{"floor":2,"key":"LiquidBronze"},{"floor":5,"key":"Poison Potion"}],"is_trial":false,"path_per_floor":["M","M","M","?","M","R","M","M","T","?","M","E","?","$","R","B"],"character_chosen":"THE_SILENT","items_purchased":["Well Laid Plans"],"campfire_rested":0,"item_purchase_floors":[14],"current_hp_per_floor":[60,56,58,63,56,56,36,33,33,33,35,28,28,28,28,0],"gold":25,"neow_bonus":"RANDOM_COMMON_RELIC","is_prod":false,"is_daily":false,"chose_seed":false,"campfire_upgraded":2,"win_rate":0,"timestamp":1550291434,"path_taken":["M","M","M","?","M","R","M","M","T","?","M","E","?","$","R","BOSS"],"build_version":"2019-01-23","purchased_purges":1,"victory":false,"max_hp_per_floor":[66,66,66,71,71,71,71,71,71,71,71,71,71,71,71,71],"card_choices":[{"not_picked":["Quick Slash","Caltrops"],"picked":"Deadly Poison","floor":1.0},{"not_picked":["Blade Dance","Outmaneuver"],"picked":"Quick Slash","floor":2},{"not_picked":["Acrobatics","Prepared"],"picked":"Riddle With Holes","floor":3},{"not_picked":["Flying Knee","Flechettes"],"picked":"Footwork","floor":5},{"not_picked":["Deadly Poison","Prepared"],"picked":"Infinite Blades","floor":7},{"not_picked":["Blade Dance","Choke"],"picked":"Backstab","floor":8},{"not_picked":["Prepared","Sucker Punch"],"picked":"Crippling Poison","floor":11},{"not_picked":["Dagger Spray","Quick Slash","Dagger Throw"],"picked":"SKIP","floor":12}],"player_experience":828640,"relics_obtained":[{"floor":9,"key":"Omamori"},{"floor":12,"key":"Whetstone"}],"event_choices":[{"damage_healed":0,"gold_gain":0,"player_choice":"Donut","damage_taken":0,"max_hp_gain":5,"max_hp_loss":0,"event_name":"Big Fish","floor":4,"gold_loss":0},{"damage_healed":0,"gold_gain":0,"player_choice":"Searched \u00270\u0027 times","damage_taken":0,"max_hp_gain":0,"max_hp_loss":0,"event_name":"Dead Adventurer","floor":10,"gold_loss":0},{"cards_removed":["Strike_G"],"damage_healed":0,"gold_gain":0,"player_choice":"Card Removal","damage_taken":0,"max_hp_gain":0,"max_hp_loss":0,"event_name":"The Cleric","floor":13,"gold_loss":75}],"is_beta":false,"boss_relics":[],"items_purged_floors":[14],"is_endless":false,"potions_floor_spawned":[2,5],"killed_by":"Hexaghost","ascension_level":20}