{"gold_per_floor":[111,131,150,165,177,177,205,205,232,294,305,340,340,370,370,447,447,459,459,471,471,9,22,22,72,72,96,96,129,129,147,147,225,225,241,241,257,257,271,271,305,305,305,324,91,91,104,458,458,458],"floor_reached":51,"playtime":2390,"items_purged":["Strike_B","Strike_B"],"score":1385,"play_id":"05ad52da-7ec4-4c88-a895-c2606bae8491","local_time":"20180929233437","is_ascension_mode":true,"campfire_choices":[{"data":"Sunder","floor":6,"key":"SMITH"},{"floor":8,"key":"REST"},{"data":"Zap","floor":15,"key":"SMITH"},{"data":"Defragment","floor":24,"key":"SMITH"},{"data":"Hologram","floor":32,"key":"SMITH"},{"data":"Capacitor","floor":40,"key":"SMITH"},{"data":"Loop","floor":49,"key":"SMITH"}],"neow_cost":"NONE","seed_source_timestamp":536100319454919,"circlet_count":0,"master_deck":["Strike_B","Strike_B","Defend_B","Defend_B","Defend_B","Defend_B","Zap+1","Dualcast","AscendersBane","Hello World","Sunder+1","White Noise","Compile Driver","Hologram+1","Cold Snap","Ball Lightning","Melter","Electrodynamics","Echo Form","Conserve Battery+1","Ghostly","Ghostly","Ghostly","Ghostly","Ghostly","Defragment+1","Necronomicurse","Seek","Capacitor+1","Reinforced Body+1","Cold Snap","Defragment","Seek","Lockon","Panacea","Loop+1"],"relics":["Cracked Core","NeowsBlessing","Cables","Happy Flower","Tiny Chest","Juzu Bracelet","Bottled Flame","The Courier","Eternal Feather","Meat on the Bone","DataDisk","Centennial Puzzle","Bag of Marbles","Necronomicon","Nunchaku","Sozu","Question Card","Art of War","Omamori","Ornamental Fan","Old Coin"],"potions_floor_usage":[4,7,12,16,16,29,50,50],"damage_taken":[{"damage":0,"enemies":"Cultist","floor":1,"turns":1},{"damage":0,"enemies":"Small Slimes","floor":2,"turns":1},{"damage":0,"enemies":"Jaw Worm","floor":3,"turns":1},{"damage":10,"enemies":"Gremlin Gang","floor":4,"turns":6},{"damage":2,"enemies":"2 Fungi Beasts","floor":5,"turns":3},{"damage":24,"enemies":"Gremlin Nob","floor":7,"turns":4},{"damage":15,"enemies":"Lagavulin","floor":10,"turns":5},{"damage":0,"enemies":"Exordium Wildlife","floor":11,"turns":2},{"damage":2,"enemies":"3 Sentries","floor":12,"turns":6},{"damage":14,"enemies":"Lagavulin","floor":14,"turns":4},{"damage":18,"enemies":"Hexaghost","floor":16,"turns":8},{"damage":0,"enemies":"Spheric Guardian","floor":18,"turns":2},{"damage":1,"enemies":"Shell Parasite","floor":20,"turns":5},{"damage":1,"enemies":"Centurion and Healer","floor":23,"turns":8},{"damage":0,"enemies":"Gremlin Leader","floor":29,"turns":5},{"damage":8,"enemies":"Cultist and Chosen","floor":31,"turns":5},{"damage":9,"enemies":"Champ","floor":33,"turns":9},{"damage":0,"enemies":"3 Shapes","floor":35,"turns":3},{"damage":6,"enemies":"Orb Walker","floor":37,"turns":2},{"damage":0,"enemies":"Sphere and 2 Shapes","floor":39,"turns":3},{"damage":7,"enemies":"Giant Head","floor":41,"turns":8},{"damage":2,"enemies":"Maw","floor":44,"turns":6},{"damage":0,"enemies":"Reptomancer","floor":47,"turns":6},{"damage":5,"enemies":"Mysterious Sphere","floor":48,"turns":4},{"damage":27,"enemies":"Time Eater","floor":50,"turns":8}],"seed_played":"-8060607919636090435","potions_obtained":[{"floor":2,"key":"Swift Potion"},{"floor":5,"key":"Swift Potion"},{"floor":10,"key":"SkillPotion"},{"floor":12,"key":"PowerPotion"},{"floor":14,"key":"AttackPotion"},{"floor":20,"key":"FearPotion"},{"floor":33,"key":"LiquidBronze"}],"is_trial":false,"path_per_floor":["M","M","M","M","M","R","E","R","T","E","M","E","T","E","R","B",null,"M","?","M","?","$","M","R","?","T","T","?","E","?","M","R","B",null,"M","?","M","T","M","R","E","?","T","M","$","?","M","?","R","B"],"character_chosen":"DEFECT","items_purchased":["Meat on the Bone","DataDisk","Energy Potion","Lockon","Panacea"],"campfire_rested":1,"item_purchase_floors":[22,22,22,45,45],"current_hp_per_floor":[64,64,64,54,52,52,28,49,49,41,41,39,39,25,25,7,55,55,35,34,27,27,26,40,40,40,40,19,31,31,23,38,29,37,37,37,31,31,31,40,33,33,33,31,31,31,31,26,38,23],"gold":458,"neow_bonus":"THREE_ENEMY_KILL","is_prod":false,"is_daily":false,"chose_seed":false,"campfire_upgraded":6,"win_rate":0,"timestamp":1538278477,"path_taken":["M","M","M","M","M","R","E","R","T","E","M","E","?","E","R","BOSS","M","?","M","?","$","M","R","?","T","?","?","E","?","M","R","BOSS","M","?","M","?","M","R","E","?","T","M","$","?","M","?","R","BOSS"],"build_version":"2018-09-27","purchased_purges":2,"victory":true,"max_hp_per_floor":[71,71,71,71,71,71,71,71,71,71,71,71,71,71,71,71,71,71,35,35,40,40,40,40,40,40,40,40,40,40,40,40,40,40,40,40,40,40,40,40,40,40,40,40,40,38,38,38,38,38],"card_choices":[{"not_picked":["Fusion","Turbo"],"picked":"Conserve Battery","floor":1},{"not_picked":["Barrage","Redo"],"picked":"Hello World","floor":2},{"not_picked":["Recycle","Chaos"],"picked":"Sunder","floor":3},{"not_picked":["Stack","Streamline"],"picked":"White Noise","floor":4},{"not_picked":["Streamline","Redo"],"picked":"Compile Driver","floor":5},{"not_picked":["Streamline","Compile Driver"],"picked":"Hologram","floor":7},{"not_picked":["Fusion","Seek"],"picked":"Cold Snap","floor":10},{"not_picked":["Compile Driver","Static Discharge"],"picked":"Ball Lightning","floor":11},{"not_picked":["Stack","Sweeping Beam"],"picked":"Melter","floor":12},{"not_picked":["Redo","Hello World"],"picked":"Electrodynamics","floor":14},{"not_picked":["Reboot","Thunder Strike"],"picked":"Echo Form","floor":16},{"not_picked":["Steam+1","Sweeping Beam"],"picked":"Conserve Battery+1","floor":18},{"not_picked":["Leap","Compile Driver","Coolheaded"],"picked":"SKIP","floor":20},{"not_picked":["Redo","Heatsinks"],"picked":"Defragment","floor":23},{"not_picked":["Stack","Compile Driver","Ball Lightning"],"picked":"SKIP","floor":29},{"not_picked":["Chaos","Redo","Sweeping Beam"],"picked":"SKIP","floor":31},{"not_picked":["Rainbow","Fission"],"picked":"Seek","floor":33},{"not_picked":["Force Field","Redo"],"picked":"Capacitor","floor":35},{"not_picked":["Gash","Redo","Rebound"],"picked":"Reinforced Body+1","floor":37},{"not_picked":["Doom and Gloom","Barrage","Gash"],"picked":"Cold Snap","floor":39},{"not_picked":["Barrage+1","Stack","Rebound"],"picked":"Defragment","floor":41},{"not_picked":["Rebound+1","Beam Cell","Stack"],"picked":"Seek","floor":44},{"not_picked":["Steam","Doom and Gloom","Conserve Battery"],"picked":"Loop","floor":47}],"player_experience":522740,"relics_obtained":[{"floor":7,"key":"Cables"},{"floor":9,"key":"Happy Flower"},{"floor":10,"key":"Tiny Chest"},{"floor":12,"key":"Juzu Bracelet"},{"floor":13,"key":"Bottled Flame"},{"floor":14,"key":"The Courier"},{"floor":26,"key":"Centennial Puzzle"},{"floor":27,"key":"Bag of Marbles"},{"floor":28,"key":"Necronomicon"},{"floor":29,"key":"Nunchaku"},{"floor":38,"key":"Art of War"},{"floor":41,"key":"Omamori"},{"floor":43,"key":"Ornamental Fan"},{"floor":48,"key":"Old Coin"}],"event_choices":[{"event_name":"Ghosts","player_choice":"Became a Ghost","floor":19,"damage_taken":0},{"event_name":"Forgotten Altar","player_choice":"Shed Blood","floor":21,"damage_taken":0},{"event_name":"Nest","player_choice":"Stole From Cult","floor":25,"damage_taken":0},{"event_name":"Cursed Tome","player_choice":"Obtained Book","floor":28,"damage_taken":0},{"event_name":"Vampires","player_choice":"Ignored","floor":30,"damage_taken":0},{"event_name":"WeMeetAgain","player_choice":"Card","floor":36,"damage_taken":0},{"event_name":"Tomb of Lord Red Mask","player_choice":"Ignored","floor":42,"damage_taken":0},{"event_name":"Winding Halls","player_choice":"Max HP","floor":46,"damage_taken":0},{"event_name":"Mysterious Sphere","player_choice":"Fight","floor":48,"damage_taken":0}],"is_beta":false,"boss_relics":[{"not_picked":["Ectoplasm","Empty Cage"],"picked":"Eternal Feather"},{"not_picked":["Black Star","Pandora\u0027s Box"],"picked":"Sozu"}],"items_purged_floors":[22,45],"is_endless":false,"potions_floor_spawned":[2,5,10,12,14,20,23,33,37,39,41,44,48],"ascension_level":16}