{"gold_per_floor":[214,226,18,18,36,36,46,46,46,63,63,93,116,81,81,210,210,228,228,33,46,64,64,64,64,64,64,88,107,123,123,123,254,254,269,147,168,168,192,192,232,232,232,256,256,256,256],"floor_reached":47,"playtime":4111,"items_purged":["Strike_B"],"score":514,"play_id":"fd3b53b3-0828-423f-83b9-e98f2766d3ab","local_time":"20181124234706","is_ascension_mode":true,"campfire_choices":[{"data":"Dualcast","floor":6.0,"key":"SMITH"},{"data":"Coolheaded","floor":8.0,"key":"SMITH"},{"data":"Core Surge","floor":15.0,"key":"SMITH"},{"floor":23.0,"key":"REST"},{"floor":25.0,"key":"REST"},{"data":"Multi-Cast","floor":27.0,"key":"SMITH"},{"floor":32.0,"key":"REST"},{"floor":40.0,"key":"REST"},{"floor":42.0,"key":"REST"},{"floor":45.0,"key":"REST"}],"neow_cost":"NONE","seed_source_timestamp":0,"circlet_count":0,"master_deck":["Defend_B","Defend_B","Defend_B","Defend_B","Zap+1","Dualcast+1","Coolheaded+1","Core Surge+1","Darkness","Multi-Cast+1","BootSequence+1","Hyperbeam+1","Defragment+1","Chill","Darkness","Double Energy+1","BootSequence+1","Consume","Cold Snap","Conserve Battery","Conserve Battery+1","Thinking Ahead","Secret Weapon","Chrysalis+1","Parasite","Glacier","Leap+1","Loop+1","Turbo+1","Turbo+1","Hologram+1"],"special_seed":0,"relics":["Cracked Core","TheAbacus","Cables","Golden Idol","Kunai","Astrolabe","FaceOfCleric","OrangePellets","Nilry\u0027s Codex","Pen Nib","Dream Catcher","Nuclear Battery","Thread and Needle","Question Card"],"potions_floor_usage":[47],"damage_taken":[{"damage":7.0,"enemies":"Small Slimes","floor":1.0,"turns":3.0},{"damage":2.0,"enemies":"2 Louse","floor":2.0,"turns":3.0},{"damage":1.0,"enemies":"Cultist","floor":5.0,"turns":3.0},{"damage":0.0,"enemies":"2 Fungi Beasts","floor":7.0,"turns":2.0},{"damage":8.0,"enemies":"Exordium Wildlife","floor":10.0,"turns":3.0},{"damage":8.0,"enemies":"3 Louse","floor":13.0,"turns":2.0},{"damage":24.0,"enemies":"Hexaghost","floor":16.0,"turns":10.0},{"damage":20.0,"enemies":"2 Thieves","floor":18.0,"turns":3.0},{"damage":23.0,"enemies":"Shell Parasite","floor":21.0,"turns":6.0},{"damage":8.0,"enemies":"Sentry and Sphere","floor":22.0,"turns":4.0},{"damage":6.0,"enemies":"3 Cultists","floor":28.0,"turns":3.0},{"damage":11.0,"enemies":"Snake Plant","floor":29.0,"turns":2.0},{"damage":0.0,"enemies":"Chosen and Byrds","floor":30.0,"turns":5.0},{"damage":32.0,"enemies":"Champ","floor":33.0,"turns":12.0},{"damage":38.0,"enemies":"3 Darklings","floor":35.0,"turns":8.0},{"damage":0.0,"enemies":"3 Shapes","floor":37.0,"turns":6.0},{"damage":0.0,"enemies":"Writhing Mass","floor":39.0,"turns":5.0},{"damage":43.0,"enemies":"Nemesis","floor":41.0,"turns":17.0},{"damage":30.0,"enemies":"Maw","floor":44.0,"turns":8.0},{"damage":55,"enemies":"Transient","floor":47,"turns":5}],"seed_played":"6167555288587441903","potions_obtained":[{"floor":5.0,"key":"Block Potion"},{"floor":10.0,"key":"Explosive Potion"},{"floor":21.0,"key":"Ancient Potion"},{"floor":22.0,"key":"Block Potion"},{"floor":30.0,"key":"Swift Potion"},{"floor":37.0,"key":"PowerPotion"},{"floor":39.0,"key":"Ancient Potion"},{"floor":44.0,"key":"LiquidBronze"}],"is_trial":false,"path_per_floor":["M","M","$","?","M","R","M","R","T","M","?","?","M","?","R","B",null,"M","?","$","M","M","R","?","R","T","R","M","M","M","?","R","B",null,"M","$","M","?","M","R","E","R","T","M","R","?","M"],"character_chosen":"DEFECT","items_purchased":["TheAbacus","OrangePellets","Conserve Battery"],"campfire_rested":6,"item_purchase_floors":[3,20,36],"current_hp_per_floor":[68,66,66,66,65,65,65,65,65,57,39,39,31,49,49,25,75,55,55,55,33,26,49,33,56,56,56,51,41,42,42,66,35,81,44,44,45,35,36,61,19,44,44,15,40,40,0],"gold":256,"neow_bonus":"HUNDRED_GOLD","is_prod":false,"is_daily":false,"chose_seed":false,"campfire_upgraded":4,"win_rate":0,"timestamp":1543070826,"path_taken":["M","M","$","?","M","R","M","R","T","M","?","?","M","?","R","BOSS","M","?","$","M","?","R","?","R","T","R","M","M","M","?","R","BOSS","M","$","M","?","M","R","E","R","T","M","R","?","M"],"build_version":"2018-11-15","purchased_purges":1,"victory":false,"max_hp_per_floor":[75,75,75,75,75,75,75,75,75,75,75,75,75,75,75,75,75,75,75,75,76,77,77,77,77,77,77,78,79,80,80,80,81,81,82,82,83,83,84,84,85,85,85,86,86,86,86],"card_choices":[{"not_picked":["Sweeping Beam","Blizzard"],"picked":"Coolheaded","floor":1.0},{"not_picked":["Go for the Eyes","Beam Cell"],"picked":"Core Surge","floor":2.0},{"not_picked":["Rip and Tear","Ball Lightning","Hello World"],"picked":"SKIP","floor":5.0},{"not_picked":["Hello World","Leap","Cold Snap"],"picked":"SKIP","floor":7.0},{"not_picked":["Undo","Ball Lightning","Beam Cell"],"picked":"SKIP","floor":10.0},{"not_picked":["Scrape","Ball Lightning"],"picked":"Darkness","floor":13.0},{"not_picked":["Hyperbeam","Fission"],"picked":"Multi-Cast","floor":16.0},{"not_picked":["Rebound","Sweeping Beam"],"picked":"Chill","floor":18.0},{"not_picked":["Barrage+1","Skim"],"picked":"Darkness","floor":21.0},{"not_picked":["Barrage","Turbo+1"],"picked":"Double Energy+1","floor":22.0},{"not_picked":["Cold Snap","FTL","Genetic Algorithm"],"picked":"SKIP","floor":28.0},{"not_picked":["Redo+1","Hello World"],"picked":"BootSequence+1","floor":29.0},{"not_picked":["Turbo","Rip and Tear"],"picked":"Consume","floor":30.0},{"not_picked":["Hologram","Gash+1"],"picked":"Cold Snap","floor":35.0},{"not_picked":["Reinforced Body+1","Leap"],"picked":"Conserve Battery+1","floor":37.0},{"not_picked":["HandOfGreed","Forethought"],"picked":"Thinking Ahead","floor":38.0},{"not_picked":["Mind Blast","Violence"],"picked":"Secret Weapon","floor":38.0},{"not_picked":["The Bomb","Bandage Up"],"picked":"Chrysalis","floor":38.0},{"not_picked":["Leap+1","Darkness"],"picked":"Glacier","floor":39.0},{"not_picked":["Reinforced Body","Stack"],"picked":"Leap+1","floor":40.0},{"not_picked":["Sweeping Beam","Hello World+1"],"picked":"Loop+1","floor":41.0},{"not_picked":["Streamline+1","Ball Lightning+1"],"picked":"Turbo+1","floor":42.0},{"not_picked":["Leap+1","Scrape","Genetic Algorithm+1"],"picked":"Turbo+1","floor":44.0},{"not_picked":["Compile Driver+1","Darkness+1","Steam"],"picked":"Hologram+1","floor":45.0}],"player_experience":104603,"relics_obtained":[{"floor":9.0,"key":"Cables"},{"floor":24.0,"key":"Nilry\u0027s Codex"},{"floor":26.0,"key":"Pen Nib"},{"floor":41.0,"key":"Thread and Needle"},{"floor":43.0,"key":"Question Card"}],"event_choices":[{"damage_healed":0.0,"max_hp_gain":0.0,"max_hp_loss":0.0,"gold_gain":0.0,"event_name":"Living Wall","player_choice":"Grow","floor":4.0,"gold_loss":0.0,"damage_taken":0.0,"cards_upgraded":["Zap"]},{"damage_healed":0.0,"max_hp_gain":0.0,"max_hp_loss":0.0,"gold_gain":0.0,"event_name":"Golden Idol","player_choice":"Take Damage","floor":11.0,"gold_loss":0.0,"damage_taken":18.0,"relics_obtained":["Golden Idol"]},{"damage_healed":0.0,"max_hp_gain":0.0,"max_hp_loss":0.0,"gold_gain":30.0,"event_name":"Dead Adventurer","player_choice":"Searched \u00272\u0027 times","floor":12.0,"gold_loss":0.0,"damage_taken":0.0,"relics_obtained":["Kunai"]},{"damage_healed":18.0,"max_hp_gain":0.0,"max_hp_loss":0.0,"gold_gain":0.0,"event_name":"The Cleric","player_choice":"Healed","floor":14.0,"gold_loss":35.0,"damage_taken":0.0},{"damage_healed":0.0,"max_hp_gain":0.0,"max_hp_loss":0.0,"gold_gain":0.0,"event_name":"FaceTrader","player_choice":"Trade","floor":19.0,"gold_loss":0.0,"damage_taken":0.0,"relics_obtained":["FaceOfCleric"]},{"damage_healed":0.0,"max_hp_gain":0.0,"max_hp_loss":0.0,"gold_gain":0.0,"event_name":"Cursed Tome","player_choice":"Obtained Book","floor":24.0,"gold_loss":0.0,"damage_taken":16.0},{"damage_healed":0.0,"max_hp_gain":0.0,"max_hp_loss":0.0,"gold_gain":0.0,"event_name":"The Mausoleum","player_choice":"Opened","floor":31.0,"gold_loss":0.0,"damage_taken":0.0,"relics_obtained":["Dream Catcher"]},{"damage_healed":0.0,"max_hp_gain":0.0,"max_hp_loss":0.0,"gold_gain":0.0,"event_name":"SensoryStone","player_choice":"Memory 3","floor":38.0,"gold_loss":0.0,"damage_taken":10.0},{"damage_healed":0.0,"max_hp_gain":0.0,"max_hp_loss":0.0,"gold_gain":0.0,"event_name":"Upgrade Shrine","player_choice":"Upgraded","floor":46.0,"gold_loss":0.0,"damage_taken":0.0,"cards_upgraded":["Chrysalis"]}],"is_beta":false,"boss_relics":[{"not_picked":["Coffee Dripper","Runic Dome"],"picked":"Astrolabe"},{"not_picked":["Lizard Tail","White Beast Statue"],"picked":"Nuclear Battery"}],"items_purged_floors":[36],"is_endless":false,"potions_floor_spawned":[5,10,21,22,30,37,39,44],"killed_by":"Transient","ascension_level":3}