{"gold_per_floor":[111,111,76,20,20,77,77,109,136,171,171,239,254,284,284,355,355,371,371,152,171,171,171,200,213,213,213,223,39,39],"floor_reached":30,"playtime":1035,"items_purged":[],"score":490,"play_id":"46d5ec08-1510-4d02-821b-9307b5195081","local_time":"20180820173600","is_ascension_mode":true,"campfire_choices":[{"data":"Inflame","floor":7,"key":"SMITH"},{"floor":11,"key":"REST"},{"data":"Bash","floor":15,"key":"SMITH"},{"floor":23,"key":"REST"}],"neow_cost":"PERCENT_DAMAGE","seed_source_timestamp":689489100528044,"circlet_count":0,"master_deck":["Strike_R","Strike_R","Defend_R","Defend_R","Defend_R+1","Defend_R","Bash+1","AscendersBane","Inflame+1","Thunderclap","Disarm+1","Iron Wave","Twin Strike","Iron Wave","Fire Breathing+1","Demon Form+1","Limit Break","Clothesline","Dropkick","Iron Wave","Feel No Pain+1","Warcry","Flame Barrier","Blind"],"relics":["Burning Blood","Charon\u0027s Ashes","Tiny Chest","Dead Branch","Centennial Puzzle","StoneCalendar","Frozen Egg 2","War Paint","Empty Cage","Regal Pillow","Happy Flower","Pen Nib"],"potions_floor_usage":[6,16,30],"damage_taken":[{"damage":12,"enemies":"Small Slimes","floor":1,"turns":3},{"damage":25,"enemies":"3 Sentries","floor":6,"turns":6},{"damage":28,"enemies":"Gremlin Nob","floor":8,"turns":4},{"damage":21,"enemies":"Lagavulin","floor":10,"turns":6},{"damage":0,"enemies":"Jaw Worm","floor":13,"turns":3},{"damage":15,"enemies":"3 Sentries","floor":14,"turns":4},{"damage":13,"enemies":"The Guardian","floor":16,"turns":6},{"damage":30,"enemies":"Spheric Guardian","floor":18,"turns":5},{"damage":14,"enemies":"Chosen","floor":21,"turns":4},{"damage":75,"enemies":"Book of Stabbing","floor":24,"turns":7},{"damage":13,"enemies":"Snecko","floor":25,"turns":6},{"damage":12,"enemies":"Centurion and Healer","floor":28,"turns":7},{"damage":14,"enemies":"Slavers","floor":30,"turns":1}],"seed_played":"2461703141793965441","potions_obtained":[{"floor":1,"key":"BloodPotion"},{"floor":13,"key":"Strength Potion"},{"floor":16,"key":"FairyPotion"},{"floor":21,"key":"FairyPotion"},{"floor":28,"key":"SkillPotion"}],"is_trial":false,"path_per_floor":["M","?","?","$","?","E","R","E","T","E","R","T","M","E","R","B",null,"M","T","$","M","?","R","E","M","T","?","M","$"],"character_chosen":"IRONCLAD","items_purchased":["Thunderclap","Limit Break","Clothesline","Flame Barrier","Blind"],"campfire_rested":2,"item_purchase_floors":[4,20,20,29,29],"current_hp_per_floor":[44,44,62,62,67,56,56,34,34,19,43,43,49,40,40,33,68,44,44,44,36,36,75,14,7,7,7,10,10,0],"gold":39,"neow_bonus":"ONE_RARE_RELIC","is_prod":false,"is_daily":false,"chose_seed":false,"campfire_upgraded":2,"win_rate":0,"timestamp":1534800960,"path_taken":["M","?","?","?","?","E","R","E","T","E","R","?","?","E","R","BOSS","M","?","$","M","?","R","E","M","T","?","?","$","E"],"build_version":"2018-08-16","purchased_purges":0,"victory":false,"max_hp_per_floor":[75,75,75,75,80,80,80,80,80,80,80,80,80,80,80,80,80,80,80,80,80,80,80,80,80,80,80,80,80,80],"card_choices":[{"not_picked":["Evolve","Heavy Blade"],"picked":"Inflame","floor":1},{"not_picked":["Heavy Blade","Clothesline"],"picked":"Disarm","floor":6},{"not_picked":["Body Slam","Seeing Red"],"picked":"Iron Wave","floor":8},{"not_picked":["True Grit","Corruption"],"picked":"Twin Strike","floor":10},{"not_picked":["Clash","Wild Strike"],"picked":"Iron Wave","floor":13},{"not_picked":["Searing Blow","Rampage"],"picked":"Fire Breathing+1","floor":14},{"not_picked":["Offering","Double Tap"],"picked":"Demon Form+1","floor":16},{"not_picked":["Pommel Strike","Armaments","Twin Strike"],"picked":"SKIP","floor":18},{"not_picked":["Wild Strike","Pommel Strike"],"picked":"Dropkick","floor":21},{"not_picked":["Hemokinesis","Armaments"],"picked":"Iron Wave","floor":24},{"not_picked":["Uppercut","Whirlwind"],"picked":"Feel No Pain+1","floor":25},{"not_picked":["Wild Strike","Searing Blow"],"picked":"Warcry","floor":28}],"player_experience":467733,"relics_obtained":[{"floor":6,"key":"Tiny Chest"},{"floor":8,"key":"Dead Branch"},{"floor":9,"key":"Centennial Puzzle"},{"floor":10,"key":"StoneCalendar"},{"floor":12,"key":"Frozen Egg 2"},{"floor":14,"key":"War Paint"},{"floor":19,"key":"Regal Pillow"},{"floor":24,"key":"Happy Flower"},{"floor":26,"key":"Pen Nib"}],"event_choices":[{"event_name":"Liars Game","player_choice":"disagreed","floor":2,"damage_taken":0},{"event_name":"The Cleric","player_choice":"Healed","floor":3,"damage_taken":0},{"event_name":"Big Fish","player_choice":"Donut","floor":5,"damage_taken":0},{"event_name":"Purifier","player_choice":"One Purge","floor":22,"damage_taken":0},{"event_name":"Drug Dealer","player_choice":"Ignored","floor":27,"damage_taken":0}],"is_beta":false,"boss_relics":[{"not_picked":["Black Blood","Mark of Pain"],"picked":"Empty Cage"}],"items_purged_floors":[],"is_endless":false,"potions_floor_spawned":[1,13,16,21,28],"killed_by":"Slavers","ascension_level":16}