{"gold_per_floor":[115,115,115,130,150,150,150,150,177,177,187,197,213,175,175,270,270,290,310,310,325,340,340,290,76,130,141,156,156,172,172],"floor_reached":31,"playtime":1593,"items_purged":[],"score":231,"play_id":"9143304e-8b55-437c-beca-8da9567e4d3a","local_time":"20181114035335","is_ascension_mode":false,"campfire_choices":[{"data":"Zap","floor":6,"key":"SMITH"},{"data":"Seek","floor":8,"key":"SMITH"},{"data":"Dualcast","floor":10,"key":"SMITH"},{"data":"Barrage","floor":15,"key":"SMITH"},{"floor":23,"key":"REST"},{"floor":29,"key":"REST"}],"neow_cost":"NONE","seed_source_timestamp":375845362949269,"circlet_count":0,"master_deck":["Strike_B","Strike_B","Strike_B","Defend_B","Defend_B","Defend_B","Defend_B","Zap+1","Dualcast+1","Steam","Barrage+1","Seek+1","Capacitor","Leap","Tempest","BootSequence","Biased Cognition","Tempest+1","Static Discharge+1","Defragment","Fission","Auto Shields","Barrage+1"],"relics":["Cracked Core","NeowsBlessing","Shuriken","Potion Belt","Eternal Feather","Orichalcum","Omamori"],"potions_floor_usage":[16,16,18,22,22],"damage_taken":[{"damage":0,"enemies":"2 Louse","floor":1,"turns":1},{"damage":0,"enemies":"Cultist","floor":4,"turns":1},{"damage":0,"enemies":"Jaw Worm","floor":5,"turns":1},{"damage":8,"enemies":"2 Fungi Beasts","floor":11,"turns":3},{"damage":5,"enemies":"Gremlin Gang","floor":12,"turns":4},{"damage":8,"enemies":"Red Slaver","floor":13,"turns":4},{"damage":5,"enemies":"Slime Boss","floor":16,"turns":8},{"damage":24,"enemies":"2 Thieves","floor":18,"turns":4},{"damage":21,"enemies":"3 Byrds","floor":19,"turns":4},{"damage":13,"enemies":"Sentry and Sphere","floor":21,"turns":3},{"damage":0,"enemies":"Cultist and Chosen","floor":22,"turns":4},{"damage":11,"enemies":"Snake Plant","floor":27,"turns":2},{"damage":24,"enemies":"3 Cultists","floor":28,"turns":4},{"damage":32,"enemies":"Snecko","floor":30,"turns":4},{"damage":5,"enemies":"Snake Plant","floor":31,"turns":1}],"seed_played":"2011012664086790660","potions_obtained":[{"floor":1,"key":"Weak Potion"},{"floor":4,"key":"Explosive Potion"},{"floor":12,"key":"AttackPotion"},{"floor":18,"key":"Block Potion"},{"floor":19,"key":"Fire Potion"},{"floor":28,"key":"Block Potion"}],"is_trial":false,"path_per_floor":["M","?","?","M","M","R","?","R","T","R","M","M","M","$","R","B",null,"M","M","?","M","M","R","?","$","T","M","M","R","M","M"],"character_chosen":"DEFECT","items_purchased":["BootSequence","Defragment","Orichalcum"],"campfire_rested":2,"item_purchase_floors":[14,25,25],"current_hp_per_floor":[75,75,75,75,75,75,75,75,75,75,67,62,54,54,54,49,75,51,30,16,3,3,36,36,36,36,25,1,37,5,0],"gold":172,"neow_bonus":"THREE_ENEMY_KILL","is_prod":false,"is_daily":false,"chose_seed":false,"campfire_upgraded":4,"win_rate":0,"timestamp":1542135215,"path_taken":["M","?","?","?","M","R","?","R","T","R","M","M","M","$","R","BOSS","M","M","?","M","M","R","?","$","T","M","M","R","M","M"],"build_version":"2018-11-08","purchased_purges":0,"victory":false,"max_hp_per_floor":[75,75,75,75,75,75,75,75,75,75,75,75,75,75,75,75,75,75,75,80,80,80,80,80,80,80,80,80,80,80,80],"card_choices":[{"not_picked":["Chaos","Compile Driver"],"picked":"Loop","floor":1},{"not_picked":["Compile Driver","Stack"],"picked":"Steam","floor":4},{"not_picked":["Gash","Cold Snap"],"picked":"Barrage","floor":5},{"not_picked":["Stack","Steam"],"picked":"Capacitor","floor":11},{"not_picked":["Undo","All For One"],"picked":"Leap","floor":12},{"not_picked":["BootSequence","Gash"],"picked":"Tempest","floor":13},{"not_picked":["All For One","Meteor Strike"],"picked":"Biased Cognition","floor":16},{"not_picked":["Barrage","Blizzard","Rebound"],"picked":"SKIP","floor":18},{"not_picked":["Barrage","Streamline"],"picked":"Tempest+1","floor":19},{"not_picked":["Ball Lightning","Leap+1"],"picked":"Static Discharge+1","floor":21},{"not_picked":["Scrape","Steam","Stack"],"picked":"SKIP","floor":22},{"not_picked":["Stack","Compile Driver"],"picked":"Fission","floor":27},{"not_picked":["Stack","BootSequence+1"],"picked":"Auto Shields","floor":28},{"not_picked":["Turbo","Conserve Battery"],"picked":"Barrage+1","floor":30}],"player_experience":53190,"relics_obtained":[{"floor":9,"key":"Potion Belt"},{"floor":26,"key":"Omamori"}],"event_choices":[{"damage_healed":0,"gold_gain":0,"player_choice":"Leave","damage_taken":0,"max_hp_gain":0,"max_hp_loss":0,"event_name":"The Cleric","floor":2,"gold_loss":0},{"cards_removed":["Loop"],"damage_healed":0,"gold_gain":0,"player_choice":"Gave Card","damage_taken":0,"relics_obtained":["Shuriken"],"max_hp_gain":0,"max_hp_loss":0,"event_name":"WeMeetAgain","floor":3,"gold_loss":0},{"damage_healed":0,"gold_gain":0,"cards_transformed":["Strike_B"],"player_choice":"Change","damage_taken":0,"max_hp_gain":0,"max_hp_loss":0,"event_name":"Living Wall","floor":7,"gold_loss":0,"cards_obtained":["Seek"]},{"damage_healed":0,"gold_gain":0,"player_choice":"Shed Blood","damage_taken":19,"max_hp_gain":5,"max_hp_loss":0,"event_name":"Forgotten Altar","floor":20,"gold_loss":0},{"damage_healed":0,"gold_gain":0,"player_choice":"Bet on Owner","damage_taken":0,"max_hp_gain":0,"max_hp_loss":0,"event_name":"The Joust","floor":24,"gold_loss":50}],"is_beta":false,"boss_relics":[{"not_picked":["Runic Pyramid","Empty Cage"],"picked":"Eternal Feather"}],"items_purged_floors":[],"is_endless":false,"potions_floor_spawned":[1,4,12,18,19,28],"killed_by":"Snake Plant","ascension_level":0}