{"gold_per_floor":[112,112,29,48,48,48,77,77,149,163,183,183,242,268,268,342,342,354,190,190,190,202,234,234,264,276,321,46,77,77,88,88,165,165,183,197,197,197,33,65,65,90,90,124,124,155,155,255,255,255,255,255,255,10,43,43],"floor_reached":57,"playtime":2915,"items_purged":["Strike_G","Strike_G+1"],"score":3346,"play_id":"29fb6aef-686a-4199-a812-582b4694991f","local_time":"20190225115151","is_ascension_mode":true,"campfire_choices":[{"data":"Footwork","floor":6,"key":"SMITH"},{"data":"Well Laid Plans","floor":8,"key":"SMITH"},{"data":"Deadly Poison","floor":12,"key":"SMITH"},{"data":"Catalyst","floor":15,"key":"SMITH"},{"data":"Corpse Explosion","floor":24,"key":"SMITH"},{"data":"Night Terror","floor":30,"key":"SMITH"},{"data":"Footwork","floor":32,"key":"SMITH"},{"data":"Catalyst","floor":41,"key":"SMITH"},{"data":"Noxious Fumes","floor":45,"key":"SMITH"},{"floor":47,"key":"RECALL"},{"data":"Leg Sweep","floor":49,"key":"SMITH"},{"data":"Neutralize","floor":53,"key":"SMITH"}],"neow_cost":"NONE","seed_source_timestamp":42932668688011,"circlet_count":0,"master_deck":["AscendersBane","Defend_G+1","Defend_G+1","Defend_G+1","Defend_G+1","Defend_G+1","Strike_G+1","Strike_G+1","Strike_G+1","Survivor","Neutralize+1","Well Laid Plans+1","Dodge and Roll","Neutralize","Footwork+1","Backstab","Leg Sweep+1","Deadly Poison+1","Catalyst+1","Blur","Corpse Explosion+1","Noxious Fumes+1","Footwork+1","Glass Knife","Night Terror+1","PiercingWail","Catalyst+1","Malaise","Backflip","Secret Technique","Dodge and Roll","Wraith Form v2","After Image"],"relics":["Ring of the Snake","NeowsBlessing","Ice Cream","Pear","Centennial Puzzle","Orichalcum","Coffee Dripper","Bag of Marbles","MawBank","Bag of Preparation","Kunai","Meat on the Bone","Pocketwatch","Velvet Choker","Lantern","Blood Vial","Regal Pillow","Paper Crane","Sundial","Turnip","Vajra"],"potions_floor_usage":[42,56,56,56,56],"damage_taken":[{"damage":0,"enemies":"Jaw Worm","floor":1,"turns":1},{"damage":0,"enemies":"Cultist","floor":4,"turns":1},{"damage":0,"enemies":"Gremlin Nob","floor":7,"turns":1},{"damage":0,"enemies":"2 Louse","floor":10,"turns":3},{"damage":2,"enemies":"Looter","floor":11,"turns":4},{"damage":32,"enemies":"Gremlin Nob","floor":13,"turns":4},{"damage":14,"enemies":"3 Sentries","floor":14,"turns":11},{"damage":0,"enemies":"The Guardian","floor":16,"turns":10},{"damage":11,"enemies":"2 Thieves","floor":18,"turns":3},{"damage":3,"enemies":"Spheric Guardian","floor":22,"turns":6},{"damage":3,"enemies":"Book of Stabbing","floor":23,"turns":7},{"damage":3,"enemies":"Gremlin Leader","floor":25,"turns":6},{"damage":17,"enemies":"Book of Stabbing","floor":27,"turns":5},{"damage":24,"enemies":"Gremlin Leader","floor":29,"turns":5},{"damage":0,"enemies":"Snake Plant","floor":31,"turns":4},{"damage":1,"enemies":"Champ","floor":33,"turns":6},{"damage":1,"enemies":"Orb Walker","floor":35,"turns":2},{"damage":25,"enemies":"3 Darklings","floor":36,"turns":3},{"damage":0,"enemies":"Nemesis","floor":40,"turns":7},{"damage":0,"enemies":"Reptomancer","floor":42,"turns":7},{"damage":0,"enemies":"Giant Head","floor":44,"turns":3},{"damage":0,"enemies":"Nemesis","floor":46,"turns":3},{"damage":0,"enemies":"Mind Bloom Boss Battle","floor":48,"turns":5},{"damage":5,"enemies":"Donu and Deca","floor":50,"turns":7},{"damage":0,"enemies":"Time Eater","floor":51,"turns":6},{"damage":26,"enemies":"Shield and Spear","floor":55,"turns":4},{"damage":34,"enemies":"The Heart","floor":56,"turns":13}],"seed_played":"-1096252916405659386","potions_obtained":[{"floor":1,"key":"Dexterity Potion"},{"floor":10,"key":"SpeedPotion"},{"floor":14,"key":"GhostInAJar"},{"floor":29,"key":"EntropicBrew"}],"is_trial":false,"path_per_floor":["M","?","$","M","?","R","E","R","T","M","M","R","?","E","R","B",null,"M","$","?","?","M","E","R","E","T","E","$","E","R","M","R","B",null,"M","M","?","?","$","E","R","E","T","E","R","E","R","?","R","B","B",null,"R","$","E","B",null],"character_chosen":"THE_SILENT","items_purchased":["Footwork","Footwork","Meat on the Bone","Lantern","Wraith Form v2","Explosive Potion"],"campfire_rested":0,"item_purchase_floors":[3,19,28,39,54,54],"current_hp_per_floor":[59,59,59,59,64,64,64,64,74,74,72,72,40,26,26,26,67,56,56,56,81,78,75,75,72,72,55,55,43,43,43,43,42,71,70,45,45,45,45,45,45,47,47,49,49,51,51,53,53,50,52,74,74,74,50,30],"gold":43,"neow_bonus":"THREE_ENEMY_KILL","is_prod":false,"is_daily":false,"chose_seed":false,"campfire_upgraded":11,"win_rate":0,"timestamp":1551113511,"path_taken":["M","?","?","?","?","R","E","R","T","M","M","R","?","E","R","BOSS","M","$","?","?","?","E","R","E","T","E","$","E","R","M","R","BOSS","M","M","?","?","$","E","R","E","T","E","R","E","R","?","R","BOSS","BOSS","R","$","E","BOSS"],"build_version":"2019-01-23","purchased_purges":2,"victory":true,"max_hp_per_floor":[66,66,66,66,71,71,71,71,81,81,81,81,81,81,81,81,81,81,81,81,81,81,81,81,81,81,81,81,81,81,81,81,81,81,81,81,81,81,81,81,81,81,81,81,81,81,81,81,81,81,81,81,81,81,81,81],"card_choices":[{"not_picked":["All Out Attack","Dagger Throw"],"picked":"Well Laid Plans","floor":1},{"not_picked":["Dagger Throw","Expertise"],"picked":"Backstab","floor":4},{"not_picked":["Cloak And Dagger","Blade Dance"],"picked":"Leg Sweep","floor":7},{"not_picked":["Underhanded Strike","Prepared"],"picked":"Deadly Poison","floor":10},{"not_picked":["Riddle With Holes","Underhanded Strike"],"picked":"Catalyst","floor":11},{"not_picked":["Unload","Sucker Punch"],"picked":"Escape Plan","floor":13},{"not_picked":["Dagger Spray","Underhanded Strike"],"picked":"Blur","floor":14},{"not_picked":["Grand Finale","Wraith Form v2"],"picked":"Corpse Explosion","floor":16},{"not_picked":["Poisoned Stab","Blade Dance"],"picked":"Noxious Fumes","floor":18},{"not_picked":["Sucker Punch","Underhanded Strike","Dagger Spray"],"picked":"SKIP","floor":22},{"not_picked":["Tactician","Heel Hook","Sucker Punch"],"picked":"SKIP","floor":23},{"not_picked":["Underhanded Strike","Dash"],"picked":"Glass Knife","floor":25},{"not_picked":["Slice","Footwork"],"picked":"Night Terror","floor":27},{"not_picked":["Acrobatics","Noxious Fumes"],"picked":"PiercingWail","floor":29},{"not_picked":["Deflect","Caltrops+1"],"picked":"Catalyst","floor":31},{"not_picked":["Bullet Time","Envenom"],"picked":"Malaise","floor":33},{"not_picked":["Slice","Concentrate"],"picked":"Backflip","floor":35},{"not_picked":["Calculated Gamble","Flying Knee","Quick Slash+1"],"picked":"SKIP","floor":36},{"not_picked":["Deep Breath","Impatience"],"picked":"Secret Technique","floor":37},{"not_picked":["Eviscerate","Quick Slash","Predator"],"picked":"SKIP","floor":40},{"not_picked":["Eviscerate","Quick Slash","Predator"],"picked":"SKIP","floor":40},{"not_picked":["Poisoned Stab","Bane","Reflex"],"picked":"SKIP","floor":42},{"not_picked":["Poisoned Stab","Bane","Reflex"],"picked":"SKIP","floor":42},{"not_picked":["Eviscerate","Accuracy","Phantasmal Killer"],"picked":"SKIP","floor":44},{"not_picked":["Flying Knee","Dagger Spray"],"picked":"Dodge and Roll","floor":46},{"not_picked":["Backstab","Caltrops"],"picked":"After Image","floor":55}],"player_experience":871982,"relics_obtained":[{"floor":7,"key":"Ice Cream"},{"floor":9,"key":"Pear"},{"floor":13,"key":"Centennial Puzzle"},{"floor":14,"key":"Orichalcum"},{"floor":23,"key":"Bag of Marbles"},{"floor":25,"key":"MawBank"},{"floor":26,"key":"Bag of Preparation"},{"floor":27,"key":"Kunai"},{"floor":29,"key":"Pocketwatch"},{"floor":40,"key":"Blood Vial"},{"floor":42,"key":"Regal Pillow"},{"floor":44,"key":"Paper Crane"},{"floor":46,"key":"Sundial"},{"floor":48,"key":"Turnip"},{"floor":55,"key":"Vajra"}],"event_choices":[{"damage_healed":0,"gold_gain":0,"player_choice":"2 cards matched","damage_taken":0,"max_hp_gain":0,"max_hp_loss":0,"event_name":"Match and Keep!","floor":2,"gold_loss":0,"cards_obtained":["Dodge and Roll","Neutralize"]},{"damage_healed":0,"gold_gain":0,"player_choice":"Donut","damage_taken":0,"max_hp_gain":5,"max_hp_loss":0,"event_name":"Big Fish","floor":5,"gold_loss":0},{"damage_healed":0,"gold_gain":30,"player_choice":"Searched \u00273\u0027 times","damage_taken":0,"max_hp_gain":0,"max_hp_loss":0,"event_name":"Dead Adventurer","floor":13,"gold_loss":0},{"damage_healed":0,"gold_gain":0,"player_choice":"Simplicity","damage_taken":0,"max_hp_gain":0,"max_hp_loss":0,"event_name":"Back to Basics","floor":20,"gold_loss":0,"cards_upgraded":["Defend_G","Defend_G","Defend_G","Defend_G","Defend_G","Strike_G","Strike_G","Strike_G","Strike_G"]},{"cards_removed":["Escape Plan"],"damage_healed":25,"gold_gain":0,"player_choice":"Offered Uncommon","damage_taken":0,"max_hp_gain":0,"max_hp_loss":0,"event_name":"Bonfire Elementals","floor":21,"gold_loss":0},{"damage_healed":0,"gold_gain":0,"player_choice":"Memory 1","damage_taken":0,"max_hp_gain":0,"max_hp_loss":0,"event_name":"SensoryStone","floor":37,"gold_loss":0},{"damage_healed":0,"gold_gain":0,"player_choice":"Ignored","damage_taken":0,"max_hp_gain":0,"max_hp_loss":0,"event_name":"Tomb of Lord Red Mask","floor":38,"gold_loss":0},{"damage_healed":0,"gold_gain":0,"player_choice":"Fight","damage_taken":0,"max_hp_gain":0,"max_hp_loss":0,"event_name":"MindBloom","floor":48,"gold_loss":0}],"is_beta":false,"boss_relics":[{"not_picked":["Pandora\u0027s Box","Runic Dome"],"picked":"Coffee Dripper"},{"not_picked":["Snecko Eye","Empty Cage"],"picked":"Velvet Choker"}],"items_purged_floors":[19,54],"is_endless":false,"potions_floor_spawned":[1,10,11,14,18,29,33,35,40],"ascension_level":20}