{"gold_per_floor":[115,36,36,36,47,47,78,78,102,119,151,165,200,220,220,296,296,306,317,317,14,30,30,60,88,100,112,124,167,179,205,217,306,318,347,329,360,372,384,429,441,486,498,173,173,201,70,101,101,101,101,101,101,48,75,75],"floor_reached":57,"playtime":3715,"items_purged":["Strike_B"],"score":3073,"play_id":"dfa4b23c-ed02-4596-8ee6-4dac10977c98","local_time":"20190109203145","is_ascension_mode":true,"campfire_choices":[{"data":"Self Repair","floor":6.0,"key":"SMITH"},{"data":"Steam","floor":8.0,"key":"SMITH"},{"data":"Static Discharge","floor":15.0,"key":"SMITH"},{"data":"Turbo","floor":23.0,"key":"SMITH"},{"data":"Turbo","floor":28.0,"key":"SMITH"},{"data":"Dualcast","floor":30.0,"key":"SMITH"},{"data":"Hologram","floor":32.0,"key":"SMITH"},{"floor":41,"key":"REST"},{"floor":45,"key":"REST"},{"floor":49,"key":"RECALL"},{"floor":53,"key":"REST"}],"neow_cost":"NONE","seed_source_timestamp":0,"circlet_count":0,"master_deck":["AscendersBane","Strike_B","Strike_B","Strike_B","Defend_B","Defend_B","Defend_B+1","Defend_B","Zap+1","Dualcast+1","Coolheaded","Self Repair+1","Steam+1","Streamline","FTL+1","Turbo+1","Static Discharge+1","Ball Lightning","Meteor Strike","Hologram+1","White Noise+1","Necronomicurse","Turbo+1","Meteor Strike","Chill","Hologram+1","Go for the Eyes+1","Core Surge","Undo","Seek","Beam Cell+1","Conserve Battery+1","Secret Technique","Good Instincts+1","Leap","Echo Form+1","Steam+1"],"special_seed":0,"relics":["Cracked Core","NeowsBlessing","FaceOfCleric","Unceasing Top","Regal Pillow","Kunai","Dead Branch","Black Star","Necronomicon","MawBank","Frozen Egg 2","Potion Belt","Mango","Bronze Scales","Fusion Hammer","Turnip","Art of War","Lantern","Singing Bowl","Calipers","War Paint","Cables","Whetstone","Bag of Marbles","Vajra","Blue Candle"],"potions_floor_usage":[40,40,50,51,51,56,56],"damage_taken":[{"damage":0.0,"enemies":"Small Slimes","floor":1.0,"turns":1.0},{"damage":0.0,"enemies":"Cultist","floor":5.0,"turns":1.0},{"damage":0.0,"enemies":"3 Sentries","floor":7.0,"turns":1.0},{"damage":2.0,"enemies":"Jaw Worm","floor":10.0,"turns":4.0},{"damage":24.0,"enemies":"Lagavulin","floor":11.0,"turns":8.0},{"damage":10.0,"enemies":"Exordium Wildlife","floor":12.0,"turns":6.0},{"damage":7.0,"enemies":"Gremlin Nob","floor":13.0,"turns":3.0},{"damage":14.0,"enemies":"Red Slaver","floor":14.0,"turns":3.0},{"damage":47.0,"enemies":"Hexaghost","floor":16.0,"turns":9.0},{"damage":2.0,"enemies":"Spheric Guardian","floor":18.0,"turns":3.0},{"damage":8.0,"enemies":"3 Byrds","floor":19.0,"turns":2.0},{"damage":0.0,"enemies":"Snake Plant","floor":22.0,"turns":2.0},{"damage":13.0,"enemies":"Book of Stabbing","floor":24.0,"turns":3.0},{"damage":0.0,"enemies":"Cultist and Chosen","floor":25.0,"turns":2.0},{"damage":18.0,"enemies":"Gremlin Leader","floor":29.0,"turns":3.0},{"damage":16.0,"enemies":"Shelled Parasite and Fungi","floor":31.0,"turns":5.0},{"damage":49.0,"enemies":"Collector","floor":33.0,"turns":7.0},{"damage":8.0,"enemies":"3 Darklings","floor":35.0,"turns":4.0},{"damage":0.0,"enemies":"3 Shapes","floor":37.0,"turns":4.0},{"damage":33,"enemies":"Giant Head","floor":40,"turns":6},{"damage":43,"enemies":"Reptomancer","floor":42,"turns":7},{"damage":0,"enemies":"Giant Head","floor":46,"turns":3},{"damage":0,"enemies":"Nemesis","floor":48,"turns":3},{"damage":5,"enemies":"Donu and Deca","floor":50,"turns":8},{"damage":17,"enemies":"Time Eater","floor":51,"turns":9},{"damage":42,"enemies":"Shield and Spear","floor":55,"turns":6},{"damage":53,"enemies":"The Heart","floor":56,"turns":8}],"seed_played":"-8323672572694343796","potions_obtained":[{"floor":7.0,"key":"Swift Potion"},{"floor":10.0,"key":"SteroidPotion"},{"floor":12.0,"key":"Poison Potion"},{"floor":18.0,"key":"Energy Potion"},{"floor":24.0,"key":"GamblersBrew"},{"floor":33.0,"key":"Fire Potion"},{"floor":36.0,"key":"AttackPotion"},{"floor":36.0,"key":"Explosive Potion"},{"floor":40,"key":"FearPotion"},{"floor":42,"key":"SkillPotion"},{"floor":55,"key":"Regen Potion"}],"is_trial":false,"path_per_floor":["M","$","?","?","M","R","E","R","T","M","E","M","E","M","R","B",null,"M","M","?","$","M","R","E","M","T","?","R","E","R","M","R","B",null,"M","?","M","?","?","E","R","E","T","$","R","E","$","E","R","B","B",null,"R","$","E","B",null],"character_chosen":"DEFECT","items_purchased":["Self Repair","Turbo","Meteor Strike","Chill","Calipers","SteroidPotion","Weak Potion"],"campfire_rested":3,"item_purchase_floors":[2,21,21,21,44,47,54],"current_hp_per_floor":[64,64,64,64,65,65,73,73,73,74,61,62,66,63,63,27,66,75,78,57,57,58,58,56,67,67,67,67,74,74,69,69,31,84,87,87,98,88,88,66,99,69,69,69,102,105,105,106,106,107,101,106,108,108,67,40],"gold":75,"neow_bonus":"THREE_ENEMY_KILL","is_prod":false,"is_daily":false,"chose_seed":false,"campfire_upgraded":7,"win_rate":0,"timestamp":1547083905,"path_taken":["M","$","?","?","M","R","E","R","T","?","E","M","E","M","R","BOSS","M","M","?","$","M","R","E","M","T","?","R","E","R","M","R","BOSS","M","?","?","?","?","E","R","E","T","?","R","E","$","E","R","BOSS","BOSS","R","$","E","BOSS"],"build_version":"2019-01-03v4","purchased_purges":1,"victory":true,"max_hp_per_floor":[71,71,71,71,72,72,73,73,73,74,75,76,77,78,78,79,79,80,81,81,81,82,82,83,84,84,84,84,99,99,100,100,101,101,102,102,103,103,98,99,99,102,102,102,102,105,105,106,106,107,108,108,108,108,109,110],"card_choices":[{"not_picked":["Turbo","Recycle"],"picked":"Coolheaded","floor":1.0},{"not_picked":["Turbo","Stack","Beam Cell"],"picked":"SKIP","floor":5.0},{"not_picked":["Skim","Reprogram"],"picked":"Steam","floor":7.0},{"not_picked":["Coolheaded","Redo"],"picked":"Streamline","floor":10.0},{"not_picked":["Turbo","Coolheaded"],"picked":"FTL","floor":11.0},{"not_picked":["Stack","Force Field"],"picked":"Turbo","floor":12.0},{"not_picked":["Lockon","Leap"],"picked":"Static Discharge","floor":13.0},{"not_picked":["Rebound","Undo"],"picked":"Ball Lightning","floor":14.0},{"not_picked":["Amplify","Reboot"],"picked":"Meteor Strike","floor":16.0},{"not_picked":["Sweeping Beam","Go for the Eyes"],"picked":"Hologram+1","floor":18.0},{"not_picked":["Rebound","Go for the Eyes"],"picked":"White Noise+1","floor":19.0},{"not_picked":["Heatsinks","Rip and Tear"],"picked":"Hologram","floor":22.0},{"not_picked":["Leap","Ball Lightning","Blizzard+1"],"picked":"SKIP","floor":24.0},{"not_picked":["Gash","Sweeping Beam"],"picked":"Go for the Eyes+1","floor":25.0},{"not_picked":["Cold Snap","Hello World+1"],"picked":"Core Surge","floor":29.0},{"not_picked":["Go for the Eyes","Doom and Gloom"],"picked":"Undo","floor":31.0},{"not_picked":["Rainbow","Meteor Strike"],"picked":"Seek","floor":33.0},{"not_picked":["Leap+1","Force Field"],"picked":"Beam Cell","floor":35.0},{"not_picked":["Consume+1","Turbo+1"],"picked":"Conserve Battery+1","floor":37.0},{"not_picked":["Mind Blast","HandOfGreed"],"picked":"Secret Technique","floor":38.0},{"not_picked":["PanicButton","Dramatic Entrance"],"picked":"Good Instincts","floor":38.0},{"not_picked":["Rip and Tear","Fusion"],"picked":"Leap","floor":40},{"not_picked":["Streamline","Melter","Stack"],"picked":"Singing Bowl","floor":42},{"not_picked":["Beam Cell+1","Steam Power","Barrage"],"picked":"Singing Bowl","floor":46},{"not_picked":["Rebound","FTL"],"picked":"Echo Form+1","floor":48},{"not_picked":["Lockon","Redo+1"],"picked":"Steam+1","floor":55}],"player_experience":719471,"relics_obtained":[{"floor":7.0,"key":"Unceasing Top"},{"floor":9.0,"key":"Regal Pillow"},{"floor":11.0,"key":"Kunai"},{"floor":13.0,"key":"Dead Branch"},{"floor":20.0,"key":"Necronomicon"},{"floor":24.0,"key":"MawBank"},{"floor":24.0,"key":"Frozen Egg 2"},{"floor":26.0,"key":"Potion Belt"},{"floor":29.0,"key":"Mango"},{"floor":29.0,"key":"Bronze Scales"},{"floor":40,"key":"Turnip"},{"floor":40,"key":"Art of War"},{"floor":42,"key":"Lantern"},{"floor":42,"key":"Singing Bowl"},{"floor":46,"key":"War Paint"},{"floor":46,"key":"Cables"},{"floor":48,"key":"Whetstone"},{"floor":48,"key":"Bag of Marbles"},{"floor":55,"key":"Vajra"},{"floor":55,"key":"Blue Candle"}],"event_choices":[{"damage_healed":0.0,"max_hp_gain":0.0,"max_hp_loss":0.0,"gold_gain":0.0,"event_name":"Living Wall","player_choice":"Grow","floor":3.0,"gold_loss":0.0,"damage_taken":0.0,"cards_upgraded":["Zap"]},{"damage_healed":0.0,"max_hp_gain":0.0,"max_hp_loss":0.0,"gold_gain":0.0,"event_name":"FaceTrader","player_choice":"Trade","floor":4.0,"gold_loss":0.0,"damage_taken":0.0,"relics_obtained":["FaceOfCleric"]},{"damage_healed":0.0,"max_hp_gain":0.0,"max_hp_loss":0.0,"gold_gain":0.0,"event_name":"Cursed Tome","player_choice":"Obtained Book","floor":20.0,"gold_loss":0.0,"damage_taken":21.0},{"damage_healed":0.0,"max_hp_gain":0.0,"max_hp_loss":0.0,"gold_gain":0.0,"event_name":"Ghosts","player_choice":"Ignored","floor":27.0,"gold_loss":0.0,"damage_taken":0.0},{"damage_healed":0.0,"max_hp_gain":0.0,"max_hp_loss":0.0,"gold_gain":0.0,"event_name":"The Woman in Blue","player_choice":"Bought 2 Potions","floor":36.0,"gold_loss":0.0,"damage_taken":0.0},{"damage_healed":0.0,"max_hp_gain":0.0,"max_hp_loss":0.0,"gold_gain":0.0,"event_name":"SensoryStone","player_choice":"Memory 3","floor":38.0,"gold_loss":0.0,"damage_taken":10.0},{"damage_healed":0.0,"max_hp_gain":0.0,"max_hp_loss":5.0,"gold_gain":0.0,"event_name":"Winding Halls","player_choice":"Max HP","floor":39.0,"gold_loss":0.0,"damage_taken":0.0}],"is_beta":false,"boss_relics":[{"not_picked":["Cursed Key","Calling Bell"],"picked":"Black Star"},{"not_picked":["Lizard Tail","Eternal Feather"],"picked":"Fusion Hammer"}],"items_purged_floors":[47],"is_endless":false,"potions_floor_spawned":[7,10,11,12,18,24,25,33,40,42,48,55],"ascension_level":20}