{"gold_per_floor":[119,138,138,138,152,152,171,204,204,245,245,320,320,336,336,427,427,440,355,370,370,384,384,420,420,420,451,320,360,374,392,392,392],"floor_reached":33,"playtime":1788,"items_purged":["Pain"],"score":630,"play_id":"b3944c0a-fa05-4c97-b51f-e132cbfc1fc9","local_time":"20190217112303","is_ascension_mode":true,"campfire_choices":[{"data":"Biased Cognition","floor":6,"key":"SMITH"},{"floor":11,"key":"REST"},{"data":"Zap","floor":15,"key":"SMITH"},{"floor":23,"key":"REST"},{"data":"Strike_B","floor":25,"key":"PURGE"},{"floor":32,"key":"REST"}],"neow_cost":"PERCENT_DAMAGE","seed_source_timestamp":264737331580084,"circlet_count":0,"master_deck":["AscendersBane","Strike_B","Strike_B","Defend_B","Defend_B","Defend_B+1","Defend_B","Zap+1","Dualcast","Biased Cognition+1","Redo","FTL","BootSequence+1","Cold Snap","Capacitor","Conserve Battery","Ball Lightning","Echo Form","Tempest","FTL","Cold Snap"],"relics":["Cracked Core","Golden Idol","War Paint","Centennial Puzzle","Blue Candle","Fusion Hammer","Thread and Needle","WarpedTongs","Peace Pipe","Singing Bowl","Matryoshka"],"potions_floor_usage":[10,27,29,29,31],"damage_taken":[{"damage":0,"enemies":"Cultist","floor":1,"turns":3},{"damage":1,"enemies":"2 Louse","floor":2,"turns":3},{"damage":0,"enemies":"Small Slimes","floor":5,"turns":2},{"damage":0,"enemies":"3 Louse","floor":7,"turns":3},{"damage":5,"enemies":"3 Sentries","floor":8,"turns":5},{"damage":12,"enemies":"Gremlin Nob","floor":10,"turns":4},{"damage":3,"enemies":"Large Slime","floor":14,"turns":5},{"damage":26,"enemies":"Slime Boss","floor":16,"turns":7},{"damage":11,"enemies":"Shell Parasite","floor":18,"turns":5},{"damage":0,"enemies":"Chosen","floor":20,"turns":4},{"damage":9,"enemies":"Centurion and Healer","floor":22,"turns":5},{"damage":4,"enemies":"Gremlin Leader","floor":24,"turns":5},{"damage":5,"enemies":"Slavers","floor":27,"turns":4},{"damage":39,"enemies":"Gremlin Leader","floor":29,"turns":6},{"damage":7,"enemies":"Snecko","floor":30,"turns":6},{"damage":0,"enemies":"Cultist and Chosen","floor":31,"turns":4},{"damage":56,"enemies":"Collector","floor":33,"turns":6}],"seed_played":"-235514530431257695","potions_obtained":[{"floor":1,"key":"Ancient Potion"},{"floor":2,"key":"Block Potion"},{"floor":14,"key":"Poison Potion"},{"floor":24,"key":"Block Potion"},{"floor":29,"key":"Energy Potion"}],"is_trial":false,"path_per_floor":["M","M","?","?","M","R","M","E","T","E","R","?","?","M","R","B",null,"M","?","M","?","M","R","E","R","T","E","$","E","M","M","R","B"],"character_chosen":"DEFECT","items_purchased":["PowerPotion"],"campfire_rested":3,"item_purchase_floors":[28],"current_hp_per_floor":[46,45,45,38,38,38,38,33,33,21,40,29,50,47,47,21,53,42,42,42,42,33,52,48,48,48,45,45,8,3,5,26,0],"gold":392,"neow_bonus":"THREE_RARE_CARDS","is_prod":false,"is_daily":false,"chose_seed":false,"campfire_upgraded":2,"win_rate":0,"timestamp":1550420583,"path_taken":["M","?","?","?","M","R","M","E","T","E","R","?","?","M","R","BOSS","M","?","M","?","M","R","E","R","T","E","$","E","?","M","R","BOSS"],"build_version":"2019-01-23","purchased_purges":1,"victory":false,"max_hp_per_floor":[71,71,64,64,64,64,64,64,64,64,64,64,64,64,64,64,64,64,64,64,64,64,64,64,64,64,66,66,68,70,72,72,72],"card_choices":[{"not_picked":["Echo Form","Seek"],"picked":"Biased Cognition","floor":0},{"not_picked":["Double Energy","Streamline"],"picked":"Redo","floor":1},{"not_picked":["Sweeping Beam","Force Field"],"picked":"FTL","floor":2},{"not_picked":["Aggregate","Blizzard"],"picked":"BootSequence","floor":5},{"not_picked":["Compile Driver","Melter"],"picked":"Cold Snap","floor":7},{"not_picked":["Sunder","Steam"],"picked":"Capacitor","floor":8},{"not_picked":["Beam Cell","Sweeping Beam"],"picked":"Conserve Battery","floor":10},{"not_picked":["Melter","Barrage"],"picked":"Ball Lightning","floor":14},{"not_picked":["Biased Cognition","Buffer"],"picked":"Echo Form","floor":16},{"not_picked":["Consume","Hello World"],"picked":"Tempest","floor":18},{"not_picked":["Stack","Streamline","Barrage"],"picked":"SKIP","floor":20},{"not_picked":["Storm","Conserve Battery"],"picked":"FTL","floor":22},{"not_picked":["Double Energy","Conserve Battery"],"picked":"Cold Snap","floor":24},{"not_picked":["Melter","Self Repair","Skim"],"picked":"Singing Bowl","floor":27},{"not_picked":["Rebound","Beam Cell","Skim"],"picked":"Singing Bowl","floor":29},{"not_picked":["Compile Driver","Barrage","Ball Lightning"],"picked":"Singing Bowl","floor":30},{"not_picked":["Turbo","Reboot","Redo"],"picked":"Singing Bowl","floor":31}],"player_experience":839570,"relics_obtained":[{"floor":8,"key":"War Paint"},{"floor":9,"key":"Centennial Puzzle"},{"floor":10,"key":"Blue Candle"},{"floor":24,"key":"Peace Pipe"},{"floor":27,"key":"Singing Bowl"},{"floor":29,"key":"Matryoshka"}],"event_choices":[{"damage_healed":0,"gold_gain":0,"player_choice":"Lose Max HP","damage_taken":0,"relics_obtained":["Golden Idol"],"max_hp_gain":0,"max_hp_loss":7,"event_name":"Golden Idol","floor":3,"gold_loss":0},{"cards_removed":["Strike_B"],"damage_healed":0,"gold_gain":0,"player_choice":"Card Removal","damage_taken":7,"max_hp_gain":0,"max_hp_loss":0,"event_name":"Golden Wing","floor":4,"gold_loss":0},{"damage_healed":0,"gold_gain":75,"player_choice":"Gather Gold","damage_taken":11,"max_hp_gain":0,"max_hp_loss":0,"event_name":"World of Goop","floor":12,"gold_loss":0},{"damage_healed":21,"gold_gain":0,"player_choice":"Banana","damage_taken":0,"max_hp_gain":0,"max_hp_loss":0,"event_name":"Big Fish","floor":13,"gold_loss":0},{"damage_healed":0,"gold_gain":0,"player_choice":"Obtained Relic","damage_taken":0,"relics_obtained":["Thread and Needle"],"max_hp_gain":0,"max_hp_loss":0,"event_name":"Addict","floor":19,"gold_loss":85},{"damage_healed":0,"gold_gain":0,"player_choice":"Rummage","damage_taken":0,"relics_obtained":["WarpedTongs"],"max_hp_gain":0,"max_hp_loss":0,"event_name":"Accursed Blacksmith","floor":21,"gold_loss":0,"cards_obtained":["Pain"]}],"is_beta":false,"boss_relics":[{"not_picked":["FrozenCore","Black Star"],"picked":"Fusion Hammer"}],"items_purged_floors":[28],"is_endless":false,"potions_floor_spawned":[1,2,14,18,22,24,29],"killed_by":"Collector","ascension_level":20}