{"gold_per_floor":[14,32,43,15,35,35,68,68,68,68,68],"floor_reached":11,"playtime":456,"items_purged":[],"score":146,"play_id":"ab744c5f-50e8-44fa-8f4c-0c8dcb87b039","local_time":"20190204100901","is_ascension_mode":true,"campfire_choices":[{"data":"Neutralize","floor":6,"key":"SMITH"}],"neow_cost":"NO_GOLD","seed_source_timestamp":1069005155957984,"circlet_count":0,"master_deck":["AscendersBane","Defend_G","Defend_G","Defend_G","Defend_G","Defend_G","Strike_G","Strike_G","Strike_G","Strike_G","Strike_G","Survivor","Neutralize+1","Quick Slash","Terror","Dagger Throw","Dodge and Roll","PiercingWail"],"relics":["Ring of the Snake","Singing Bowl","Golden Idol"],"potions_floor_usage":[7,11],"damage_taken":[{"damage":1,"enemies":"Cultist","floor":1,"turns":4},{"damage":0,"enemies":"Small Slimes","floor":2,"turns":3},{"damage":0,"enemies":"2 Louse","floor":3,"turns":2},{"damage":0,"enemies":"2 Fungi Beasts","floor":5,"turns":5},{"damage":61,"enemies":"3 Sentries","floor":7,"turns":18},{"damage":19,"enemies":"Lagavulin","floor":11,"turns":7}],"seed_played":"2051337619914989015","potions_obtained":[{"floor":1,"key":"Weak Potion"},{"floor":7,"key":"Swift Potion"}],"is_trial":false,"path_per_floor":["M","M","M","$","M","R","E","?","T","?","E"],"character_chosen":"THE_SILENT","items_purchased":["Dodge and Roll"],"campfire_rested":0,"item_purchase_floors":[4],"current_hp_per_floor":[70,70,70,70,70,70,11,11,11,11,0],"gold":68,"neow_bonus":"TWENTY_PERCENT_HP_BONUS","is_prod":false,"is_daily":false,"chose_seed":false,"campfire_upgraded":1,"win_rate":0,"timestamp":1549292941,"path_taken":["M","M","M","?","M","R","E","?","T","?","E"],"build_version":"2019-01-23","purchased_purges":0,"victory":false,"max_hp_per_floor":[78,78,78,78,78,78,80,80,80,72,72],"card_choices":[{"not_picked":["Distraction","Deflect"],"picked":"Quick Slash","floor":1},{"not_picked":["Deflect","Tactician"],"picked":"Terror","floor":2},{"not_picked":["Dodge and Roll","Slice"],"picked":"Dagger Throw","floor":3},{"not_picked":["Expertise","Backflip"],"picked":"PiercingWail","floor":5},{"not_picked":["Doppelganger","Cloak And Dagger","Dodge and Roll"],"picked":"Singing Bowl","floor":7}],"player_experience":802490,"relics_obtained":[{"floor":7,"key":"Singing Bowl"}],"event_choices":[{"damage_healed":0,"gold_gain":0,"player_choice":"Ignored","damage_taken":0,"max_hp_gain":0,"max_hp_loss":0,"event_name":"Shining Light","floor":8,"gold_loss":0},{"damage_healed":0,"gold_gain":0,"player_choice":"Lose Max HP","damage_taken":0,"relics_obtained":["Golden Idol"],"max_hp_gain":0,"max_hp_loss":8,"event_name":"Golden Idol","floor":10,"gold_loss":0}],"is_beta":false,"boss_relics":[],"items_purged_floors":[],"is_endless":false,"potions_floor_spawned":[1,7],"killed_by":"Lagavulin","ascension_level":20}