{"gold_per_floor":[112,112,128,145,164,164,184,197,197,197,197,214,214,229,229,328,328,341,266,282,212,212,212,223,80,80,80,94,94,111,111],"floor_reached":31,"playtime":1621,"items_purged":["Writhe"],"score":231,"play_id":"8cfc2282-ef2e-4c9f-9a4b-24905cb4d224","local_time":"20180628225624","is_ascension_mode":false,"campfire_choices":[{"data":"Pommel Strike","floor":6,"key":"SMITH"},{"floor":10,"key":"REST"},{"data":"Corruption","floor":13,"key":"SMITH"},{"floor":15,"key":"REST"},{"data":"Barricade","floor":23,"key":"SMITH"},{"floor":27,"key":"REST"},{"floor":29,"key":"REST"}],"neow_cost":"","seed_source_timestamp":601987557212017,"circlet_count":0,"master_deck":["Strike_R","Strike_R","Strike_R","Defend_R","Defend_R","Defend_R","Defend_R","Bash","Corruption+1","Battle Trance","Pommel Strike+1","Flex","Infernal Blade","Iron Wave","Parasite","Cleave","Flame Barrier","Barricade+1","Rampage","Clothesline+1","Entrench","Body Slam","Shockwave"],"relics":["Burning Blood","Champion Belt","Black Star","Boot","Bottled Lightning"],"potions_floor_usage":[30,30,31],"damage_taken":[{"damage":5,"enemies":"Small Slimes","floor":1,"turns":4},{"damage":5,"enemies":"Jaw Worm","floor":3,"turns":5},{"damage":6,"enemies":"Cultist","floor":4,"turns":3},{"damage":21,"enemies":"Large Slime","floor":5,"turns":5},{"damage":17,"enemies":"Exordium Wildlife","floor":7,"turns":4},{"damage":29,"enemies":"Exordium Thugs","floor":8,"turns":5},{"damage":18,"enemies":"3 Louse","floor":12,"turns":5},{"damage":9,"enemies":"Blue Slaver","floor":14,"turns":3},{"damage":76,"enemies":"The Guardian","floor":16,"turns":11},{"damage":29,"enemies":"Shell Parasite","floor":18,"turns":8},{"damage":16,"enemies":"3 Byrds","floor":20,"turns":6},{"damage":49,"enemies":"Snecko","floor":24,"turns":9},{"damage":11,"enemies":"Snake Plant","floor":28,"turns":6},{"damage":45,"enemies":"3 Cultists","floor":30,"turns":7},{"damage":17,"enemies":"Centurion and Healer","floor":31,"turns":2}],"seed_played":"-5458656156017551952","potions_obtained":[{"floor":1,"key":"Swift Potion"},{"floor":4,"key":"SneckoOil"},{"floor":7,"key":"Explosive Potion"},{"floor":16,"key":"Poison Potion"}],"is_trial":false,"path_per_floor":["M","?","M","M","M","R","M","M","T","R","?","M","R","M","R","B",null,"M","?","M","$","?","R","M","$","T","R","M","R","M"],"character_chosen":"IRONCLAD","items_purchased":["Entrench","Shockwave"],"campfire_rested":4,"item_purchase_floors":[21,25],"current_hp_per_floor":[80,73,74,74,59,59,48,25,25,49,69,60,60,57,81,11,83,60,60,50,50,50,50,7,7,7,31,26,50,11,0],"gold":111,"neow_bonus":"","is_prod":false,"is_daily":false,"chose_seed":false,"campfire_upgraded":3,"win_rate":0.0,"timestamp":1530201384,"path_taken":["M","?","M","M","M","R","M","M","T","R","?","?","R","M","R","BOSS","M","?","M","$","?","R","M","$","T","R","M","R","?","M"],"build_version":"2018-06-21v2","purchased_purges":1,"victory":false,"max_hp_per_floor":[80,80,80,80,80,80,80,80,80,80,80,83,83,83,83,83,83,83,83,83,83,83,83,83,83,83,83,83,83,83,83],"card_choices":[{"not_picked":["Carnage","Anger"],"picked":"Corruption","floor":1},{"not_picked":["Headbutt","Body Slam"],"picked":"Battle Trance","floor":3},{"not_picked":["True Grit","Hemokinesis"],"picked":"Pommel Strike","floor":4},{"not_picked":["Body Slam","Clothesline"],"picked":"Flex","floor":5},{"not_picked":["Headbutt","Clothesline"],"picked":"Infernal Blade","floor":7},{"not_picked":["Warcry","Clash"],"picked":"Iron Wave","floor":8},{"not_picked":["Anger","Clash"],"picked":"Cleave","floor":12},{"not_picked":["Dropkick","Iron Wave"],"picked":"Flame Barrier","floor":14},{"not_picked":["Juggernaut","Reaper"],"picked":"Barricade","floor":16},{"not_picked":["Perfected Strike","Anger"],"picked":"Rampage","floor":18},{"not_picked":["Dual Wield","Carnage+1"],"picked":"Clothesline+1","floor":20},{"not_picked":["Corruption","Sword Boomerang"],"picked":"Body Slam","floor":24},{"not_picked":["Headbutt+1","Warcry","Body Slam"],"picked":"SKIP","floor":28},{"not_picked":["Clothesline","Thunderclap","Combust"],"picked":"SKIP","floor":30}],"player_experience":0,"relics_obtained":[{"floor":9,"key":"Champion Belt"},{"floor":26,"key":"Bottled Lightning"}],"event_choices":[{"event_name":"Golden Wing","player_choice":"Card Removal","floor":2,"damage_taken":0},{"event_name":"Mushrooms","player_choice":"Healed and dodged fight","floor":11,"damage_taken":0},{"event_name":"Beggar","player_choice":"Gave Gold","floor":19,"damage_taken":0},{"event_name":"The Mausoleum","player_choice":"Yes","floor":22,"damage_taken":0}],"boss_relics":[{"not_picked":["Runic Pyramid","Mark of Pain"],"picked":"Black Star"}],"items_purged_floors":[25],"is_endless":false,"potions_floor_spawned":[1,4,7,16,28],"killed_by":"Centurion and Healer","ascension_level":0}