{"path_per_floor":["M","?","M","?","?","R","E","R","T","M","M","?","E","?","R","B",null,"M","$","?","M","$","R","?"],"character_chosen":"DEFECT","items_purchased":["Flash of Steel","Gash","Vajra"],"gold_per_floor":[119,119,131,131,131,131,164,164,164,176,192,192,219,249,249,345,345,359,53,53,65,65,65,93,93],"floor_reached":25,"campfire_rested":2,"playtime":841,"item_purchase_floors":[19,19,19],"current_hp_per_floor":[75,75,75,75,80,80,67,67,67,60,57,57,40,40,67,34,76,52,52,34,12,12,40,40,0],"items_purged":[],"gold":93,"score":284,"play_id":"37ecd71a-8c16-4435-bed3-411f1674d1ea","local_time":"20180612230251","is_prod":false,"is_daily":false,"chose_seed":false,"is_ascension_mode":true,"campfire_upgraded":2,"win_rate":0,"timestamp":1528862571,"campfire_choices":[{"data":"Zap","floor":6,"key":"SMITH"},{"data":"Dualcast","floor":8,"key":"SMITH"},{"floor":15,"key":"REST"},{"floor":23,"key":"REST"}],"path_taken":["M","?","M","?","?","R","E","R","T","M","?","?","E","?","R","BOSS","M","$","?","M","$","R","?","E"],"build_version":"2018-06-07v3","seed_source_timestamp":2316839773568540,"purchased_purges":0,"victory":false,"master_deck":["Strike_B","Strike_B","Strike_B","Strike_B","Defend_B","Defend_B","Defend_B","Zap+1","Dualcast+1","Meteor Strike","Leap","Hologram","Turbo+1","Rainbow","Sweeping Beam","Rebound","Ball Lightning","Echo Form","Turbo","Flash of Steel","Gash","Streamline+1","Leap"],"max_hp_per_floor":[75,75,75,75,80,80,80,80,80,80,80,80,90,90,90,90,90,90,90,95,95,95,95,95,95],"relics":["Cracked Core","Gremlin Horn","Darkstone Periapt","Pear","Dodecahedron","Inserter","Vajra","Red Mask"],"card_choices":[{"not_picked":["Streamline","Glacier"],"picked":"Leap","floor":1},{"not_picked":["Barrage","Ball Lightning"],"picked":"Turbo","floor":3},{"not_picked":["Leap","Beam Cell"],"picked":"Rainbow","floor":7},{"not_picked":["Barrage","Force Field"],"picked":"Sweeping Beam","floor":10},{"not_picked":["Defragment","Ball Lightning"],"picked":"Rebound","floor":11},{"not_picked":["Turbo","Skim"],"picked":"Ball Lightning","floor":13},{"not_picked":["Reboot","Rainbow"],"picked":"Echo Form","floor":16},{"not_picked":["Beam Cell+1","Hello World+1"],"picked":"Turbo","floor":18},{"not_picked":["Redo","Turbo+1"],"picked":"Streamline+1","floor":21},{"not_picked":["Hologram","Genetic Algorithm+1"],"picked":"Leap","floor":24}],"player_experience":382412,"potions_floor_usage":[7,13,25,25],"damage_taken":[{"damage":0,"enemies":"2 Louse","floor":1,"turns":2},{"damage":0,"enemies":"Cultist","floor":3,"turns":4},{"damage":13,"enemies":"3 Sentries","floor":7,"turns":6},{"damage":7,"enemies":"Jaw Worm","floor":10,"turns":2},{"damage":3,"enemies":"Exordium Wildlife","floor":11,"turns":2},{"damage":27,"enemies":"Lagavulin","floor":13,"turns":8},{"damage":33,"enemies":"Slime Boss","floor":16,"turns":6},{"damage":24,"enemies":"3 Byrds","floor":18,"turns":5},{"damage":22,"enemies":"2 Thieves","floor":21,"turns":4},{"damage":0,"floor":24,"turns":2},{"damage":44,"enemies":"Book of Stabbing","floor":25,"turns":5}],"relics_obtained":[{"floor":7,"key":"Gremlin Horn"},{"floor":9,"key":"Darkstone Periapt"},{"floor":13,"key":"Pear"},{"floor":24,"key":"Red Mask"}],"event_choices":[{"event_name":"Transmorgrifier","player_choice":"Transform","floor":2,"damage_taken":0},{"event_name":"Living Wall","player_choice":"Grow","floor":4,"damage_taken":0},{"event_name":"Big Fish","player_choice":"Donut","floor":5,"damage_taken":0},{"event_name":"Liars Game","player_choice":"disagreed","floor":12,"damage_taken":0},{"event_name":"Dead Adventurer","player_choice":"Searched \u00272\u0027 times","floor":14,"damage_taken":0},{"event_name":"Forgotten Altar","player_choice":"Shed Blood","floor":20,"damage_taken":0},{"event_name":"Masked Bandits","player_choice":"Fought over 65 gold","floor":24,"damage_taken":0}],"boss_relics":[{"not_picked":["Sozu","Busted Crown"],"picked":"Inserter"}],"items_purged_floors":[],"potions_floor_spawned":[3,11,18,21],"seed_played":"-4901405298665854504","killed_by":"Book of Stabbing","ascension_level":5,"potions_obtained":[{"floor":3,"key":"Swift Potion"},{"floor":11,"key":"Ancient Potion"},{"floor":18,"key":"Energy Potion"},{"floor":21,"key":"PowerPotion"}],"is_trial":false}