{"gold_per_floor":[109,122,122,133,50,50,50,76,76,76,76,101,101,126,126,255,255,271,289,31,0,99,99,117,117,117,117,117],"floor_reached":28,"playtime":2184,"items_purged":[],"score":258,"play_id":"d82cead5-5f14-45b0-a543-a702e31a72a0","local_time":"20181201233808","is_ascension_mode":true,"campfire_choices":[{"data":"Zap","floor":6,"key":"SMITH"},{"data":"Dualcast","floor":10,"key":"SMITH"},{"data":"Coolheaded","floor":15,"key":"SMITH"},{"data":"Buffer","floor":23,"key":"SMITH"},{"data":"Self Repair","floor":25,"key":"SMITH"},{"data":"Double Energy","floor":27,"key":"SMITH"}],"neow_cost":"NONE","seed_source_timestamp":274100746487943,"circlet_count":0,"master_deck":["Strike_B","Strike_B","Strike_B","Strike_B","Defend_B+1","Defend_B+1","Defend_B","Defend_B","Zap+1","Dualcast+1","Loop","Rebound","Redo","Hologram","Stack","Conserve Battery","Ball Lightning","Self Repair+1","Ball Lightning","Injury","Coolheaded+1","Regret","Hologram","Buffer+1","Conserve Battery","White Noise+1","Double Energy+1","Capacitor"],"relics":["Orrery","Golden Idol","Boot","Kunai","War Paint","Eternal Feather","Ancient Tea Set","Symbiotic Virus"],"potions_floor_usage":[19,24],"damage_taken":[{"damage":1,"enemies":"Cultist","floor":1,"turns":4},{"damage":13,"enemies":"Jaw Worm","floor":2,"turns":5},{"damage":8,"enemies":"Small Slimes","floor":4,"turns":4},{"damage":13,"enemies":"Gremlin Gang","floor":12,"turns":5},{"damage":1,"enemies":"Large Slime","floor":14,"turns":4},{"damage":76,"enemies":"Hexaghost","floor":16,"turns":11},{"damage":21,"enemies":"Spheric Guardian","floor":18,"turns":5},{"damage":34,"enemies":"Chosen","floor":19,"turns":7},{"damage":43,"enemies":"Centurion and Healer","floor":24,"turns":11},{"damage":63,"enemies":"Colosseum Slavers","floor":28,"turns":4}],"seed_played":"5122897695849425393","potions_obtained":[{"floor":12,"key":"Swift Potion"},{"floor":14,"key":"FairyPotion"}],"is_trial":false,"path_per_floor":["M","M","$","M","$","R","?","T","T","R","?","M","?","M","R","B",null,"M","M","$","?","?","R","M","R","T","R","?"],"character_chosen":"DEFECT","items_purchased":["Self Repair","Ball Lightning","Double Energy","Regen Potion","Ancient Tea Set"],"campfire_rested":0,"item_purchase_floors":[5,5,20,20,20],"current_hp_per_floor":[74,61,61,53,53,53,53,53,53,53,75,69,69,75,75,14,60,46,19,19,19,19,34,13,28,28,43,0],"gold":117,"neow_bonus":"BOSS_RELIC","is_prod":false,"is_daily":false,"chose_seed":false,"campfire_upgraded":6,"win_rate":0,"timestamp":1543675088,"path_taken":["M","M","$","?","$","R","?","?","T","R","?","?","?","M","R","BOSS","M","M","$","?","?","R","M","R","T","R","?"],"build_version":"2018-11-15","purchased_purges":0,"victory":false,"max_hp_per_floor":[75,75,75,75,75,75,75,75,75,75,75,75,75,75,75,75,75,75,75,75,75,75,75,75,75,75,75,75],"card_choices":[{"not_picked":["Hologram","Genetic Algorithm"],"picked":"Loop","floor":0},{"not_picked":["Reprogram","Gash"],"picked":"Rebound","floor":0},{"not_picked":["Rebound","Chaos"],"picked":"Redo","floor":0},{"not_picked":["Sweeping Beam","Turbo"],"picked":"Hologram","floor":0},{"not_picked":["Beam Cell","Sweeping Beam"],"picked":"Stack","floor":0},{"not_picked":["Turbo","Rainbow"],"picked":"Genetic Algorithm","floor":1},{"not_picked":["Leap","Rebound"],"picked":"Conserve Battery","floor":2},{"not_picked":["Rebound","Gash"],"picked":"Ball Lightning","floor":4},{"not_picked":["FTL","Rebound"],"picked":"Coolheaded","floor":12},{"not_picked":["Coolheaded","Recycle"],"picked":"Hologram","floor":14},{"not_picked":["Thunder Strike","All For One"],"picked":"Buffer","floor":16},{"not_picked":["Ball Lightning","Compile Driver+1"],"picked":"Conserve Battery","floor":18},{"not_picked":["Stack","Steam"],"picked":"White Noise+1","floor":19},{"not_picked":["Rebound+1","Barrage"],"picked":"Capacitor","floor":24}],"player_experience":150947,"relics_obtained":[{"floor":8,"key":"Boot"},{"floor":9,"key":"Kunai"},{"floor":26,"key":"Symbiotic Virus"}],"event_choices":[{"damage_healed":0,"gold_gain":0,"player_choice":"Take Wound","damage_taken":0,"relics_obtained":["Golden Idol"],"max_hp_gain":0,"max_hp_loss":0,"event_name":"Golden Idol","floor":7,"gold_loss":0,"cards_obtained":["Injury"]},{"cards_removed":["Genetic Algorithm"],"damage_healed":22,"gold_gain":0,"player_choice":"Offered Uncommon","damage_taken":0,"max_hp_gain":0,"max_hp_loss":0,"event_name":"Bonfire Elementals","floor":11,"gold_loss":0},{"damage_healed":0,"gold_gain":0,"player_choice":"Box","damage_taken":0,"relics_obtained":["War Paint"],"max_hp_gain":0,"max_hp_loss":0,"event_name":"Big Fish","floor":13,"gold_loss":0,"cards_obtained":["Regret"]},{"damage_healed":0,"gold_gain":0,"player_choice":"Paid Fearfully","damage_taken":0,"max_hp_gain":0,"max_hp_loss":0,"event_name":"Masked Bandits","floor":21,"gold_loss":31},{"damage_healed":0,"gold_gain":99,"player_choice":"Stole From Cult","damage_taken":0,"max_hp_gain":0,"max_hp_loss":0,"event_name":"Nest","floor":22,"gold_loss":0},{"damage_healed":0,"gold_gain":0,"player_choice":"Fight","damage_taken":0,"max_hp_gain":0,"max_hp_loss":0,"event_name":"Colosseum","floor":28,"gold_loss":0}],"is_beta":false,"boss_relics":[{"not_picked":["Cursed Key","Astrolabe"],"picked":"Eternal Feather"}],"items_purged_floors":[],"is_endless":false,"potions_floor_spawned":[12,14],"killed_by":"Colosseum Slavers","ascension_level":5}