{"gold_per_floor":[143,156,256,276,291,291,320,320,320,320,89,124,124,143,143,218,218,236,56,82,100,100],"floor_reached":22,"playtime":1021,"items_purged":["Strike_G","Strike_G"],"score":388,"play_id":"af0c9357-7f77-424f-a465-d6eae7d2f0ad","local_time":"20190202211409","is_ascension_mode":true,"campfire_choices":[{"data":"Bouncing Flask","floor":6,"key":"SMITH"},{"data":"Neutralize","floor":8,"key":"SMITH"},{"floor":10,"key":"REST"},{"data":"Noxious Fumes","floor":15,"key":"SMITH"}],"neow_cost":"NONE","seed_source_timestamp":935547542372677,"circlet_count":0,"master_deck":["AscendersBane","Defend_G","Defend_G","Defend_G","Defend_G","Defend_G","Strike_G","Strike_G","Strike_G","Survivor","Neutralize+1","Terror","Bouncing Flask+1","Heel Hook","Malaise+1","Noxious Fumes+1","Predator","Leg Sweep","Corpse Explosion","Backflip","Leg Sweep"],"relics":["Ring of the Snake","Tiny Chest","Omamori","Pantograph","Mercury Hourglass","HoveringKite","Potion Belt"],"potions_floor_usage":[7,12,22,22],"damage_taken":[{"damage":18,"enemies":"Jaw Worm","floor":1,"turns":9},{"damage":0,"enemies":"Cultist","floor":2,"turns":3},{"damage":4,"enemies":"Small Slimes","floor":4,"turns":4},{"damage":6,"enemies":"Looter","floor":5,"turns":4},{"damage":12,"enemies":"Lagavulin","floor":7,"turns":6},{"damage":33,"enemies":"Gremlin Nob","floor":12,"turns":4},{"damage":0,"enemies":"2 Fungi Beasts","floor":14,"turns":3},{"damage":2,"enemies":"Hexaghost","floor":16,"turns":8},{"damage":15,"enemies":"Chosen","floor":18,"turns":5},{"damage":8,"enemies":"Shell Parasite","floor":21,"turns":5},{"damage":17,"enemies":"Colosseum Slavers","floor":22,"turns":4},{"damage":27,"enemies":"Colosseum Nobs","floor":22,"turns":3}],"seed_played":"8804785868958826327","potions_obtained":[{"floor":4,"key":"SkillPotion"},{"floor":5,"key":"Regen Potion"},{"floor":7,"key":"Explosive Potion"},{"floor":12,"key":"PowerPotion"}],"is_trial":false,"path_per_floor":["M","M","?","M","M","R","E","R","T","R","$","E","?","M","R","B",null,"M","$","T","M","?"],"character_chosen":"THE_SILENT","items_purchased":["Noxious Fumes","Predator","Leg Sweep"],"campfire_rested":1,"item_purchase_floors":[11,11,19],"current_hp_per_floor":[41,41,41,37,31,31,34,34,34,53,53,20,20,20,20,43,60,45,45,45,37,0],"gold":100,"neow_bonus":"RANDOM_COMMON_RELIC","is_prod":false,"is_daily":false,"chose_seed":false,"campfire_upgraded":3,"win_rate":0,"timestamp":1549160049,"path_taken":["M","M","?","M","?","R","E","R","T","R","$","E","?","M","R","BOSS","M","?","?","M","?"],"build_version":"2019-01-23","purchased_purges":2,"victory":false,"max_hp_per_floor":[66,66,66,66,66,66,66,66,66,66,66,66,66,66,66,66,66,66,66,66,66,66],"card_choices":[{"not_picked":["Bane","Prepared"],"picked":"Terror","floor":1},{"not_picked":["Setup","Riddle With Holes"],"picked":"Bouncing Flask","floor":2},{"not_picked":["Backflip","Underhanded Strike"],"picked":"Heel Hook","floor":4},{"not_picked":["Escape Plan","Distraction","Acrobatics"],"picked":"SKIP","floor":5},{"not_picked":["Dagger Throw","Caltrops"],"picked":"Malaise","floor":7},{"not_picked":["Flying Knee","Heel Hook","Prepared"],"picked":"SKIP","floor":12},{"not_picked":["Calculated Gamble","Cloak And Dagger"],"picked":"Leg Sweep","floor":14},{"not_picked":["Night Terror","Phantasmal Killer"],"picked":"Corpse Explosion","floor":16},{"not_picked":["Calculated Gamble","Blade Dance"],"picked":"Backflip","floor":18},{"not_picked":["Terror","Dagger Throw","Outmaneuver"],"picked":"SKIP","floor":21}],"player_experience":793862,"relics_obtained":[{"floor":7,"key":"Omamori"},{"floor":9,"key":"Pantograph"},{"floor":12,"key":"Mercury Hourglass"},{"floor":20,"key":"Potion Belt"}],"event_choices":[{"damage_healed":0,"gold_gain":100,"player_choice":"Gold","damage_taken":0,"max_hp_gain":0,"max_hp_loss":0,"event_name":"Wheel of Change","floor":3,"gold_loss":0},{"damage_healed":0,"gold_gain":0,"player_choice":"Upgraded","damage_taken":0,"max_hp_gain":0,"max_hp_loss":0,"event_name":"Upgrade Shrine","floor":13,"gold_loss":0,"cards_upgraded":["Malaise"]},{"damage_healed":0,"gold_gain":0,"player_choice":"Fight","damage_taken":0,"max_hp_gain":0,"max_hp_loss":0,"event_name":"Colosseum","floor":22,"gold_loss":0},{"damage_healed":0,"gold_gain":0,"player_choice":"Fought Nobs","damage_taken":0,"max_hp_gain":0,"max_hp_loss":0,"event_name":"Colosseum","floor":22,"gold_loss":0}],"is_beta":false,"boss_relics":[{"not_picked":["Orrery","Runic Dome"],"picked":"HoveringKite"}],"items_purged_floors":[11,19],"is_endless":false,"potions_floor_spawned":[4,5,7,12],"killed_by":"Colosseum Nobs","ascension_level":20}