{"path_per_floor":["M","?","M","M","M","R","M","$","T","M","R","?","R","M","R","B",null,"M","M","M","M","$"],"character_chosen":"THE_SILENT","items_purchased":["Whetstone","Noxious Fumes"],"gold_per_floor":[116,116,128,147,147,147,158,4,54,74,74,74,74,91,91,196,196,176,190,204,219,182],"floor_reached":23,"campfire_rested":0,"playtime":2764,"current_hp_per_floor":[66,59,59,59,52,52,52,52,52,52,52,52,52,52,52,28,70,70,54,23,6,6],"items_purged":[],"gold":182,"play_id":"df688108-77b5-4013-a8ef-97685d701ba2","is_prod":false,"is_daily":false,"is_ascension_mode":false,"campfire_upgraded":4,"path_taken":["M","?","M","M","M","R","M","$","T","M","R","?","R","M","R","BOSS","M","M","M","M","$","M"],"build_version":"2018-02-01-PROD3","purchased_purges":0,"victory":false,"master_deck":["Defend_G","Defend_G","Defend_G","Defend_G","Defend_G","Strike_G","Strike_G","Strike_G","Strike_G","Strike_G","Survivor","Neutralize+1","Tools of the Trade+1","Outmaneuver+1","Well Laid Plans+1","Dash+1","Dagger Throw+1","Blur","Quick Slash","A Thousand Cuts","Eviscerate+1","Infinite Blades","Quick Slash","Noxious Fumes"],"max_hp_per_floor":[70,70,70,70,70,70,70,70,70,70,70,70,70,70,70,70,70,70,70,70,70,70],"relics":["Ring of the Snake","Whetstone","Bag of Preparation","Velvet Choker"],"card_choices":[{"not_picked":["Adrenaline","Doppelganger"],"picked":"Tools of the Trade"},{"not_picked":["Prepared","Dodge and Roll"],"picked":"Outmaneuver"},{"not_picked":["Outmaneuver","Flechettes"],"picked":"Well Laid Plans"},{"not_picked":["Distraction","Acrobatics"],"picked":"Dash"},{"not_picked":["Dagger Spray","Flying Knee"],"picked":"Dagger Throw"},{"not_picked":["Dodge and Roll","After Image"],"picked":"Blur"},{"not_picked":["Underhanded Strike","Finisher"],"picked":"Quick Slash"},{"not_picked":["Glass Knife","Venomology"],"picked":"A Thousand Cuts"},{"not_picked":["Dagger Throw","Escape Plan"],"picked":"Eviscerate"},{"not_picked":["Bane","Accuracy"],"picked":"Infinite Blades"},{"not_picked":["Choke","Footwork"],"picked":"Quick Slash"}],"player_experience":183210,"potions_floor_usage":[18],"damage_taken":[{"damage":4,"enemies":"Cultist","floor":1,"turns":6},{"damage":0,"enemies":"2 Louse","floor":3,"turns":3},{"damage":0,"enemies":"Jaw Worm","floor":4,"turns":6},{"damage":7,"enemies":"Large Slime","floor":5,"turns":11},{"damage":0,"enemies":"Red Slaver","floor":7,"turns":5},{"damage":0,"enemies":"Exordium Wildlife","floor":10,"turns":6},{"damage":0,"enemies":"Exordium Thugs","floor":14,"turns":5},{"damage":24,"enemies":"Slime Boss","floor":16,"turns":14},{"damage":0,"enemies":"2 Thieves","floor":18,"turns":4},{"damage":16,"enemies":"Chosen","floor":19,"turns":6},{"damage":31,"enemies":"Sentry and Sphere","floor":20,"turns":7},{"damage":17,"enemies":"Cultist and Chosen","floor":21,"turns":8},{"damage":16,"enemies":"Snecko","floor":23,"turns":4}],"event_choices":[{"event_name":"Golden Wing","player_choice":"Card Removal","floor":2,"damage_taken":0},{"event_name":"The Woman in Blue","player_choice":"Bought 0 Potions","floor":12,"damage_taken":0}],"boss_relics":[{"not_picked":["Tiny House","Cursed Key"],"picked":"Velvet Choker"}],"potions_floor_spawned":[3,4,10,14,16,20,21],"seed_played":"-1216235622702440440","killed_by":"Snecko","ascension_level":0,"is_trial":false}