{"gold_per_floor":[117,117,8,8,8,8,49,49,100,143,161,236,236,280,280,375,375,400,425,350,363,156,156],"floor_reached":23,"playtime":872,"items_purged":["Strike_R"],"score":510,"play_id":"c6325674-27b1-4d30-9022-477e43371dd8","local_time":"20181213091720","is_ascension_mode":true,"campfire_choices":[{"data":"Bash","floor":6,"key":"SMITH"},{"data":"Clothesline","floor":8,"key":"SMITH"},{"data":"True Grit","floor":15,"key":"SMITH"}],"neow_cost":"NONE","seed_source_timestamp":1632270895639875,"circlet_count":0,"master_deck":["AscendersBane","Strike_R","Strike_R","Strike_R","Defend_R","Defend_R","Defend_R","Defend_R","Bash+1","True Grit+1","Metallicize","Twin Strike","Clothesline+1","Flame Barrier","Double Tap","Immolate","Heavy Blade","Havoc","Ghostly Armor+1","Combust"],"relics":["Burning Blood","NeowsBlessing","Oddly Smooth Stone","Golden Idol","Happy Flower","Strawberry","Smiling Mask","Gambling Chip","Black Star"],"potions_floor_usage":[14,16,23],"damage_taken":[{"damage":0,"enemies":"Jaw Worm","floor":1,"turns":1},{"damage":0,"enemies":"Gremlin Nob","floor":7,"turns":1},{"damage":0,"enemies":"Lagavulin","floor":10,"turns":1},{"damage":4,"enemies":"Small Slimes","floor":11,"turns":4},{"damage":13,"enemies":"3 Sentries","floor":14,"turns":9},{"damage":12,"enemies":"The Guardian","floor":16,"turns":11},{"damage":15,"enemies":"Shell Parasite","floor":18,"turns":8},{"damage":14,"enemies":"3 Byrds","floor":19,"turns":4},{"damage":9,"enemies":"Snecko","floor":21,"turns":3},{"damage":70,"enemies":"Gremlin Leader","floor":23,"turns":6}],"seed_played":"7154451909869094580","potions_obtained":[{"floor":7,"key":"Energy Potion"},{"floor":11,"key":"PowerPotion"}],"is_trial":false,"path_per_floor":["M","?","$","?","?","R","E","R","T","E","M","?","?","E","R","B",null,"M","M","?","M","$","E"],"character_chosen":"IRONCLAD","items_purchased":["Metallicize","Twin Strike","Regen Potion","Combust"],"campfire_rested":0,"item_purchase_floors":[3,3,22,22],"current_hp_per_floor":[74,56,56,56,56,56,62,62,69,75,75,64,64,57,57,51,69,60,52,52,49,49,0],"gold":156,"neow_bonus":"THREE_ENEMY_KILL","is_prod":false,"is_daily":false,"chose_seed":false,"campfire_upgraded":3,"win_rate":0,"timestamp":1544710640,"path_taken":["M","?","$","?","?","R","E","R","T","E","?","?","?","E","R","BOSS","M","M","?","M","$","E"],"build_version":"2018-12-06","purchased_purges":1,"victory":false,"max_hp_per_floor":[75,75,75,68,68,68,68,68,75,75,75,75,75,75,75,75,75,75,75,75,75,75,75],"card_choices":[{"not_picked":["Flex","Burning Pact"],"picked":"True Grit","floor":1},{"not_picked":["Heavy Blade","Thunderclap"],"picked":"Clothesline","floor":7},{"not_picked":["Bloodletting","Twin Strike","Intimidate"],"picked":"SKIP","floor":10},{"not_picked":["Havoc","Second Wind"],"picked":"Flame Barrier","floor":11},{"not_picked":["Twin Strike","Burning Pact","Blood for Blood"],"picked":"SKIP","floor":14},{"not_picked":["Dark Embrace","Berserk"],"picked":"Immolate","floor":16},{"not_picked":["Cleave","Anger+1"],"picked":"Heavy Blade","floor":18},{"not_picked":["Power Through","Hemokinesis"],"picked":"Havoc","floor":19},{"not_picked":["Pummel","Flex"],"picked":"Ghostly Armor+1","floor":21}],"player_experience":688041,"relics_obtained":[{"floor":7,"key":"Happy Flower"},{"floor":9,"key":"Strawberry"},{"floor":10,"key":"Smiling Mask"},{"floor":14,"key":"Gambling Chip"}],"event_choices":[{"damage_healed":0,"gold_gain":0,"player_choice":"Success","damage_taken":18,"relics_obtained":["Oddly Smooth Stone"],"max_hp_gain":0,"max_hp_loss":0,"event_name":"Scrap Ooze","floor":2,"gold_loss":0},{"damage_healed":0,"gold_gain":0,"player_choice":"Lose Max HP","damage_taken":0,"relics_obtained":["Golden Idol"],"max_hp_gain":0,"max_hp_loss":7,"event_name":"Golden Idol","floor":4,"gold_loss":0},{"damage_healed":0,"gold_gain":0,"player_choice":"Leave","damage_taken":0,"max_hp_gain":0,"max_hp_loss":0,"event_name":"The Cleric","floor":5,"gold_loss":0},{"damage_healed":0,"gold_gain":75,"player_choice":"Gather Gold","damage_taken":11,"max_hp_gain":0,"max_hp_loss":0,"event_name":"World of Goop","floor":12,"gold_loss":0},{"damage_healed":0,"gold_gain":0,"player_choice":"1 cards matched","damage_taken":0,"max_hp_gain":0,"max_hp_loss":0,"event_name":"Match and Keep!","floor":13,"gold_loss":0,"cards_obtained":["Double Tap"]},{"cards_removed":["Strike_R"],"damage_healed":0,"gold_gain":0,"player_choice":"Gave Gold","damage_taken":0,"max_hp_gain":0,"max_hp_loss":0,"event_name":"Beggar","floor":20,"gold_loss":75}],"is_beta":false,"boss_relics":[{"not_picked":["Calling Bell","Astrolabe"],"picked":"Black Star"}],"items_purged_floors":[22],"is_endless":false,"potions_floor_spawned":[7,11],"killed_by":"Gremlin Leader","ascension_level":20}