{"path_per_floor":["M","M","M","T","?","E","R","E","T","R","?","M","E","?","R","B",null,"M","M","$","?","M"],"character_chosen":"DEFECT","items_purchased":["Bird Faced Urn"],"gold_per_floor":[111,125,141,193,193,220,220,252,252,252,252,268,303,303,303,403,403,419,430,65,65,77,77],"floor_reached":23,"campfire_rested":1,"playtime":858,"item_purchase_floors":[20],"current_hp_per_floor":[68,68,65,65,65,40,40,41,41,41,41,28,12,17,41,3,61,59,53,53,53,40,0],"items_purged":["Strike_B"],"gold":77,"score":293,"play_id":"44626b31-1246-470e-8e51-f5490663f3f2","local_time":"20180620114844","is_prod":false,"is_daily":false,"chose_seed":false,"is_ascension_mode":true,"campfire_upgraded":2,"win_rate":0,"timestamp":1529513324,"campfire_choices":[{"data":"Streamline","floor":7,"key":"SMITH"},{"data":"Creative AI","floor":10,"key":"SMITH"},{"floor":15,"key":"REST"}],"path_taken":["M","M","M","?","?","E","R","E","T","R","?","M","E","?","R","BOSS","M","M","$","?","M","E"],"build_version":"2018-06-14v2","seed_source_timestamp":2967561110681918,"purchased_purges":1,"victory":false,"master_deck":["Strike_B+1","Strike_B","Strike_B+1","Defend_B","Defend_B","Defend_B","Defend_B","Zap+1","Dualcast","Streamline+1","Ball Lightning","Heatsinks","Leap","Creative AI+1","Rip and Tear","Reprogram+1","Echo Form","BootSequence+1","Hologram+1"],"max_hp_per_floor":[75,75,75,75,75,75,75,75,75,75,75,75,75,80,80,80,80,80,80,80,80,80,80],"relics":["Cracked Core","Whetstone","Omamori","Art of War","DataDisk","Toxic Egg 2","Juzu Bracelet","Peace Pipe","Cursed Key","Bird Faced Urn"],"card_choices":[{"not_picked":["Chill","Heatsinks"],"picked":"Streamline","floor":1},{"not_picked":["Hologram","Sweeping Beam"],"picked":"Ball Lightning","floor":2},{"not_picked":["Darkness","Hello World"],"picked":"Heatsinks","floor":3},{"not_picked":["Undo","Force Field"],"picked":"Leap","floor":6},{"not_picked":["Rebound","Stack"],"picked":"Creative AI","floor":8},{"not_picked":["Compile Driver","Consume+1"],"picked":"Rip and Tear","floor":12},{"not_picked":["Cold Snap","Melter"],"picked":"Reprogram+1","floor":13},{"not_picked":["Meteor Strike","Amplify+1"],"picked":"Echo Form","floor":16},{"not_picked":["Ball Lightning","Gash","Steam+1"],"picked":"SKIP","floor":18},{"not_picked":["Coolheaded+1","Chill+1"],"picked":"BootSequence+1","floor":19},{"not_picked":["Beam Cell","Reprogram+1"],"picked":"Hologram+1","floor":22}],"player_experience":403343,"potions_floor_usage":[8,13,23],"damage_taken":[{"damage":0,"enemies":"Cultist","floor":1,"turns":2},{"damage":0,"enemies":"Small Slimes","floor":2,"turns":2},{"damage":3,"enemies":"2 Louse","floor":3,"turns":2},{"damage":25,"enemies":"Lagavulin","floor":6,"turns":5},{"damage":13,"enemies":"3 Sentries","floor":8,"turns":5},{"damage":13,"enemies":"Blue Slaver","floor":12,"turns":3},{"damage":16,"enemies":"Gremlin Nob","floor":13,"turns":4},{"damage":38,"enemies":"Hexaghost","floor":16,"turns":7},{"damage":2,"enemies":"Spheric Guardian","floor":18,"turns":3},{"damage":6,"enemies":"Shell Parasite","floor":19,"turns":6},{"damage":27,"enemies":"Snake Plant","floor":22,"turns":5},{"damage":74,"enemies":"Book of Stabbing","floor":23,"turns":6}],"relics_obtained":[{"floor":4,"key":"Omamori"},{"floor":6,"key":"Art of War"},{"floor":8,"key":"DataDisk"},{"floor":9,"key":"Toxic Egg 2"},{"floor":13,"key":"Peace Pipe"}],"event_choices":[{"event_name":"Upgrade Shrine","player_choice":"Upgraded","floor":5,"damage_taken":0},{"event_name":"Dead Adventurer","player_choice":"Searched \u00271\u0027 times","floor":11,"damage_taken":0},{"event_name":"Big Fish","player_choice":"Donut","floor":14,"damage_taken":0},{"event_name":"Vampires","player_choice":"Ignored","floor":21,"damage_taken":0}],"boss_relics":[{"not_picked":["Ectoplasm","Sozu"],"picked":"Cursed Key"}],"items_purged_floors":[20],"is_endless":false,"potions_floor_spawned":[3,6,22],"seed_played":"5652155836325873224","killed_by":"Book of Stabbing","ascension_level":8,"potions_obtained":[{"floor":3,"key":"Regen Potion"},{"floor":6,"key":"Poison Potion"},{"floor":22,"key":"Poison Potion"}],"is_trial":false}