{"gold_per_floor":[109,119,194,194,41,41,66,66,144,144,67,82,82,97,97,195,195,185,42,42,58,58,58,58],"floor_reached":24,"playtime":2616,"items_purged":["Strike_G"],"score":192,"play_id":"c86c6598-2db2-47d7-a660-c2a4b28a9451","local_time":"20181116232751","is_ascension_mode":false,"campfire_choices":[{"data":"Neutralize","floor":6.0,"key":"SMITH"},{"data":"All Out Attack","floor":8.0,"key":"SMITH"},{"data":"Backstab","floor":10.0,"key":"SMITH"},{"floor":15.0,"key":"REST"},{"floor":23,"key":"REST"}],"neow_cost":"NONE","seed_source_timestamp":100071971186860,"circlet_count":0,"master_deck":["Defend_G","Defend_G","Defend_G","Defend_G","Defend_G","Strike_G","Strike_G","Strike_G","Survivor","Neutralize+1","Backstab+1","Well Laid Plans","All Out Attack+1","Footwork","Dodge and Roll","Blade Dance","Envenom","Outmaneuver","Noxious Fumes","Noxious Fumes","Wraith Form v2","Blind"],"special_seed":0,"relics":["Ring of the Snake","Blood Vial","Omamori","Dodecahedron","WarpedTongs","HoveringKite"],"potions_floor_usage":[16],"damage_taken":[{"damage":0.0,"enemies":"Small Slimes","floor":1.0,"turns":4.0},{"damage":0.0,"enemies":"2 Louse","floor":2.0,"turns":2.0},{"damage":31.0,"enemies":"Gremlin Nob","floor":7.0,"turns":6.0},{"damage":3.0,"enemies":"Jaw Worm","floor":12.0,"turns":2.0},{"damage":0.0,"enemies":"Looter","floor":14.0,"turns":1.0},{"damage":37,"enemies":"Hexaghost","floor":16,"turns":15},{"damage":21,"enemies":"2 Thieves","floor":18,"turns":4},{"damage":44,"enemies":"3 Byrds","floor":21,"turns":5},{"damage":7,"enemies":"Centurion and Healer","floor":24,"turns":4}],"seed_played":"3531724258373707162","potions_obtained":[{"floor":1.0,"key":"GamblersBrew"},{"floor":12.0,"key":"FearPotion"},{"floor":21,"key":"Block Potion"}],"is_trial":false,"path_per_floor":["M","M","?","?","$","R","E","R","T","R","$","M","?","M","R","B",null,"M","$","?","M","?","R","M"],"character_chosen":"THE_SILENT","items_purchased":["Blood Vial","Footwork","Noxious Fumes"],"campfire_rested":2,"item_purchase_floors":[5,11,19],"current_hp_per_floor":[70,70,59,59,59,59,30,30,30,30,30,29,29,31,52,17,70,49,49,49,7,7,28,23],"gold":58,"neow_bonus":"REMOVE_CARD","is_prod":false,"is_daily":false,"chose_seed":false,"campfire_upgraded":3,"win_rate":0.0,"timestamp":1542378471,"path_taken":["M","M","?","?","?","R","E","R","T","R","$","M","?","M","R","BOSS","M","$","?","M","?","R","?"],"build_version":"2018-11-15","purchased_purges":1,"victory":false,"max_hp_per_floor":[70,70,70,70,70,70,70,70,70,70,70,70,70,70,70,70,70,70,70,70,70,70,70,70],"card_choices":[{"not_picked":["Poisoned Stab","Choke"],"picked":"Backstab","floor":1.0},{"not_picked":["Deflect","Blade Dance"],"picked":"Well Laid Plans","floor":2.0},{"not_picked":["Dagger Throw","After Image"],"picked":"All Out Attack","floor":7.0},{"not_picked":["Catalyst","Slice"],"picked":"Dodge and Roll","floor":12.0},{"not_picked":["Flying Knee","Dagger Throw"],"picked":"Blade Dance","floor":14.0},{"not_picked":["Doppelganger","Unload"],"picked":"Envenom","floor":16},{"not_picked":["Terror","Riddle With Holes"],"picked":"Outmaneuver","floor":18},{"not_picked":["Infinite Blades","Deadly Poison"],"picked":"Noxious Fumes","floor":21}],"player_experience":62949,"relics_obtained":[{"floor":7.0,"key":"Omamori"},{"floor":9.0,"key":"Dodecahedron"}],"event_choices":[{"damage_healed":0.0,"max_hp_gain":0.0,"max_hp_loss":0.0,"gold_gain":75.0,"event_name":"World of Goop","player_choice":"Gather Gold","floor":3.0,"gold_loss":0.0,"damage_taken":11.0},{"damage_healed":0.0,"max_hp_gain":0.0,"max_hp_loss":0.0,"gold_gain":0.0,"event_name":"Shining Light","player_choice":"Ignored","floor":4.0,"gold_loss":0.0,"damage_taken":0.0},{"damage_healed":0.0,"max_hp_gain":0.0,"max_hp_loss":0.0,"gold_gain":0.0,"event_name":"Accursed Blacksmith","player_choice":"Rummage","floor":13.0,"gold_loss":0.0,"damage_taken":0.0,"relics_obtained":["WarpedTongs"],"cards_obtained":["Pain"]},{"damage_healed":0,"gold_gain":0,"player_choice":"Ignored","damage_taken":0,"max_hp_gain":0,"max_hp_loss":0,"event_name":"Beggar","floor":20,"gold_loss":0},{"damage_healed":0,"gold_gain":0,"player_choice":"2 cards matched","damage_taken":0,"max_hp_gain":0,"max_hp_loss":0,"event_name":"Match and Keep!","floor":22,"gold_loss":0,"cards_obtained":["Wraith Form v2","Blind"]}],"is_beta":false,"boss_relics":[{"not_picked":["Tiny House","Snecko Eye"],"picked":"HoveringKite"}],"items_purged_floors":[19],"is_endless":false,"potions_floor_spawned":[1,12,21],"killed_by":"Centurion and Healer","ascension_level":0}