{"path_per_floor":["M","?","?","?","?","E","M","M","T","M","R","M","$","E","R","B",null,"M","M","?","$","M","R","M","M","T","?","R","M","?","M","R"],"character_chosen":"THE_SILENT","items_purchased":["Flash of Steel","Die Die Die","Tiny Chest"],"gold_per_floor":[113,113,188,188,188,218,238,253,276,286,286,296,201,226,226,330,330,341,359,359,109,129,129,142,154,179,179,179,199,249,268,268],"floor_reached":33,"campfire_rested":2,"playtime":1606,"current_hp_per_floor":[70,56,45,45,27,27,27,27,27,27,48,48,48,38,59,13,70,70,64,64,64,62,62,39,37,37,70,70,60,60,60,60],"items_purged":[],"gold":268,"score":284,"play_id":"2b2a133e-8e7a-4d2f-a9d1-b3ed22d543a4","is_prod":false,"is_daily":false,"is_ascension_mode":false,"campfire_upgraded":3,"path_taken":["M","?","?","?","?","E","M","?","T","M","R","M","?","E","R","BOSS","M","M","?","$","M","R","M","?","T","?","R","M","?","?","R","BOSS"],"build_version":"2018-02-15-PROD1","purchased_purges":0,"victory":false,"master_deck":["Survivor","Neutralize","Unload+1","Die Die Die+1","Flash of Steel+1","All Out Attack+1","Dagger Throw","Cloak And Dagger","Well Laid Plans","Acrobatics","Flying Knee","Bane","Acrobatics","Bane","Dagger Spray+1","Dagger Spray","Die Die Die+1","Cloak And Dagger+1","Predator+1"],"max_hp_per_floor":[70,70,70,70,70,70,70,70,70,70,70,70,70,70,70,70,70,70,70,70,70,70,70,70,70,70,70,70,70,70,70,70],"relics":["Ring of the Snake","NeowsBlessing","Vajra","Smiling Mask","Bronze Scales","Lantern","Pandora\u0027s Box","Tiny Chest","Whetstone"],"card_choices":[{"not_picked":["Slice","Underhanded Strike"],"picked":"Die Die Die"},{"not_picked":["Choke","Flying Knee"],"picked":"All Out Attack"},{"not_picked":["Quick Slash","Dash"],"picked":"Dagger Spray"},{"not_picked":["Outmaneuver","Acrobatics"],"picked":"Dagger Spray"},{"not_picked":["Setup","Deflect"],"picked":"Cloak And Dagger"},{"not_picked":["Bane","Catalyst"],"picked":"Predator"}],"player_experience":215971,"potions_floor_usage":[33],"damage_taken":[{"damage":0,"enemies":"2 Louse","floor":1,"turns":1},{"damage":0,"enemies":"3 Sentries","floor":6,"turns":1},{"damage":0,"enemies":"Small Slimes","floor":7,"turns":1},{"damage":0,"enemies":"Jaw Worm","floor":8,"turns":2},{"damage":0,"enemies":"Blue Slaver","floor":10,"turns":2},{"damage":0,"enemies":"Looter","floor":12,"turns":2},{"damage":10,"enemies":"Gremlin Nob","floor":14,"turns":3},{"damage":46,"enemies":"Hexaghost","floor":16,"turns":12},{"damage":0,"enemies":"3 Byrds","floor":18,"turns":2},{"damage":6,"enemies":"2 Thieves","floor":19,"turns":2},{"damage":2,"enemies":"Sentry and Sphere","floor":22,"turns":3},{"damage":23,"enemies":"Centurion and Healer","floor":24,"turns":3},{"damage":2,"enemies":"Cultist and Chosen","floor":25,"turns":4},{"damage":10,"enemies":"Sentry and Sphere","floor":29,"turns":3},{"damage":0,"enemies":"Centurion and Healer","floor":31,"turns":2},{"damage":91,"enemies":"Automaton","floor":33,"turns":6}],"event_choices":[{"event_name":"Shining Light","player_choice":"Entered Light","floor":2,"damage_taken":0},{"event_name":"World of Goop","player_choice":"Gather Gold","floor":3,"damage_taken":0},{"event_name":"Living Wall","player_choice":"Change","floor":4,"damage_taken":0},{"event_name":"Scrap Ooze","player_choice":"success","floor":5,"damage_taken":18},{"event_name":"Upgrade Shrine","player_choice":"Upgraded","floor":20,"damage_taken":0},{"event_name":"Bonfire Elementals","player_choice":"UNCOMMON","floor":27,"damage_taken":0},{"event_name":"The Joust","player_choice":"Bet on Murderer","floor":30,"damage_taken":0}],"boss_relics":[{"not_picked":["Runic Pyramid","Black Star"],"picked":"Pandora\u0027s Box"}],"potions_floor_spawned":[1,7,8,25,31],"seed_played":"7927876283954737555","killed_by":"Automaton","ascension_level":0,"is_trial":false}