{"gold_per_floor":[118,137,102,102,102,127,127,155,155,175,192,192,207,207,207,284,284,302,322,83,99,99,99,99,99,99,99,110,168,186,199,199,199],"floor_reached":33,"playtime":1161,"items_purged":["Strike_R"],"score":526,"play_id":"dd6dbcc3-d69e-464a-ac68-44f3abd3a6bb","local_time":"20181002000214","is_ascension_mode":true,"campfire_choices":[{"data":"Fiend Fire","floor":7,"key":"SMITH"},{"data":"True Grit","floor":12,"key":"SMITH"},{"data":"Whirlwind","floor":15,"key":"SMITH"},{"floor":23,"key":"REST"},{"data":"Immolate","floor":25,"key":"SMITH"},{"data":"Feel No Pain","floor":27,"key":"SMITH"},{"floor":32,"key":"REST"}],"neow_cost":"PERCENT_DAMAGE","seed_source_timestamp":711794713521546,"circlet_count":0,"master_deck":["Strike_R","Strike_R","Defend_R","Defend_R+1","Defend_R+1","Defend_R","Bash+1","AscendersBane","Fiend Fire+1","Iron Wave","Feel No Pain+1","Wild Strike","Anger","True Grit+1","Whirlwind+1","Immolate+1","Reckless Charge","Spot Weakness","Shrug It Off","Metallicize","Thunderclap"],"relics":["Burning Blood","Potion Belt","Red Skull","Darkstone Periapt","Runic Cube","Juzu Bracelet","Question Card","Tiny Chest"],"potions_floor_usage":[16,29,31,33,33],"damage_taken":[{"damage":4,"enemies":"Jaw Worm","floor":1,"turns":5},{"damage":4,"enemies":"Small Slimes","floor":2,"turns":3},{"damage":29,"enemies":"3 Sentries","floor":6,"turns":14},{"damage":12,"enemies":"Lagavulin","floor":8,"turns":7},{"damage":0,"enemies":"2 Louse","floor":10,"turns":1},{"damage":0,"enemies":"2 Fungi Beasts","floor":11,"turns":2},{"damage":1,"enemies":"Exordium Thugs","floor":13,"turns":3},{"damage":23,"enemies":"Hexaghost","floor":16,"turns":7},{"damage":18,"enemies":"Chosen","floor":18,"turns":4},{"damage":22,"enemies":"2 Thieves","floor":19,"turns":3},{"damage":28,"enemies":"Snake Plant","floor":21,"turns":3},{"damage":18,"enemies":"3 Cultists","floor":28,"turns":3},{"damage":17,"enemies":"Gremlin Leader","floor":29,"turns":4},{"damage":6,"enemies":"Centurion and Healer","floor":30,"turns":7},{"damage":18,"enemies":"Snecko","floor":31,"turns":3},{"damage":70,"enemies":"Automaton","floor":33,"turns":6}],"seed_played":"-7689793151978572759","potions_obtained":[{"floor":6,"key":"GamblersBrew"},{"floor":8,"key":"Dexterity Potion"},{"floor":10,"key":"SneckoOil"},{"floor":13,"key":"Energy Potion"},{"floor":18,"key":"SteroidPotion"},{"floor":30,"key":"Swift Potion"}],"is_trial":false,"path_per_floor":["M","M","?","?","?","E","R","E","T","M","M","R","M","?","R","B",null,"M","M","$","M","?","R","?","R","T","R","M","E","M","M","R"],"character_chosen":"IRONCLAD","items_purchased":["Juzu Bracelet"],"campfire_rested":2,"item_purchase_floors":[20],"current_hp_per_floor":[52,54,72,72,49,26,26,20,20,26,32,32,37,37,37,20,61,49,33,33,11,11,33,75,75,75,75,63,52,52,40,62,0],"gold":199,"neow_bonus":"THREE_RARE_CARDS","is_prod":false,"is_daily":false,"chose_seed":false,"campfire_upgraded":5,"win_rate":0,"timestamp":1538452934,"path_taken":["M","M","?","?","?","E","R","E","T","M","?","R","?","?","R","BOSS","M","M","$","M","?","R","?","R","T","R","M","E","M","M","R","BOSS"],"build_version":"2018-09-27","purchased_purges":1,"victory":false,"max_hp_per_floor":[75,75,75,75,75,75,75,75,75,75,75,75,75,75,75,75,75,75,75,75,75,75,75,75,75,75,75,75,75,75,75,75,75],"card_choices":[{"not_picked":["Barricade","Exhume"],"picked":"Fiend Fire","floor":0},{"not_picked":["Heavy Blade","Burning Pact"],"picked":"Iron Wave","floor":1},{"not_picked":["Iron Wave","Wild Strike"],"picked":"Feel No Pain","floor":2},{"not_picked":["Anger","Rampage"],"picked":"Wild Strike","floor":6},{"not_picked":["Dark Embrace","Armaments","Heavy Blade"],"picked":"SKIP","floor":8},{"not_picked":["Heavy Blade","Headbutt"],"picked":"Anger","floor":10},{"not_picked":["Armaments","Wild Strike"],"picked":"True Grit","floor":11},{"not_picked":["Perfected Strike","Headbutt"],"picked":"Whirlwind","floor":13},{"not_picked":["Bludgeon","Berserk"],"picked":"Immolate","floor":16},{"not_picked":["Perfected Strike","Flex"],"picked":"Reckless Charge","floor":18},{"not_picked":["Cleave","Wild Strike+1","Body Slam+1"],"picked":"SKIP","floor":19},{"not_picked":["Clash","Twin Strike"],"picked":"Spot Weakness","floor":21},{"not_picked":["Warcry","Searing Blow","Wild Strike"],"picked":"Shrug It Off","floor":28},{"not_picked":["Heavy Blade","Bludgeon","Bloodletting"],"picked":"Metallicize","floor":29},{"not_picked":["Infernal Blade","Clash","Perfected Strike+1"],"picked":"Thunderclap","floor":30},{"not_picked":["Whirlwind","Anger","Sentinel","True Grit"],"picked":"SKIP","floor":31}],"player_experience":534067,"relics_obtained":[{"floor":6,"key":"Potion Belt"},{"floor":8,"key":"Red Skull"},{"floor":9,"key":"Darkstone Periapt"},{"floor":26,"key":"Question Card"},{"floor":29,"key":"Tiny Chest"}],"event_choices":[{"event_name":"The Cleric","player_choice":"Healed","floor":3,"damage_taken":0},{"event_name":"Living Wall","player_choice":"Grow","floor":4,"damage_taken":0},{"event_name":"Shining Light","player_choice":"Entered Light","floor":5,"damage_taken":0},{"event_name":"Purifier","player_choice":"One Purge","floor":14,"damage_taken":0},{"event_name":"Purifier","player_choice":"One Purge","floor":22,"damage_taken":0},{"event_name":"Wheel of Change","player_choice":"Full Heal","floor":24,"damage_taken":0}],"is_beta":false,"boss_relics":[{"not_picked":["Lizard Tail","Black Blood"],"picked":"Runic Cube"}],"items_purged_floors":[20],"is_endless":false,"potions_floor_spawned":[6,8,10,13,18,21,30],"killed_by":"Automaton","ascension_level":18}