{"gold_per_floor":[111,111,123,93,4,4,35,50,50,78,78,97,117,132,132,209,209,219,234,265,180,180,180,195,195,222,222,240,269,59,89,89,160,160,176,186,201,1200,726,726,760,760,784,784,784,315,537,136,136,136,136,136,136,11,45,45],"floor_reached":57,"playtime":4469,"items_purged":["Normality","Strike_G","Strike_G"],"score":2727,"play_id":"7ead35c2-58e5-4325-97d6-2da797d5c266","local_time":"20190216004633","is_ascension_mode":true,"campfire_choices":[{"data":"Noxious Fumes","floor":6,"key":"SMITH"},{"data":"Footwork","floor":11,"key":"SMITH"},{"data":"Caltrops","floor":15,"key":"SMITH"},{"data":"Wraith Form v2","floor":23,"key":"SMITH"},{"floor":25,"key":"REST"},{"data":"Malaise","floor":27,"key":"SMITH"},{"data":"Well Laid Plans","floor":32,"key":"SMITH"},{"floor":40,"key":"REST"},{"floor":44,"key":"RECALL"},{"data":"Neutralize","floor":45,"key":"SMITH"},{"data":"Poisoned Stab","floor":49,"key":"SMITH"},{"data":"Sadistic Nature","floor":53,"key":"SMITH"}],"neow_cost":"NONE","seed_source_timestamp":137453094312362,"circlet_count":0,"master_deck":["AscendersBane","Defend_G","Defend_G","Defend_G","Defend_G","Defend_G","Survivor","Neutralize+1","Escape Plan","Noxious Fumes+1","Footwork+1","Poisoned Stab+1","Caltrops+1","Dodge and Roll","Backflip","Malaise+1","Quick Slash","Well Laid Plans+1","Wraith Form v2+1","Backflip","Skewer","Backflip","After Image","Blur+1","Accuracy+1","After Image+1","Predator","Sadistic Nature+1","Finesse","Blur+1"],"relics":["Ring of the Snake","NeowsBlessing","Tough Bandages","Omamori","Pantograph","Bag of Marbles","HoveringKite","Red Mask","Dodecahedron","Gambling Chip","WingedGreaves","TwistedFunnel","Blood Vial","Astrolabe","Torii","Juzu Bracelet","PreservedInsect","Snake Skull","OrangePellets","Boot"],"potions_floor_usage":[7,10,13,16,33,56],"damage_taken":[{"damage":0,"enemies":"Jaw Worm","floor":1,"turns":1},{"damage":0,"enemies":"2 Louse","floor":3,"turns":1},{"damage":0,"enemies":"3 Sentries","floor":7,"turns":1},{"damage":0,"enemies":"Cultist","floor":8,"turns":5},{"damage":3,"enemies":"Lagavulin","floor":10,"turns":9},{"damage":0,"enemies":"Looter","floor":12,"turns":4},{"damage":11,"enemies":"2 Fungi Beasts","floor":13,"turns":4},{"damage":0,"enemies":"3 Louse","floor":14,"turns":4},{"damage":50,"enemies":"Hexaghost","floor":16,"turns":9},{"damage":1,"enemies":"Chosen","floor":18,"turns":7},{"damage":0,"enemies":"3 Byrds","floor":19,"turns":2},{"damage":31,"enemies":"Masked Bandits","floor":20,"turns":5},{"damage":4,"enemies":"Snecko","floor":24,"turns":8},{"damage":0,"enemies":"Centurion and Healer","floor":28,"turns":10},{"damage":12,"enemies":"Gremlin Leader","floor":29,"turns":8},{"damage":2,"enemies":"Book of Stabbing","floor":31,"turns":9},{"damage":12,"enemies":"Collector","floor":33,"turns":10},{"damage":12,"enemies":"Orb Walker","floor":35,"turns":6},{"damage":4,"enemies":"3 Shapes","floor":36,"turns":8},{"damage":15,"enemies":"3 Darklings","floor":37,"turns":6},{"damage":12,"enemies":"Nemesis","floor":41,"turns":13},{"damage":0,"enemies":"Donu and Deca","floor":50,"turns":12},{"damage":1,"enemies":"Time Eater","floor":51,"turns":17},{"damage":33,"enemies":"Shield and Spear","floor":55,"turns":7},{"damage":48,"enemies":"The Heart","floor":56,"turns":15}],"seed_played":"-1150926215665372077","potions_obtained":[{"floor":4,"key":"SkillPotion"},{"floor":4,"key":"Fruit Juice"},{"floor":7,"key":"Block Potion"},{"floor":12,"key":"Fruit Juice"},{"floor":13,"key":"Poison Potion"},{"floor":19,"key":"SpeedPotion"},{"floor":24,"key":"GamblersBrew"},{"floor":36,"key":"AttackPotion"}],"is_trial":false,"path_per_floor":["M","?","M","?","$","R","E","M","T","E","R","M","M","M","R","B",null,"M","M","?","?","?","R","M","R","T","R","M","E","$","E","R","B",null,"M","M","M","?","$","R","E","?","T","R","R","$","?","$","R","B","B",null,"R","$","E","B",null],"character_chosen":"THE_SILENT","items_purchased":["Footwork","TwistedFunnel","Torii","GhostInAJar","Snake Skull","OrangePellets","GhostInAJar","Sadistic Nature","Finesse"],"campfire_rested":2,"item_purchase_floors":[5,30,39,39,46,46,46,48,48],"current_hp_per_floor":[59,41,41,41,41,41,46,46,46,43,43,43,37,37,37,12,60,59,59,28,28,28,28,24,46,46,46,46,34,34,32,32,47,69,59,57,44,44,44,66,56,56,56,56,56,56,56,56,56,76,75,76,76,76,43,22],"gold":45,"neow_bonus":"THREE_ENEMY_KILL","is_prod":false,"is_daily":false,"chose_seed":false,"campfire_upgraded":9,"win_rate":0,"timestamp":1550295993,"path_taken":["M","?","M","?","$","R","E","M","T","E","R","M","M","?","R","BOSS","M","M","?","?","?","R","M","R","T","R","M","E","$","E","R","BOSS","M","M","M","?","$","R","E","?","T","R","R","$","?","$","R","BOSS","BOSS","R","$","E","BOSS"],"build_version":"2019-01-23","purchased_purges":3,"victory":true,"max_hp_per_floor":[66,66,66,66,66,66,71,71,71,71,71,71,76,76,76,76,76,76,76,76,76,76,76,76,76,76,76,76,76,76,76,76,76,76,76,76,76,76,76,76,76,76,76,76,76,76,76,76,76,76,76,76,76,76,76,76],"card_choices":[{"not_picked":["Dodge and Roll","Choke"],"picked":"Escape Plan","floor":1},{"not_picked":["Deadly Poison","Terror"],"picked":"Noxious Fumes","floor":3},{"not_picked":["All Out Attack","PiercingWail"],"picked":"Sucker Punch","floor":7},{"not_picked":["Backflip","Dodge and Roll"],"picked":"Poisoned Stab","floor":8},{"not_picked":["Dodge and Roll","Flying Knee"],"picked":"Caltrops","floor":10},{"not_picked":["Reflex","Infinite Blades","Flying Knee"],"picked":"SKIP","floor":12},{"not_picked":["Outmaneuver","Choke"],"picked":"Dodge and Roll","floor":13},{"not_picked":["Dagger Throw","Envenom"],"picked":"Backflip","floor":14},{"not_picked":["Tools of the Trade","Phantasmal Killer"],"picked":"Malaise","floor":16},{"not_picked":["Poisoned Stab+1","Bane"],"picked":"Quick Slash","floor":18},{"not_picked":["Flying Knee","Concentrate+1"],"picked":"Well Laid Plans","floor":19},{"not_picked":["Concentrate","Poisoned Stab"],"picked":"Wraith Form v2","floor":20},{"not_picked":["Concentrate","Cloak And Dagger"],"picked":"Backflip","floor":24},{"not_picked":["Reflex","Blade Dance"],"picked":"Skewer","floor":28},{"not_picked":["Dodge and Roll","Choke","Concentrate+1"],"picked":"SKIP","floor":29},{"not_picked":["Flying Knee","Caltrops"],"picked":"Backflip","floor":31},{"not_picked":["Glass Knife","Unload"],"picked":"After Image","floor":33},{"not_picked":["Dagger Throw+1","Sucker Punch","Blade Dance"],"picked":"SKIP","floor":35},{"not_picked":["Outmaneuver","Flechettes","Deflect"],"picked":"SKIP","floor":36},{"not_picked":["Quick Slash","Flying Knee","Distraction"],"picked":"SKIP","floor":37},{"not_picked":["Glass Knife","Eviscerate"],"picked":"Predator","floor":41},{"not_picked":["Outmaneuver","Finisher+1"],"picked":"Blur+1","floor":55}],"player_experience":829357,"relics_obtained":[{"floor":7,"key":"Omamori"},{"floor":9,"key":"Pantograph"},{"floor":10,"key":"Bag of Marbles"},{"floor":20,"key":"Red Mask"},{"floor":29,"key":"WingedGreaves"},{"floor":31,"key":"Blood Vial"},{"floor":41,"key":"Juzu Bracelet"},{"floor":43,"key":"PreservedInsect"},{"floor":55,"key":"Boot"}],"event_choices":[{"damage_healed":0,"gold_gain":0,"player_choice":"Success","damage_taken":18,"relics_obtained":["Tough Bandages"],"max_hp_gain":0,"max_hp_loss":0,"event_name":"Scrap Ooze","floor":2,"gold_loss":0},{"damage_healed":0,"gold_gain":0,"player_choice":"Bought 2 Potions","damage_taken":0,"max_hp_gain":0,"max_hp_loss":0,"event_name":"The Woman in Blue","floor":4,"gold_loss":0},{"damage_healed":0,"gold_gain":0,"player_choice":"Fought Bandits","damage_taken":0,"max_hp_gain":0,"max_hp_loss":0,"event_name":"Masked Bandits","floor":20,"gold_loss":0},{"damage_healed":0,"gold_gain":0,"player_choice":"Obtained Relic","damage_taken":0,"relics_obtained":["Dodecahedron"],"max_hp_gain":0,"max_hp_loss":0,"event_name":"Addict","floor":21,"gold_loss":85},{"damage_healed":0,"gold_gain":0,"player_choice":"Opened","damage_taken":0,"relics_obtained":["Gambling Chip"],"max_hp_gain":0,"max_hp_loss":0,"event_name":"The Mausoleum","floor":22,"gold_loss":0,"cards_obtained":["Writhe"]},{"damage_healed":0,"gold_gain":999,"player_choice":"Gold","damage_taken":0,"max_hp_gain":0,"max_hp_loss":0,"event_name":"MindBloom","floor":38,"gold_loss":0,"cards_obtained":["Normality","Normality"]},{"cards_removed":["Sucker Punch"],"damage_healed":0,"gold_gain":0,"player_choice":"Removed Attack","damage_taken":0,"max_hp_gain":0,"max_hp_loss":0,"event_name":"Falling","floor":42,"gold_loss":0},{"damage_healed":0,"gold_gain":222,"player_choice":"Wore Mask","damage_taken":0,"max_hp_gain":0,"max_hp_loss":0,"event_name":"Tomb of Lord Red Mask","floor":47,"gold_loss":0}],"is_beta":false,"boss_relics":[{"not_picked":["Velvet Choker","Lizard Tail"],"picked":"HoveringKite"},{"not_picked":["Cursed Key","Empty Cage"],"picked":"Astrolabe"}],"items_purged_floors":[39,48,54],"is_endless":false,"potions_floor_spawned":[7,12,13,14,19,24,29,31,36,41],"ascension_level":20}