{"gold_per_floor":[144,189,234,279,324,324,369,381,381,426,516,561,561,606,606,906,906,951,996,1041,31,76,166,166,211,236,281,326,371,296,341,341,641,671,716,1061,1106,1151,1196,1286,1331,1376,1401,1446,1446,1491,1491,1536,1536,1536],"floor_reached":51,"playtime":3600,"items_purged":[],"score":1271,"play_id":"7f877d1a-d22a-42ee-b5b3-f63f401e5ca7","local_time":"20180702181133","daily_mods":["Insanity","Midas","Vintage"],"is_ascension_mode":false,"campfire_choices":[{"floor":6.0,"key":"REST"},{"floor":13.0,"key":"REST"},{"floor":15.0,"key":"REST"},{"floor":32.0,"key":"REST"},{"floor":49,"key":"REST"}],"neow_cost":"","seed_source_timestamp":0,"circlet_count":0,"master_deck":["Compile Driver","FTL","Barrage","Hologram","Electrodynamics","White Noise","Self Repair","Seek","Blizzard","Chaos","Creative AI","Rebound","Auto Shields","Tempest","Loop","Rainbow","Heatsinks","Rebound","Lockon","Go for the Eyes+1","Capacitor","Steam Power","Darkness","Double Energy","Leap","Doom and Gloom","Biased Cognition","Defend_B","Darkness","Rebound","Fission","Thunder Strike+1","Lockon","Force Field","Buffer","Barrage","Amplify","Coolheaded","Lockon","Biased Cognition","Blizzard","Thunder Strike","Sunder","Meteor Strike","Core Surge","Auto Shields","Rainbow","Reinforced Body","Fusion","Hyperbeam+1","Aggregate","Aggregate","Conserve Battery","Go for the Eyes+1","Go for the Eyes+1","Thunder Strike+1","Ghostly","Ghostly","Ghostly","Ghostly","Ghostly","Hologram+1"],"special_seed":17714,"relics":["Cracked Core","Lantern","Anchor","Pear","The Courier","Strawberry","Gremlin Horn","Odd Mushroom","Mercury Hourglass","Molten Egg 2","Ornamental Fan","Bottled Lightning","Whetstone","Potion Belt","Orrery","Orichalcum","Centennial Puzzle","Bottled Flame","Omamori","Blue Candle","Turnip","Boot","Singing Bowl","Juzu Bracelet","Bottled Tornado","Sundial","Oddly Smooth Stone","Regal Pillow","Darkstone Periapt","Letter Opener","Meat on the Bone","Bag of Marbles","Kunai","Calling Bell","Tiny Chest","Matryoshka","Peace Pipe","Bronze Scales","Old Coin","Blood Vial","DataDisk","Dream Catcher","Ice Cream","Mummified Hand","Happy Flower","Bag of Preparation","Art of War","Ancient Tea Set","Prayer Wheel","Pen Nib","Vajra"],"potions_floor_usage":[40],"damage_taken":[{"damage":9.0,"enemies":"Jaw Worm","floor":1.0,"turns":2.0},{"damage":10.0,"enemies":"Small Slimes","floor":2.0,"turns":5.0},{"damage":4.0,"enemies":"Cultist","floor":3.0,"turns":3.0},{"damage":9.0,"enemies":"2 Fungi Beasts","floor":4.0,"turns":4.0},{"damage":9.0,"enemies":"Exordium Thugs","floor":5.0,"turns":4.0},{"damage":16.0,"enemies":"Large Slime","floor":7.0,"turns":4.0},{"damage":0.0,"floor":8.0,"turns":3.0},{"damage":0.0,"enemies":"3 Louse","floor":10.0,"turns":4.0},{"damage":16.0,"enemies":"3 Sentries","floor":11.0,"turns":3.0},{"damage":0.0,"enemies":"Lots of Slimes","floor":12.0,"turns":1.0},{"damage":0.0,"enemies":"Exordium Thugs","floor":14.0,"turns":2.0},{"damage":33.0,"enemies":"Slime Boss","floor":16.0,"turns":8.0},{"damage":4.0,"enemies":"Spheric Guardian","floor":18.0,"turns":3.0},{"damage":0.0,"enemies":"2 Thieves","floor":19.0,"turns":2.0},{"damage":0.0,"enemies":"Snecko","floor":20.0,"turns":2.0},{"damage":0.0,"enemies":"Centurion and Healer","floor":22.0,"turns":3.0},{"damage":13.0,"enemies":"Slavers","floor":23.0,"turns":3.0},{"damage":0.0,"enemies":"Chosen and Byrds","floor":25.0,"turns":4.0},{"damage":7.0,"enemies":"Snake Plant","floor":27.0,"turns":2.0},{"damage":0.0,"enemies":"Centurion and Healer","floor":28.0,"turns":3.0},{"damage":0.0,"enemies":"Snecko","floor":29.0,"turns":3.0},{"damage":7.0,"enemies":"Snake Plant","floor":31.0,"turns":3.0},{"damage":0.0,"enemies":"Automaton","floor":33.0,"turns":7.0},{"damage":0.0,"enemies":"3 Darklings","floor":35.0,"turns":1.0},{"damage":1.0,"enemies":"Orb Walker","floor":36.0,"turns":3.0},{"damage":0.0,"enemies":"3 Darklings","floor":37.0,"turns":1.0},{"damage":0.0,"enemies":"Sphere and 2 Shapes","floor":38.0,"turns":4.0},{"damage":0,"enemies":"Maw","floor":39,"turns":5},{"damage":12,"enemies":"Nemesis","floor":40,"turns":3},{"damage":0,"enemies":"3 Darklings","floor":41,"turns":1},{"damage":0,"enemies":"Sphere and 2 Shapes","floor":42,"turns":3},{"damage":0,"enemies":"Maw","floor":44,"turns":4},{"damage":0,"floor":45,"turns":2},{"damage":3,"enemies":"3 Darklings","floor":46,"turns":1},{"damage":0,"enemies":"4 Shapes","floor":48,"turns":1},{"damage":0,"enemies":"Awakened One","floor":50,"turns":6}],"seed_played":"9042137749875392319","potions_obtained":[{"floor":2.0,"key":"Explosive Potion"},{"floor":4.0,"key":"SpeedPotion"},{"floor":7.0,"key":"Ancient Potion"},{"floor":16.0,"key":"FocusPotion"},{"floor":20.0,"key":"EntropicBrew"},{"floor":33.0,"key":"SpeedPotion"},{"floor":42,"key":"FocusPotion"}],"is_trial":false,"path_per_floor":["M","M","M","M","M","R","M","?","T","M","E","M","R","M","R","B",null,"M","M","M","$","M","E","?","M","T","M","M","M","?","M","R","B",null,"M","M","M","M","M","E","M","M","T","M","?","M","?","M","R","B"],"character_chosen":"DEFECT","items_purchased":["Omamori","Blue Candle","Turnip","Boot","Singing Bowl","Juzu Bracelet"],"campfire_rested":5,"item_purchase_floors":[],"current_hp_per_floor":[66,56,62,60,58,85,69,69,69,69,53,53,80,80,92,66,92,88,88,88,88,88,75,46,46,46,39,39,39,39,32,46,48,54,54,53,53,54,54,42,44,53,53,54,56,53,53,55,58,58],"gold":1536,"neow_bonus":"","is_prod":false,"is_daily":true,"chose_seed":false,"campfire_upgraded":0,"win_rate":0,"timestamp":1530529893,"path_taken":["M","M","M","M","M","R","M","?","T","M","E","M","R","M","R","BOSS","M","M","M","$","M","E","?","M","T","M","M","M","?","M","R","BOSS","M","M","M","M","M","E","M","M","T","M","?","M","?","M","R","BOSS"],"build_version":"2018-06-28","purchased_purges":0,"victory":true,"max_hp_per_floor":[75,75,85,85,92,92,92,92,92,92,92,92,92,92,92,92,92,92,92,92,92,92,92,46,46,46,46,46,46,46,46,46,48,54,54,54,54,54,54,54,54,54,54,54,56,56,56,56,58,58],"card_choices":[{"not_picked":["Hologram","Steam","Reboot"],"picked":"SKIP","floor":11.0},{"not_picked":["Thunder Strike+1","Biased Cognition"],"picked":"Hyperbeam+1","floor":16.0},{"not_picked":["Consume","Tempest"],"picked":"Aggregate","floor":17.0},{"not_picked":["Leap","Conserve Battery"],"picked":"Aggregate","floor":17.0},{"not_picked":["Hologram","Barrage+1"],"picked":"Conserve Battery","floor":17.0},{"not_picked":["Streamline+1","Conserve Battery"],"picked":"Go for the Eyes+1","floor":17.0},{"not_picked":["Cold Snap+1","Stack"],"picked":"Go for the Eyes+1","floor":17.0},{"not_picked":["Steam Power","Go for the Eyes+1"],"picked":"Thunder Strike+1","floor":23.0},{"not_picked":["Multi-Cast","Core Surge+1","Hyperbeam+1"],"picked":"Singing Bowl","floor":33.0},{"not_picked":["Fission","Beam Cell+1"],"picked":"Hologram+1","floor":40},{"not_picked":["Undo","Cold Snap+1","Rebound+1"],"picked":"Singing Bowl","floor":45},{"not_picked":["Doom and Gloom+1","Compile Driver+1","Core Surge+1"],"picked":"Singing Bowl","floor":49}],"player_experience":31123,"relics_obtained":[{"floor":1.0,"key":"Lantern"},{"floor":2.0,"key":"Anchor"},{"floor":3.0,"key":"Pear"},{"floor":4.0,"key":"The Courier"},{"floor":5.0,"key":"Strawberry"},{"floor":7.0,"key":"Gremlin Horn"},{"floor":8.0,"key":"Odd Mushroom"},{"floor":9.0,"key":"Mercury Hourglass"},{"floor":10.0,"key":"Molten Egg 2"},{"floor":11.0,"key":"Ornamental Fan"},{"floor":12.0,"key":"Bottled Lightning"},{"floor":14.0,"key":"Whetstone"},{"floor":16.0,"key":"Potion Belt"},{"floor":18.0,"key":"Orichalcum"},{"floor":19.0,"key":"Centennial Puzzle"},{"floor":20.0,"key":"Bottled Flame"},{"floor":22.0,"key":"Bottled Tornado"},{"floor":23.0,"key":"Sundial"},{"floor":25.0,"key":"Oddly Smooth Stone"},{"floor":26.0,"key":"Regal Pillow"},{"floor":27.0,"key":"Darkstone Periapt"},{"floor":28.0,"key":"Letter Opener"},{"floor":29.0,"key":"Meat on the Bone"},{"floor":31.0,"key":"Bag of Marbles"},{"floor":33.0,"key":"Kunai"},{"floor":34.0,"key":"Tiny Chest"},{"floor":34.0,"key":"Matryoshka"},{"floor":34.0,"key":"Peace Pipe"},{"floor":35.0,"key":"Bronze Scales"},{"floor":36.0,"key":"Old Coin"},{"floor":37.0,"key":"Blood Vial"},{"floor":38.0,"key":"DataDisk"},{"floor":39,"key":"Dream Catcher"},{"floor":40,"key":"Ice Cream"},{"floor":41,"key":"Mummified Hand"},{"floor":42,"key":"Happy Flower"},{"floor":43,"key":"Bag of Preparation"},{"floor":43,"key":"Art of War"},{"floor":44,"key":"Ancient Tea Set"},{"floor":45,"key":"Prayer Wheel"},{"floor":46,"key":"Pen Nib"},{"floor":48,"key":"Vajra"}],"event_choices":[{"event_name":"Mushrooms","player_choice":"Fought Mushrooms","floor":8.0,"damage_taken":0.0},{"event_name":"Ghosts","player_choice":"Became a Ghost","floor":24.0,"damage_taken":0.0},{"event_name":"Beggar","player_choice":"Gave Gold","floor":30.0,"damage_taken":0.0},{"event_name":"MindBloom","player_choice":"Fight","floor":45,"damage_taken":0},{"event_name":"Fountain of Cleansing","player_choice":"Removed Curse","floor":47,"damage_taken":0}],"boss_relics":[{"not_picked":["Ectoplasm","Inserter"],"picked":"Orrery"},{"not_picked":["Black Star","Astrolabe"],"picked":"Calling Bell"}],"items_purged_floors":[],"is_endless":false,"potions_floor_spawned":[2,4,7,11,14,16,20,22,29,31,33,35,39,42,45,46],"ascension_level":0}