{"gold_per_floor":[209,209,49,69,81,142,142,155,155,180,180,206,102,102,102,193,193,207,207,57,72,85,85],"floor_reached":23,"playtime":801,"items_purged":["Strike_R","Writhe"],"score":366,"play_id":"e34cba02-ac72-4e69-bf7d-75f0c88c8e81","local_time":"20190207175356","is_ascension_mode":true,"campfire_choices":[{"floor":7,"key":"REST"},{"floor":11,"key":"REST"},{"floor":15,"key":"REST"}],"neow_cost":"NONE","seed_source_timestamp":448113289809635,"circlet_count":0,"master_deck":["AscendersBane","Bash+1","Clothesline","Corruption","Sentinel","Anger","Immolate","Whirlwind","Feel No Pain","Metallicize","True Grit","Impervious","Pommel Strike","Dropkick","Double Tap","Iron Wave","Entrench","Intimidate","Exhume","Sword Boomerang","Havoc+1"],"relics":["Burning Blood","Tiny Chest","Blood Vial","Mercury Hourglass","Boot","Golden Idol","Pandora\u0027s Box","Ancient Tea Set"],"potions_floor_usage":[6,10,12,22,23,23],"damage_taken":[{"damage":14,"enemies":"Small Slimes","floor":1,"turns":5},{"damage":2,"enemies":"Cultist","floor":4,"turns":4},{"damage":4,"enemies":"2 Louse","floor":5,"turns":4},{"damage":35,"enemies":"3 Sentries","floor":6,"turns":8},{"damage":10,"enemies":"Exordium Wildlife","floor":8,"turns":3},{"damage":19,"enemies":"Gremlin Nob","floor":10,"turns":5},{"damage":20,"enemies":"3 Sentries","floor":12,"turns":3},{"damage":32,"enemies":"Slime Boss","floor":16,"turns":11},{"damage":28,"enemies":"2 Thieves","floor":18,"turns":4},{"damage":0,"enemies":"3 Byrds","floor":21,"turns":2},{"damage":16,"enemies":"Shelled Parasite and Fungi","floor":22,"turns":6},{"damage":49,"enemies":"Gremlin Leader","floor":23,"turns":7}],"seed_played":"4133780004344361040","potions_obtained":[{"floor":4,"key":"Swift Potion"},{"floor":5,"key":"SkillPotion"},{"floor":8,"key":"Explosive Potion"},{"floor":16,"key":"Swift Potion"},{"floor":18,"key":"SpeedPotion"},{"floor":22,"key":"Ancient Potion"}],"is_trial":false,"path_per_floor":["M","?","$","M","M","E","R","M","T","E","R","E","$","?","R","B",null,"M","?","$","M","M","E"],"character_chosen":"IRONCLAD","items_purchased":["Corruption","Block Potion","Metallicize","True Grit","Block Potion"],"campfire_rested":3,"item_purchase_floors":[3,3,13,13,20],"current_hp_per_floor":[60,60,60,64,66,37,59,55,55,44,66,54,54,28,50,26,63,43,43,43,51,43,0],"gold":85,"neow_bonus":"HUNDRED_GOLD","is_prod":false,"is_daily":false,"chose_seed":false,"campfire_upgraded":0,"win_rate":0,"timestamp":1549580036,"path_taken":["M","?","$","M","M","E","R","M","T","E","R","E","?","?","R","BOSS","M","?","$","M","M","E"],"build_version":"2019-01-23","purchased_purges":2,"victory":false,"max_hp_per_floor":[75,75,75,75,75,75,75,75,75,75,75,75,75,75,75,75,75,75,75,75,75,75,75],"card_choices":[{"not_picked":["Thunderclap","Havoc"],"picked":"Clothesline","floor":1},{"not_picked":["Twin Strike","Blood for Blood"],"picked":"Sentinel","floor":4},{"not_picked":["Thunderclap","Bloodletting"],"picked":"Anger","floor":5},{"not_picked":["Second Wind","Battle Trance"],"picked":"Immolate","floor":6},{"not_picked":["Wild Strike","Anger","Clash"],"picked":"SKIP","floor":8},{"not_picked":["Thunderclap","Disarm"],"picked":"Whirlwind","floor":10},{"not_picked":["Carnage","Uppercut"],"picked":"Feel No Pain","floor":12},{"not_picked":["Reaper","Feed"],"picked":"Impervious","floor":16},{"not_picked":["Flex","Second Wind"],"picked":"Havoc+1","floor":18},{"not_picked":["Pommel Strike","Clothesline","Body Slam"],"picked":"SKIP","floor":21},{"not_picked":["Inflame","True Grit","Infernal Blade"],"picked":"SKIP","floor":22}],"player_experience":249543,"relics_obtained":[{"floor":6,"key":"Tiny Chest"},{"floor":9,"key":"Blood Vial"},{"floor":10,"key":"Mercury Hourglass"},{"floor":12,"key":"Boot"}],"event_choices":[{"damage_healed":0,"gold_gain":0,"player_choice":"Forge","damage_taken":0,"max_hp_gain":0,"max_hp_loss":0,"event_name":"Accursed Blacksmith","floor":2,"gold_loss":0,"cards_upgraded":["Bash"]},{"damage_healed":0,"gold_gain":0,"player_choice":"Take Damage","damage_taken":26,"relics_obtained":["Golden Idol"],"max_hp_gain":0,"max_hp_loss":0,"event_name":"Golden Idol","floor":14,"gold_loss":0},{"damage_healed":0,"gold_gain":0,"player_choice":"Opened","damage_taken":0,"relics_obtained":["Ancient Tea Set"],"max_hp_gain":0,"max_hp_loss":0,"event_name":"The Mausoleum","floor":19,"gold_loss":0,"cards_obtained":["Writhe"]}],"is_beta":false,"boss_relics":[{"not_picked":["Black Blood","Coffee Dripper"],"picked":"Pandora\u0027s Box"}],"items_purged_floors":[3,20],"is_endless":false,"potions_floor_spawned":[4,5,8,16,18,22],"killed_by":"Gremlin Leader","ascension_level":15}