{"gold_per_floor":[215,229,229,229,241,241,271,271,271,305,305,32,12],"floor_reached":13,"playtime":322,"items_purged":["Strike_B"],"score":182,"play_id":"6847c26a-8a6e-499d-8520-ef0ed1fe279a","local_time":"20190221141320","is_ascension_mode":true,"campfire_choices":[{"data":"Defragment","floor":6,"key":"SMITH"},{"floor":8,"key":"REST"}],"neow_cost":"NONE","seed_source_timestamp":5695474015992,"circlet_count":0,"master_deck":["AscendersBane","Strike_B","Strike_B","Defend_B","Defend_B","Defend_B","Defend_B","Zap","Dualcast","Sweeping Beam","Sweeping Beam","Defragment+1","Amplify","Conserve Battery","Defragment","Leap"],"relics":["Cracked Core","Letter Opener","Centennial Puzzle","Dream Catcher"],"potions_floor_usage":[7],"damage_taken":[{"damage":1,"enemies":"Small Slimes","floor":1,"turns":3},{"damage":0,"enemies":"2 Louse","floor":2,"turns":2},{"damage":1,"enemies":"Cultist","floor":5,"turns":3},{"damage":39,"enemies":"Gremlin Nob","floor":7,"turns":4},{"damage":20,"enemies":"Lagavulin","floor":10,"turns":6},{"damage":17,"enemies":"Exordium Thugs","floor":13,"turns":1}],"seed_played":"1996438586865777734","potions_obtained":[{"floor":5,"key":"FocusPotion"}],"is_trial":false,"path_per_floor":["M","M","?","?","M","R","E","R","T","E","?","$","M"],"character_chosen":"DEFECT","items_purchased":["Defragment","Dexterity Potion","Leap"],"campfire_rested":1,"item_purchase_floors":[12,12,12],"current_hp_per_floor":[63,63,56,56,55,55,16,37,37,17,17,17,0],"gold":12,"neow_bonus":"HUNDRED_GOLD","is_prod":false,"is_daily":false,"chose_seed":false,"campfire_upgraded":1,"win_rate":0,"timestamp":1550776400,"path_taken":["M","M","?","?","M","R","E","R","T","E","?","$","M"],"build_version":"2019-01-23","purchased_purges":1,"victory":false,"max_hp_per_floor":[71,71,71,71,71,71,71,71,71,71,71,71,71],"card_choices":[{"not_picked":["Rip and Tear","Darkness"],"picked":"Sweeping Beam","floor":1},{"not_picked":["Hologram","Melter"],"picked":"Sweeping Beam","floor":2},{"not_picked":["Cold Snap","Capacitor"],"picked":"Defragment","floor":5},{"not_picked":["Stack","Hello World"],"picked":"Amplify","floor":7},{"not_picked":["Heatsinks","Leap"],"picked":"Conserve Battery","floor":10}],"player_experience":323138,"relics_obtained":[{"floor":7,"key":"Letter Opener"},{"floor":9,"key":"Centennial Puzzle"},{"floor":10,"key":"Dream Catcher"}],"event_choices":[{"cards_removed":["Strike_B"],"damage_healed":0,"gold_gain":0,"player_choice":"Card Removal","damage_taken":7,"max_hp_gain":0,"max_hp_loss":0,"event_name":"Golden Wing","floor":3,"gold_loss":0},{"damage_healed":0,"gold_gain":0,"player_choice":"Ignored","damage_taken":0,"max_hp_gain":0,"max_hp_loss":0,"event_name":"Golden Idol","floor":4,"gold_loss":0},{"damage_healed":0,"gold_gain":0,"player_choice":"Ignored","damage_taken":0,"max_hp_gain":0,"max_hp_loss":0,"event_name":"Shining Light","floor":11,"gold_loss":0}],"is_beta":false,"boss_relics":[],"items_purged_floors":[12],"is_endless":false,"potions_floor_spawned":[5],"killed_by":"Exordium Thugs","ascension_level":20}