{"path_per_floor":["M","M","M","?","?","E","?","R","T","E","R","E","M","M","R","B",null,"M","$","?","M","?","R"],"character_chosen":"IRONCLAD","items_purchased":["Peace Pipe","Metallicize"],"gold_per_floor":[109,125,135,135,135,179,210,210,210,254,254,293,308,323,323,442,442,462,22,22,31,391,391],"floor_reached":24,"campfire_rested":2,"playtime":1081,"current_hp_per_floor":[79,73,73,73,73,44,29,53,53,40,40,55,61,64,64,52,80,80,80,80,80,40,64],"items_purged":["Injury"],"gold":391,"score":257,"play_id":"04079e88-0e07-46a0-a800-1348e8d5baa9","is_prod":false,"is_daily":false,"is_ascension_mode":true,"campfire_upgraded":2,"path_taken":["M","M","M","?","?","E","?","R","T","E","R","E","M","M","R","BOSS","M","$","?","M","?","R","E"],"build_version":"2018-02-15-PROD1","purchased_purges":1,"victory":false,"master_deck":["Strike_R","Strike_R","Strike_R","Strike_R","Defend_R","Defend_R","Defend_R","Defend_R","Bash","Flex","Carnage","Thunderclap","Iron Wave","Disarm","Armaments+1","Limit Break","Pummel","Metallicize+1","Fiend Fire","Metallicize","True Grit+1"],"max_hp_per_floor":[80,80,80,80,80,80,80,80,80,80,80,80,80,80,80,80,80,80,80,80,80,80,80],"relics":["Burning Blood","Golden Idol","Prayer Wheel","Odd Mushroom","Meat on the Bone","Thread and Needle","Bottled Lightning","Velvet Choker","Peace Pipe"],"card_choices":[{"not_picked":["Feel No Pain","Cleave"],"picked":"Flex"},{"not_picked":["Cleave","Seeing Red"],"picked":"Carnage"},{"not_picked":["Warcry","Perfected Strike"],"picked":"Thunderclap"},{"not_picked":["Entrench","Clothesline"],"picked":"Iron Wave"},{"not_picked":["Headbutt","Warcry"],"picked":"Disarm"},{"not_picked":["Disarm","Havoc"],"picked":"Armaments"},{"not_picked":["Sentinel","Havoc"],"picked":"Limit Break"},{"not_picked":["Warcry","Headbutt"],"picked":"Pummel"},{"not_picked":["Headbutt","True Grit"],"picked":"Metallicize"},{"not_picked":["Bludgeon","Dark Embrace"],"picked":"Fiend Fire"},{"not_picked":["Wild Strike","Heavy Blade"],"picked":"True Grit"}],"player_experience":125500,"potions_floor_usage":[7,16,24,24],"damage_taken":[{"damage":7,"enemies":"Small Slimes","floor":1,"turns":5},{"damage":12,"enemies":"Jaw Worm","floor":2,"turns":3},{"damage":6,"enemies":"Cultist","floor":3,"turns":3},{"damage":35,"enemies":"3 Sentries","floor":6,"turns":8},{"damage":21,"enemies":"The Mushroom Lair","floor":7,"turns":4},{"damage":31,"enemies":"Lagavulin","floor":10,"turns":6},{"damage":3,"enemies":"3 Sentries","floor":12,"turns":9},{"damage":0,"enemies":"Large Slime","floor":13,"turns":5},{"damage":3,"enemies":"Looter","floor":14,"turns":3},{"damage":30,"enemies":"Slime Boss","floor":16,"turns":9},{"damage":0,"enemies":"Chosen","floor":18,"turns":6},{"damage":0,"enemies":"2 Thieves","floor":21,"turns":4},{"damage":68,"enemies":"Gremlin Leader","floor":24,"turns":7}],"event_choices":[{"event_name":"The Cleric","player_choice":"Leave","floor":4,"damage_taken":0},{"event_name":"Golden Idol","player_choice":"Take Wound","floor":5,"damage_taken":0},{"event_name":"Mushrooms","player_choice":"Fought Mushrooms","floor":7,"damage_taken":0},{"event_name":"The Lab","player_choice":"Got Potions","floor":20,"damage_taken":0},{"event_name":"Knowing Skull","player_choice":"GOLD GOLD GOLD GOLD ","floor":22,"damage_taken":0}],"boss_relics":[{"not_picked":["Black Blood","Astrolabe"],"picked":"Velvet Choker"}],"potions_floor_spawned":[2,7,14,16,18],"seed_played":"5957969938080476836","killed_by":"Gremlin Leader","ascension_level":4,"is_trial":false}