{"gold_per_floor":[112,112,125,125,142,175,188,188,188,188,188,202,213,223,223,223],"floor_reached":16,"playtime":932,"items_purged":[],"score":103,"play_id":"d9b7eb2c-92e4-4464-abce-357d131044f0","local_time":"20190212111357","is_ascension_mode":false,"campfire_choices":[{"floor":8,"key":"REST"},{"floor":10,"key":"REST"},{"floor":15,"key":"RECALL"}],"neow_cost":"NONE","seed_source_timestamp":342785277529900,"circlet_count":0,"master_deck":["Strike_B","Strike_B","Strike_B","Strike_B","Defend_B","Defend_B","Defend_B","Defend_B","Zap","Dualcast","Go for the Eyes","Scrape+1","Coolheaded","Cold Snap","Coolheaded","Beam Cell"],"relics":["Cracked Core","NeowsBlessing","Ancient Tea Set","Spirit Poop","Darkstone Periapt","DataDisk"],"potions_floor_usage":[],"damage_taken":[{"damage":0,"enemies":"Jaw Worm","floor":1,"turns":1},{"damage":0,"enemies":"Cultist","floor":3,"turns":1},{"damage":0,"enemies":"Small Slimes","floor":5,"turns":1},{"damage":52,"enemies":"3 Sentries","floor":6,"turns":10},{"damage":4,"enemies":"Red Slaver","floor":7,"turns":3},{"damage":0,"enemies":"Blue Slaver","floor":12,"turns":2},{"damage":0,"enemies":"2 Fungi Beasts","floor":13,"turns":4},{"damage":0,"enemies":"Large Slime","floor":14,"turns":6},{"damage":63,"enemies":"Hexaghost","floor":16,"turns":17}],"seed_played":"-4012586430274048256","potions_obtained":[{"floor":3,"key":"Swift Potion"},{"floor":6,"key":"Strength Potion"},{"floor":14,"key":"Ancient Potion"}],"is_trial":false,"path_per_floor":["M","?","M","?","M","E","M","R","T","R","?","M","M","M","R","B"],"character_chosen":"DEFECT","items_purchased":[],"campfire_rested":2,"item_purchase_floors":[],"current_hp_per_floor":[75,75,75,75,75,23,19,41,41,63,63,63,63,63,63,0],"gold":223,"neow_bonus":"THREE_ENEMY_KILL","is_prod":false,"is_daily":false,"chose_seed":false,"campfire_upgraded":0,"win_rate":0,"timestamp":1549966437,"path_taken":["M","?","M","?","?","E","M","R","T","R","?","?","M","M","R","BOSS"],"build_version":"2019-02-06","purchased_purges":0,"victory":false,"max_hp_per_floor":[75,75,75,75,75,75,75,75,75,75,75,75,75,75,75,75],"card_choices":[{"not_picked":["Coolheaded","Reinforced Body"],"picked":"Go for the Eyes","floor":1},{"not_picked":["Turbo","Buffer","Melter"],"picked":"SKIP","floor":3},{"not_picked":["Rebound","Redo"],"picked":"Scrape","floor":5},{"not_picked":["Biased Cognition","Compile Driver","Redo"],"picked":"SKIP","floor":6},{"not_picked":["Reprogram","Redo"],"picked":"Coolheaded","floor":7},{"not_picked":["Ball Lightning","Conserve Battery"],"picked":"Cold Snap","floor":12},{"not_picked":["Heatsinks","Compile Driver"],"picked":"Coolheaded","floor":13},{"not_picked":["Core Surge","Go for the Eyes"],"picked":"Beam Cell","floor":14}],"player_experience":209259,"relics_obtained":[{"floor":6,"key":"Darkstone Periapt"},{"floor":9,"key":"DataDisk"}],"event_choices":[{"damage_healed":0,"gold_gain":0,"player_choice":"Box","damage_taken":0,"relics_obtained":["Ancient Tea Set"],"max_hp_gain":0,"max_hp_loss":0,"event_name":"Big Fish","floor":2,"gold_loss":0,"cards_obtained":["Regret"]},{"cards_removed":["Regret"],"damage_healed":0,"gold_gain":0,"player_choice":"Offered Curse","damage_taken":0,"relics_obtained":["Spirit Poop"],"max_hp_gain":0,"max_hp_loss":0,"event_name":"Bonfire Elementals","floor":4,"gold_loss":0},{"damage_healed":0,"gold_gain":0,"player_choice":"Forge","damage_taken":0,"max_hp_gain":0,"max_hp_loss":0,"event_name":"Accursed Blacksmith","floor":11,"gold_loss":0,"cards_upgraded":["Scrape"]}],"is_beta":true,"boss_relics":[],"items_purged_floors":[],"is_endless":false,"potions_floor_spawned":[3,6,14],"killed_by":"Hexaghost","ascension_level":0}