{"gold_per_floor":[110,110,33,52,29,29,29,39,62,62,73,73,73,90,90,193,193,203,203,219,239,249,249,249,274,298,298,312,331,46,56,56,151,151,161,161,261,261,279,279,279,279,302,302,24,24,40,52,52,52],"floor_reached":51,"playtime":3519,"items_purged":[],"score":905,"play_id":"c607a614-0f93-4f13-a041-848a8ad24362","local_time":"20181212203923","is_ascension_mode":true,"campfire_choices":[{"data":"Zap","floor":6.0,"key":"SMITH"},{"data":"Dualcast","floor":10.0,"key":"SMITH"},{"data":"White Noise","floor":13.0,"key":"SMITH"},{"data":"Barrage","floor":15.0,"key":"SMITH"},{"floor":23.0,"key":"REST"},{"floor":27.0,"key":"REST"},{"data":"Double Energy","floor":32.0,"key":"SMITH"},{"data":"Leap","floor":40.0,"key":"SMITH"},{"data":"Leap","floor":44.0,"key":"SMITH"},{"floor":49.0,"key":"REST"}],"neow_cost":"NONE","seed_source_timestamp":0,"circlet_count":0,"master_deck":["Strike_B+1","Defend_B+1","Defend_B","Defend_B","Defend_B","Zap+1","Dualcast+1","Barrage+1","Reprogram","Self Repair","Conserve Battery","Go for the Eyes","Cold Snap","White Noise+1","Leap+1","Echo Form","Hologram+1","Ball Lightning","Double Energy+1","Coolheaded","Leap+1","Doom and Gloom","Multi-Cast","Seek","Consume+1","Chill","Defragment+1","Madness","Defragment","Conserve Battery+1"],"special_seed":0,"relics":["Cracked Core","NeowsBlessing","Happy Flower","Juzu Bracelet","Nuclear Battery","Meat on the Bone","Bronze Scales","Omamori","Cursed Key","Dead Branch","Potion Belt","Vajra","Kunai"],"potions_floor_usage":[50],"damage_taken":[{"damage":0.0,"enemies":"Small Slimes","floor":1.0,"turns":1.0},{"damage":0.0,"enemies":"Cultist","floor":4.0,"turns":1.0},{"damage":0.0,"enemies":"2 Louse","floor":8.0,"turns":1.0},{"damage":0.0,"enemies":"2 Fungi Beasts","floor":11.0,"turns":3.0},{"damage":0.0,"enemies":"Large Slime","floor":14.0,"turns":3.0},{"damage":19.0,"enemies":"The Guardian","floor":16.0,"turns":12.0},{"damage":27.0,"enemies":"2 Thieves","floor":18.0,"turns":5.0},{"damage":28.0,"enemies":"Chosen","floor":20.0,"turns":6.0},{"damage":28.0,"enemies":"Snake Plant","floor":21.0,"turns":5.0},{"damage":8.0,"enemies":"Centurion and Healer","floor":22.0,"turns":7.0},{"damage":25.0,"enemies":"Slavers","floor":25.0,"turns":6.0},{"damage":10.0,"enemies":"Cultist and Chosen","floor":28.0,"turns":5.0},{"damage":0.0,"enemies":"Chosen and Byrds","floor":29.0,"turns":4.0},{"damage":20.0,"enemies":"Shelled Parasite and Fungi","floor":31.0,"turns":4.0},{"damage":36.0,"enemies":"Champ","floor":33.0,"turns":7.0},{"damage":11.0,"enemies":"3 Shapes","floor":35.0,"turns":6.0},{"damage":15.0,"enemies":"Mind Bloom Boss Battle","floor":37.0,"turns":7.0},{"damage":16.0,"enemies":"Orb Walker","floor":39.0,"turns":3.0},{"damage":14.0,"enemies":"Maw","floor":47.0,"turns":7.0},{"damage":0.0,"enemies":"Spire Growth","floor":48.0,"turns":4.0},{"damage":66,"enemies":"Awakened One","floor":50,"turns":14}],"seed_played":"2493429235553415324","potions_obtained":[{"floor":4.0,"key":"SteroidPotion"},{"floor":8.0,"key":"EntropicBrew"},{"floor":11.0,"key":"Swift Potion"},{"floor":16.0,"key":"Regen Potion"},{"floor":22.0,"key":"SkillPotion"},{"floor":25.0,"key":"EntropicBrew"},{"floor":28.0,"key":"Swift Potion"},{"floor":33.0,"key":"SkillPotion"},{"floor":35.0,"key":"FearPotion"},{"floor":37.0,"key":"FocusPotion"},{"floor":47.0,"key":"SkillPotion"}],"is_trial":false,"path_per_floor":["M","?","$","M","$","R","?","M","T","R","M","?","R","M","R","B",null,"M","?","M","M","M","R","?","E","T","R","M","M","$","M","R","B",null,"M","$","?","?","M","R","?","?","T","R","$","?","M","M","R","B",null],"character_chosen":"DEFECT","items_purchased":["Self Repair","Go for the Eyes","Multi-Cast","Omamori","Defragment","Kunai"],"campfire_rested":3,"item_purchase_floors":[3,5,30,30,45,45],"current_hp_per_floor":[68,68,68,68,68,68,56,56,56,56,63,48,48,55,55,50,69,49,49,43,29,28,50,36,25,25,49,58,58,58,64,64,63,76,72,72,64,64,62,62,52,52,52,52,52,52,57,57,80,26],"gold":52,"neow_bonus":"THREE_ENEMY_KILL","is_prod":false,"is_daily":false,"chose_seed":false,"campfire_upgraded":7,"win_rate":0,"timestamp":1544621963,"path_taken":["M","?","?","M","$","R","?","M","T","R","M","?","R","M","R","BOSS","M","?","M","M","M","R","?","E","T","R","M","M","$","M","R","BOSS","M","$","?","?","M","R","?","?","T","R","$","?","M","M","R","BOSS"],"build_version":"2018-12-06","purchased_purges":0,"victory":true,"max_hp_per_floor":[75,75,75,75,75,75,75,75,75,75,75,75,75,75,75,75,75,75,75,75,75,75,75,80,80,80,80,80,80,80,80,80,80,80,80,80,80,80,80,80,80,80,80,80,80,80,80,80,80,80],"card_choices":[{"not_picked":["Stack","Reinforced Body"],"picked":"Barrage","floor":1.0},{"not_picked":["Double Energy","Rebound"],"picked":"Conserve Battery","floor":4.0},{"not_picked":["Streamline","Hologram"],"picked":"Cold Snap","floor":8.0},{"not_picked":["Turbo","Genetic Algorithm"],"picked":"White Noise","floor":11.0},{"not_picked":["Gash","Rebound"],"picked":"Leap","floor":14.0},{"not_picked":["Meteor Strike","All For One"],"picked":"Echo Form","floor":16.0},{"not_picked":["Steam Power+1","Undo"],"picked":"Hologram+1","floor":18.0},{"not_picked":["Reinforced Body","Heatsinks"],"picked":"Ball Lightning","floor":20.0},{"not_picked":["Turbo","Beam Cell+1"],"picked":"Double Energy","floor":21.0},{"not_picked":["Turbo","Skim"],"picked":"Coolheaded","floor":22.0},{"not_picked":["Double Energy","Turbo"],"picked":"Leap","floor":25.0},{"not_picked":["Conserve Battery+1","Gash+1"],"picked":"Doom and Gloom","floor":28.0},{"not_picked":["Compile Driver","Genetic Algorithm","Hologram"],"picked":"SKIP","floor":29.0},{"not_picked":["Streamline+1","Rebound","Genetic Algorithm"],"picked":"SKIP","floor":31.0},{"not_picked":["Electrodynamics","Hyperbeam"],"picked":"Seek","floor":33.0},{"not_picked":["Turbo","Darkness+1"],"picked":"Consume+1","floor":35.0},{"not_picked":["Beam Cell+1","Coolheaded"],"picked":"Chill","floor":37.0},{"not_picked":["Redo","Blizzard+1"],"picked":"Defragment+1","floor":39.0},{"not_picked":["Gash","Hologram+1"],"picked":"Conserve Battery+1","floor":47.0},{"not_picked":["Undo+1","Conserve Battery","Coolheaded"],"picked":"SKIP","floor":48.0}],"player_experience":210800,"relics_obtained":[{"floor":9.0,"key":"Juzu Bracelet"},{"floor":25.0,"key":"Meat on the Bone"},{"floor":26.0,"key":"Bronze Scales"},{"floor":37.0,"key":"Dead Branch"},{"floor":43.0,"key":"Vajra"}],"event_choices":[{"damage_healed":0.0,"max_hp_gain":0.0,"max_hp_loss":0.0,"gold_gain":0.0,"cards_transformed":["Strike_B"],"event_name":"Transmorgrifier","player_choice":"Transformed","floor":2.0,"gold_loss":0.0,"damage_taken":0.0,"cards_obtained":["Reprogram"]},{"damage_healed":0.0,"max_hp_gain":0.0,"max_hp_loss":0.0,"gold_gain":0.0,"event_name":"Scrap Ooze","player_choice":"Success","floor":7.0,"gold_loss":0.0,"damage_taken":12.0,"relics_obtained":["Happy Flower"]},{"damage_healed":0.0,"max_hp_gain":0.0,"max_hp_loss":0.0,"gold_gain":0.0,"event_name":"Shining Light","player_choice":"Entered Light","floor":12.0,"gold_loss":0.0,"damage_taken":15.0,"cards_upgraded":["Strike_B","Defend_B"]},{"cards_removed":["Strike_B"],"damage_healed":0.0,"max_hp_gain":0.0,"max_hp_loss":0.0,"gold_gain":0.0,"event_name":"Purifier","player_choice":"Purged","floor":19.0,"gold_loss":0.0,"damage_taken":0.0},{"damage_healed":0.0,"max_hp_gain":5.0,"max_hp_loss":0.0,"gold_gain":0.0,"event_name":"Forgotten Altar","player_choice":"Shed Blood","floor":24.0,"gold_loss":0.0,"damage_taken":19.0},{"damage_healed":0.0,"max_hp_gain":0.0,"max_hp_loss":0.0,"gold_gain":0.0,"event_name":"MindBloom","player_choice":"Fight","floor":37.0,"gold_loss":0.0,"damage_taken":0.0},{"damage_healed":0.0,"max_hp_gain":0.0,"max_hp_loss":0.0,"gold_gain":0.0,"event_name":"Mysterious Sphere","player_choice":"Ignored","floor":38.0,"gold_loss":0.0,"damage_taken":0.0},{"damage_healed":0.0,"max_hp_gain":0.0,"max_hp_loss":0.0,"gold_gain":0.0,"event_name":"Winding Halls","player_choice":"Embrace Madness","floor":41.0,"gold_loss":0.0,"damage_taken":10.0,"cards_obtained":["Madness","Madness"]},{"cards_removed":["Madness"],"damage_healed":0.0,"max_hp_gain":0.0,"max_hp_loss":0.0,"gold_gain":0.0,"event_name":"WeMeetAgain","player_choice":"Gave Card","floor":42.0,"gold_loss":0.0,"damage_taken":0.0,"relics_obtained":["Potion Belt"]},{"cards_removed":["Strike_B"],"damage_healed":0.0,"max_hp_gain":0.0,"max_hp_loss":0.0,"gold_gain":0.0,"event_name":"Falling","player_choice":"Removed Attack","floor":46.0,"gold_loss":0.0,"damage_taken":0.0}],"is_beta":false,"boss_relics":[{"not_picked":["Busted Crown","Tiny House"],"picked":"Nuclear Battery"},{"not_picked":["Orrery","Astrolabe"],"picked":"Cursed Key"}],"items_purged_floors":[],"is_endless":false,"potions_floor_spawned":[4,8,11,16,22,25,28,33,35,37,47],"ascension_level":9}