{"path_per_floor":["M","?","M","M","M","E","R","?","T","R","?","$","E","M","R","B",null,"M","?","M","?","?","R","E","M","T","?","R","$","M","M","R","B",null,"M","?","M","M","M","R","M","R","T","E","?","R","M","?","R"],"character_chosen":"DEFECT","items_purchased":["Defragment","Cold Snap","Omamori","FocusPotion"],"gold_per_floor":[109,109,128,147,160,187,187,152,203,203,278,112,141,155,155,253,253,273,273,291,291,325,325,356,376,400,400,400,171,184,195,195,293,293,308,308,327,345,356,356,366,366,366,394,394,394,409,509,509,509],"floor_reached":50,"campfire_rested":4,"playtime":1992,"item_purchase_floors":[12,12,29,29],"current_hp_per_floor":[75,68,67,66,53,37,37,55,55,55,44,44,35,18,40,30,75,70,56,47,31,16,40,29,41,41,41,41,41,47,50,50,39,80,80,80,52,25,52,52,41,65,65,38,90,90,60,60,87,0],"items_purged":["Strike_B"],"gold":509,"score":552,"play_id":"fb26782d-5c7f-4968-a30e-cb142841a318","local_time":"20180602120309","is_prod":false,"is_daily":false,"chose_seed":false,"is_ascension_mode":true,"campfire_upgraded":6,"win_rate":0,"timestamp":1527958989,"campfire_choices":[{"data":"Chaos","floor":7,"key":"SMITH"},{"data":"Fusion","floor":10,"key":"SMITH"},{"floor":15,"key":"REST"},{"floor":23,"key":"REST"},{"data":"Defragment","floor":28,"key":"SMITH"},{"data":"Zap","floor":32,"key":"SMITH"},{"data":"Thunder Strike","floor":40,"key":"SMITH"},{"floor":42,"key":"REST"},{"data":"Machine Learning","floor":46,"key":"SMITH"},{"floor":49,"key":"REST"}],"path_taken":["M","?","M","M","?","E","R","?","T","R","?","$","E","M","R","BOSS","M","?","M","?","?","R","E","M","T","?","R","$","M","M","R","BOSS","M","?","M","M","M","R","M","R","T","E","?","R","M","?","R","BOSS"],"build_version":"2018-05-31","seed_source_timestamp":1412126172946373,"purchased_purges":1,"victory":false,"master_deck":["Defend_B","Defend_B","Defend_B+1","Zap+1","Dualcast+1","Compile Driver","Chaos+1","Static Discharge","Fusion+1","Defragment+1","Cold Snap+1","Ball Lightning","Rebound+1","Sweeping Beam+1","Storm+1","Static Discharge","Melter+1","Storm+1","Seek","Fission","Thunder Strike+1","Storm+1","Loop+1","Machine Learning+1","Self Repair+1"],"max_hp_per_floor":[75,75,75,75,75,75,75,75,75,75,75,75,75,75,75,75,75,75,80,80,80,80,80,80,80,80,80,80,80,80,80,80,80,80,80,80,80,80,80,80,80,80,80,80,90,90,90,90,90,90],"relics":["Cracked Core","Bottled Tornado","Potion Belt","Astrolabe","Enchiridion","Red Mask","Meat on the Bone","Bag of Marbles","Nloth\u0027s Gift","Omamori","Lizard Tail","Whetstone","Bronze Scales"],"card_choices":[{"not_picked":["Streamline","Rebound"],"picked":"Compile Driver","floor":1},{"not_picked":["Chill","Leap"],"picked":"Chaos","floor":3},{"not_picked":["Compile Driver","Tempest","Aggregate"],"picked":"SKIP","floor":4},{"not_picked":["Ball Lightning","Steam"],"picked":"Static Discharge","floor":5},{"not_picked":["Coolheaded","Conserve Battery"],"picked":"Fusion","floor":6},{"not_picked":["Biased Cognition","Streamline"],"picked":"Ball Lightning","floor":13},{"not_picked":["Auto Shields","Steam","Cold Snap"],"picked":"SKIP","floor":14},{"not_picked":["Rainbow","Seek"],"picked":"Multi-Cast","floor":16},{"not_picked":["Scrape","Leap"],"picked":"Storm+1","floor":18},{"not_picked":["Streamline","Compile Driver"],"picked":"Static Discharge","floor":20},{"not_picked":["Gash","Rebound"],"picked":"Melter","floor":22},{"not_picked":["Go for the Eyes","Rebound"],"picked":"Storm+1","floor":24},{"not_picked":["Barrage","Scrape","Gash"],"picked":"SKIP","floor":25},{"not_picked":["Cold Snap","Steam+1","Ball Lightning+1"],"picked":"SKIP","floor":30},{"not_picked":["Scrape","Compile Driver"],"picked":"Seek","floor":31},{"not_picked":["Rainbow","Seek"],"picked":"Fission","floor":33},{"not_picked":["Streamline","Consume","Turbo"],"picked":"SKIP","floor":35},{"not_picked":["Conserve Battery","Leap"],"picked":"Thunder Strike","floor":37},{"not_picked":["Rebound","Hello World","Hologram"],"picked":"SKIP","floor":38},{"not_picked":["Hologram","Lockon"],"picked":"Storm+1","floor":39},{"not_picked":["Cold Snap+1","Scrape+1"],"picked":"Loop+1","floor":41},{"not_picked":["Cold Snap+1","Streamline+1"],"picked":"Machine Learning","floor":44},{"not_picked":["Turbo+1","Lockon+1"],"picked":"Self Repair+1","floor":47}],"player_experience":329003,"potions_floor_usage":[18,22,22,25,37,39,44,50,50,50,50],"damage_taken":[{"damage":0,"enemies":"Small Slimes","floor":1,"turns":3},{"damage":1,"enemies":"Jaw Worm","floor":3,"turns":3},{"damage":1,"enemies":"2 Louse","floor":4,"turns":2},{"damage":13,"enemies":"2 Fungi Beasts","floor":5,"turns":3},{"damage":16,"enemies":"3 Sentries","floor":6,"turns":6},{"damage":9,"enemies":"Lagavulin","floor":13,"turns":6},{"damage":17,"enemies":"Gremlin Gang","floor":14,"turns":4},{"damage":10,"enemies":"Hexaghost","floor":16,"turns":10},{"damage":5,"enemies":"Spheric Guardian","floor":18,"turns":4},{"damage":9,"enemies":"3 Byrds","floor":20,"turns":2},{"damage":15,"enemies":"Masked Bandits","floor":22,"turns":3},{"damage":11,"enemies":"Gremlin Leader","floor":24,"turns":5},{"damage":0,"enemies":"Snecko","floor":25,"turns":3},{"damage":6,"enemies":"Sentry and Sphere","floor":30,"turns":2},{"damage":9,"enemies":"Centurion and Healer","floor":31,"turns":2},{"damage":23,"enemies":"Automaton","floor":33,"turns":5},{"damage":0,"enemies":"Orb Walker","floor":35,"turns":2},{"damage":40,"enemies":"3 Darklings","floor":37,"turns":3},{"damage":39,"enemies":"Maw","floor":38,"turns":6},{"damage":27,"enemies":"Sphere and 2 Shapes","floor":39,"turns":3},{"damage":11,"enemies":"3 Darklings","floor":41,"turns":3},{"damage":39,"enemies":"2 Orb Walkers","floor":44,"turns":3},{"damage":30,"enemies":"Maw","floor":47,"turns":5},{"damage":91,"enemies":"Donu and Deca","floor":50,"turns":4}],"relics_obtained":[{"floor":6,"key":"Bottled Tornado"},{"floor":9,"key":"Potion Belt"},{"floor":13,"key":"War Paint"},{"floor":21,"key":"Enchiridion"},{"floor":22,"key":"Red Mask"},{"floor":24,"key":"Meat on the Bone"},{"floor":26,"key":"Bag of Marbles"},{"floor":43,"key":"Whetstone"},{"floor":44,"key":"Bronze Scales"}],"event_choices":[{"event_name":"Golden Wing","player_choice":"Card Removal","floor":2,"damage_taken":0},{"event_name":"The Cleric","player_choice":"Healed","floor":8,"damage_taken":0},{"event_name":"World of Goop","player_choice":"Gather Gold","floor":11,"damage_taken":0},{"event_name":"Forgotten Altar","player_choice":"Shed Blood","floor":19,"damage_taken":0},{"event_name":"Cursed Tome","player_choice":"Obtained Book","floor":21,"damage_taken":0},{"event_name":"Masked Bandits","player_choice":"Fought over 291 gold","floor":22,"damage_taken":0},{"event_name":"N\u0027loth","player_choice":"Traded a War Paint","floor":27,"damage_taken":0},{"event_name":"Bonfire Elementals","player_choice":"RARE","floor":45,"damage_taken":0},{"event_name":"Golden Shrine","player_choice":"Pray","floor":48,"damage_taken":0}],"boss_relics":[{"not_picked":["Runic Pyramid","Runic Dome"],"picked":"Astrolabe"},{"not_picked":["Orrery","Snecko Eye"],"picked":"Lizard Tail"}],"items_purged_floors":[12],"potions_floor_spawned":[6,13,14,16,24,25,30,35,38,39,41],"seed_played":"5796144736469481110","killed_by":"Donu and Deca","ascension_level":1,"potions_obtained":[{"floor":6,"key":"Ancient Potion"},{"floor":13,"key":"Weak Potion"},{"floor":14,"key":"EssenceOfSteel"},{"floor":16,"key":"Block Potion"},{"floor":24,"key":"Block Potion"},{"floor":25,"key":"Explosive Potion"},{"floor":30,"key":"SkillPotion"},{"floor":35,"key":"Energy Potion"},{"floor":38,"key":"Ancient Potion"},{"floor":39,"key":"EssenceOfSteel"}],"is_trial":false}