{"gold_per_floor":[109,127,138,8,58,58,85,85,85,85,115,129,145,170,170,244,244,256,275,78,91,32,32,63,75,126,126,126,161,161,161,161,239,239,250,250,150,25,44,44,44,44,44,64,64,64,64,75,75,75],"floor_reached":51,"playtime":1787,"items_purged":["Strike_R","Strike_R","Strike_R"],"score":1315,"play_id":"9e701dae-7ada-42f7-97bd-a8b1a7177d49","local_time":"20181011125709","is_ascension_mode":true,"campfire_choices":[{"data":"Combust","floor":6,"key":"SMITH"},{"data":"Clothesline","floor":8,"key":"SMITH"},{"data":"Fiend Fire","floor":10,"key":"SMITH"},{"data":"Pommel Strike","floor":15,"key":"SMITH"},{"data":"Disarm","floor":23,"key":"SMITH"},{"floor":28,"key":"REST"},{"floor":30,"key":"REST"},{"data":"Uppercut","floor":32,"key":"SMITH"},{"data":"Limit Break","floor":40,"key":"SMITH"},{"data":"Offering","floor":42,"key":"SMITH"},{"data":"Heavy Blade","floor":45,"key":"SMITH"},{"data":"Sword Boomerang","floor":49,"key":"SMITH"}],"neow_cost":"NONE","seed_source_timestamp":304113810199467,"circlet_count":0,"master_deck":["Strike_R","Strike_R","Defend_R","Defend_R","Defend_R","Defend_R","Bash+1","AscendersBane","Sword Boomerang+1","Clothesline+1","Shrug It Off","Combust+1","Spot Weakness+1","Fiend Fire+1","Pommel Strike+1","Uppercut+1","Shrug It Off","Reckless Charge","Offering+1","Pommel Strike+1","Disarm+1","Feel No Pain","Limit Break+1","Heavy Blade+1"],"relics":["Burning Blood","Gremlin Horn","Odd Mushroom","Busted Crown","WingedGreaves","Self Forming Clay","Regal Pillow","Nloth\u0027s Gift","Darkstone Periapt","Snecko Eye","Art of War","Question Card"],"potions_floor_usage":[11,14,24,25,50,50],"damage_taken":[{"damage":7,"enemies":"Jaw Worm","floor":1,"turns":3},{"damage":1,"enemies":"Cultist","floor":2,"turns":3},{"damage":10,"enemies":"Small Slimes","floor":3,"turns":3},{"damage":24,"enemies":"3 Sentries","floor":7,"turns":5},{"damage":6,"enemies":"Gremlin Nob","floor":11,"turns":3},{"damage":3,"enemies":"Looter","floor":12,"turns":3},{"damage":3,"enemies":"2 Fungi Beasts","floor":13,"turns":2},{"damage":8,"enemies":"The Mushroom Lair","floor":14,"turns":3},{"damage":45,"enemies":"The Guardian","floor":16,"turns":8},{"damage":6,"enemies":"Spheric Guardian","floor":18,"turns":1},{"damage":8,"enemies":"Chosen","floor":19,"turns":4},{"damage":14,"enemies":"Centurion and Healer","floor":21,"turns":5},{"damage":12,"enemies":"Book of Stabbing","floor":24,"turns":4},{"damage":16,"enemies":"Snecko","floor":25,"turns":3},{"damage":53,"enemies":"Gremlin Leader","floor":29,"turns":4},{"damage":56,"enemies":"Collector","floor":33,"turns":7},{"damage":7,"enemies":"3 Shapes","floor":35,"turns":2},{"damage":6,"enemies":"Orb Walker","floor":39,"turns":2},{"damage":6,"enemies":"Sphere and 2 Shapes","floor":44,"turns":2},{"damage":6,"enemies":"Maw","floor":48,"turns":4},{"damage":46,"enemies":"Awakened One","floor":50,"turns":6}],"seed_played":"7938432993587950680","potions_obtained":[{"floor":1,"key":"FearPotion"},{"floor":12,"key":"SteroidPotion"},{"floor":16,"key":"SkillPotion"},{"floor":21,"key":"Strength Potion"},{"floor":29,"key":"SteroidPotion"},{"floor":33,"key":"EssenceOfSteel"},{"floor":48,"key":"Strength Potion"}],"is_trial":false,"path_per_floor":["M","M","M","$","?","R","E","R","T","R","E","M","M","?","R","B",null,"M","M","$","M","?","R","E","M","T","?","R","E","R","?","R","B",null,"M","?","$","$","M","R","?","R","T","M","R","$","T","M","R","B"],"character_chosen":"IRONCLAD","items_purchased":["Combust","Spot Weakness","Disarm","Feel No Pain"],"campfire_rested":2,"item_purchase_floors":[4,4,20,20],"current_hp_per_floor":[67,72,68,68,68,68,50,50,50,50,50,53,56,54,54,15,60,60,58,58,50,50,50,44,34,34,34,71,24,61,61,61,11,59,58,58,58,58,58,58,58,58,58,58,58,58,58,58,58,18],"gold":75,"neow_bonus":"UPGRADE_CARD","is_prod":false,"is_daily":false,"chose_seed":false,"campfire_upgraded":10,"win_rate":0,"timestamp":1539277029,"path_taken":["M","M","M","$","?","R","E","R","T","R","E","M","M","?","R","BOSS","M","M","$","M","?","R","E","M","T","?","R","E","R","?","R","BOSS","M","?","?","$","?","R","?","R","T","M","R","$","?","?","R","BOSS"],"build_version":"2018-10-04v2","purchased_purges":3,"victory":true,"max_hp_per_floor":[75,75,75,75,75,75,75,75,75,75,75,75,75,75,75,75,75,75,75,75,75,75,75,75,75,75,75,75,75,75,75,75,75,75,75,75,75,75,75,75,71,71,71,71,71,71,71,71,71,71],"card_choices":[{"not_picked":["Warcry","Body Slam"],"picked":"Sword Boomerang","floor":1},{"not_picked":["Sentinel","Iron Wave"],"picked":"Clothesline","floor":2},{"not_picked":["Ghostly Armor","Thunderclap"],"picked":"Shrug It Off","floor":3},{"not_picked":["Shrug It Off","Clothesline"],"picked":"Fiend Fire","floor":7},{"not_picked":["Bloodletting","Iron Wave"],"picked":"Pommel Strike","floor":11},{"not_picked":["Bloodletting","Blood for Blood"],"picked":"Uppercut","floor":12},{"not_picked":["Second Wind","True Grit"],"picked":"Shrug It Off","floor":13},{"not_picked":["Body Slam","Cleave"],"picked":"Reckless Charge","floor":14},{"not_picked":["Exhume","Barricade"],"picked":"Offering","floor":16},{"not_picked":[],"picked":"Pommel Strike+1","floor":18},{"not_picked":["Perfected Strike"],"picked":"SKIP","floor":19},{"not_picked":["Headbutt"],"picked":"SKIP","floor":21},{"not_picked":["Perfected Strike"],"picked":"SKIP","floor":24},{"not_picked":["Cleave"],"picked":"SKIP","floor":25},{"not_picked":["Sword Boomerang"],"picked":"SKIP","floor":29},{"not_picked":[],"picked":"Limit Break","floor":33},{"not_picked":["Wild Strike"],"picked":"SKIP","floor":35},{"not_picked":["Dual Wield"],"picked":"SKIP","floor":39},{"not_picked":[],"picked":"Heavy Blade","floor":44},{"not_picked":["Bloodletting","Reckless Charge+1"],"picked":"SKIP","floor":48}],"player_experience":546512,"relics_obtained":[{"floor":9,"key":"Blue Candle"},{"floor":11,"key":"Gremlin Horn"},{"floor":14,"key":"Odd Mushroom"},{"floor":24,"key":"Self Forming Clay"},{"floor":26,"key":"Regal Pillow"},{"floor":29,"key":"Darkstone Periapt"},{"floor":43,"key":"Art of War"},{"floor":47,"key":"Question Card"}],"event_choices":[{"event_name":"Golden Shrine","player_choice":"Pray","floor":5,"damage_taken":0},{"event_name":"Mushrooms","player_choice":"Fought Mushrooms","floor":14,"damage_taken":0},{"event_name":"WeMeetAgain","player_choice":"Gold","floor":22,"damage_taken":0},{"event_name":"N\u0027loth","player_choice":"Traded a Blue Candle","floor":27,"damage_taken":0},{"event_name":"Upgrade Shrine","player_choice":"Upgraded","floor":31,"damage_taken":0},{"event_name":"SensoryStone","player_choice":"Memory 1","floor":36,"damage_taken":0},{"event_name":"Winding Halls","player_choice":"Max HP","floor":41,"damage_taken":0}],"is_beta":false,"boss_relics":[{"not_picked":["Black Blood","Empty Cage"],"picked":"Busted Crown"},{"not_picked":["Black Star","Orrery"],"picked":"Snecko Eye"}],"items_purged_floors":[20,37,38],"is_endless":false,"potions_floor_spawned":[1,12,16,21,29,33,39,44,48],"ascension_level":18}