{"gold_per_floor":[115,66,66,16,36,71,71,22,46,71,141,141,157,208,208,311,311,321,321,331,331,331,331,349,349,423,439,439,471,483],"floor_reached":30,"playtime":1455,"items_purged":[],"score":279,"play_id":"a0db6d5a-f792-4a7b-a2bd-606d10f6f8d2","local_time":"20190218131616","is_ascension_mode":false,"campfire_choices":[{"data":"Sweeping Beam","floor":7,"key":"SMITH"},{"floor":15,"key":"REST"},{"data":"Genetic Algorithm","floor":23,"key":"SMITH"},{"data":"Cold Snap","floor":25,"key":"SMITH"}],"neow_cost":"NONE","seed_source_timestamp":297971161120500,"circlet_count":0,"master_deck":["Strike_B","Strike_B","Strike_B","Defend_B","Defend_B","Defend_B","Defend_B","Zap","Dualcast","Sweeping Beam+1","Leap","Scrape","Cold Snap","Gash","Cold Snap+1","Genetic Algorithm+1","Melter+1","Ball Lightning+1","Decay","Cold Snap+1","Cold Snap+1","Gash+1"],"relics":["Cracked Core","Blood Vial","Kunai","Orichalcum","Bag of Preparation","Incense Burner","Molten Egg 2","Regal Pillow","Black Star","Pantograph","MawBank","Mummified Hand"],"potions_floor_usage":[29],"damage_taken":[{"damage":0,"enemies":"2 Louse","floor":1,"turns":2},{"damage":2,"enemies":"Jaw Worm","floor":5,"turns":2},{"damage":25,"enemies":"3 Sentries","floor":6,"turns":8},{"damage":24,"enemies":"Lagavulin","floor":10,"turns":7},{"damage":0,"enemies":"Small Slimes","floor":13,"turns":2},{"damage":36,"enemies":"Hexaghost","floor":16,"turns":16},{"damage":3,"enemies":"Shell Parasite","floor":18,"turns":9},{"damage":18,"enemies":"2 Thieves","floor":20,"turns":5},{"damage":21,"enemies":"Shelled Parasite and Fungi","floor":24,"turns":5},{"damage":11,"enemies":"Centurion and Healer","floor":27,"turns":7},{"damage":27,"enemies":"Slavers","floor":29,"turns":8},{"damage":5,"enemies":"Snake Plant","floor":30,"turns":1}],"seed_played":"-362950542210216599","potions_obtained":[{"floor":5,"key":"Ancient Potion"},{"floor":6,"key":"EssenceOfSteel"},{"floor":10,"key":"FearPotion"}],"is_trial":false,"path_per_floor":["M","$","?","?","M","E","R","$","T","E","T","?","M","T","R","B",null,"M","$","M","?","?","R","M","R","T","M","?","E","M"],"character_chosen":"DEFECT","items_purchased":["Leap","Gash"],"campfire_rested":1,"item_purchase_floors":[2,8],"current_hp_per_floor":[75,75,75,75,73,50,50,50,50,28,28,28,30,30,67,33,75,72,72,56,56,56,56,37,37,37,28,28,3,0],"gold":483,"neow_bonus":"RANDOM_COMMON_RELIC","is_prod":false,"is_daily":false,"chose_seed":false,"campfire_upgraded":3,"win_rate":0,"timestamp":1550492176,"path_taken":["M","$","?","?","M","E","R","?","T","E","?","?","?","?","R","BOSS","M","$","M","?","?","R","?","R","T","M","?","E","?"],"build_version":"2019-02-06","purchased_purges":0,"victory":false,"max_hp_per_floor":[75,75,75,75,75,75,75,75,75,75,75,75,75,75,75,75,75,75,75,75,75,75,75,75,75,75,75,75,75,75],"card_choices":[{"not_picked":["Compile Driver","Rip and Tear"],"picked":"Sweeping Beam","floor":1},{"not_picked":["BootSequence","Stack"],"picked":"Scrape","floor":5},{"not_picked":["FTL","Sweeping Beam"],"picked":"Cold Snap","floor":6},{"not_picked":["Glacier","Aggregate"],"picked":"Cold Snap","floor":10},{"not_picked":["Consume","Stack"],"picked":"Genetic Algorithm","floor":13},{"not_picked":["Stack","Scrape+1"],"picked":"Melter+1","floor":18},{"not_picked":["Leap+1","Beam Cell+1"],"picked":"Ball Lightning+1","floor":20},{"not_picked":["Compile Driver+1","Hologram"],"picked":"Cold Snap+1","floor":24},{"not_picked":["Rebound+1","Beam Cell+1"],"picked":"Cold Snap+1","floor":27},{"not_picked":["Stack","Hyperbeam+1","Glacier"],"picked":"SKIP","floor":29}],"player_experience":224770,"relics_obtained":[{"floor":6,"key":"Orichalcum"},{"floor":9,"key":"Bag of Preparation"},{"floor":10,"key":"Incense Burner"},{"floor":11,"key":"Molten Egg 2"},{"floor":14,"key":"Regal Pillow"},{"floor":26,"key":"Pantograph"},{"floor":29,"key":"MawBank"},{"floor":29,"key":"Mummified Hand"}],"event_choices":[{"damage_healed":0,"gold_gain":0,"player_choice":"Box","damage_taken":0,"relics_obtained":["Kunai"],"max_hp_gain":0,"max_hp_loss":0,"event_name":"Big Fish","floor":3,"gold_loss":0,"cards_obtained":["Regret"]},{"cards_removed":["Regret"],"damage_healed":0,"gold_gain":0,"player_choice":"Card Removal","damage_taken":0,"max_hp_gain":0,"max_hp_loss":0,"event_name":"The Cleric","floor":4,"gold_loss":50},{"cards_removed":["Strike_B"],"damage_healed":0,"gold_gain":0,"player_choice":"Offered Basic","damage_taken":0,"max_hp_gain":0,"max_hp_loss":0,"event_name":"Bonfire Elementals","floor":12,"gold_loss":0},{"damage_healed":0,"gold_gain":0,"player_choice":"Smashed Altar","damage_taken":0,"max_hp_gain":0,"max_hp_loss":0,"event_name":"Forgotten Altar","floor":21,"gold_loss":0,"cards_obtained":["Decay"]},{"damage_healed":0,"gold_gain":0,"player_choice":"Bought 0 Potions","damage_taken":0,"max_hp_gain":0,"max_hp_loss":0,"event_name":"The Woman in Blue","floor":22,"gold_loss":0},{"damage_healed":0,"gold_gain":0,"player_choice":"Copied","damage_taken":0,"max_hp_gain":0,"max_hp_loss":0,"event_name":"Duplicator","floor":28,"gold_loss":0,"cards_obtained":["Gash"]}],"is_beta":true,"boss_relics":[{"not_picked":["White Beast Statue","Busted Crown"],"picked":"Black Star"}],"items_purged_floors":[],"is_endless":false,"potions_floor_spawned":[5,6,10,16,20,24,27],"killed_by":"Snake Plant","ascension_level":0}