{"gold_per_floor":[116,39,39,39,59,102,120,134,134,134,147,147,15,85,85,85],"floor_reached":16,"playtime":547,"items_purged":[],"score":215,"play_id":"598f567c-8a21-4603-9609-131e99edf2f0","local_time":"20190224185431","is_ascension_mode":true,"campfire_choices":[{"data":"Feed","floor":10,"key":"SMITH"},{"floor":12,"key":"REST"},{"floor":15,"key":"REST"}],"neow_cost":"TEN_PERCENT_HP_LOSS","seed_source_timestamp":0,"circlet_count":0,"master_deck":["AscendersBane","Strike_R","Strike_R","Strike_R","Strike_R","Strike_R","Defend_R","Defend_R","Defend_R","Defend_R","Bash","Iron Wave","Inflame","Injury","Armaments","Feed+1","Entrench","Body Slam","Corruption","Clothesline","Metallicize","Intimidate"],"special_seed":0,"relics":["Burning Blood","Unceasing Top","Golden Idol","Matryoshka","Anchor","Prayer Wheel","Tiny Chest"],"potions_floor_usage":[7,14],"damage_taken":[{"damage":4.0,"enemies":"Small Slimes","floor":1.0,"turns":4.0},{"damage":6,"enemies":"2 Louse","floor":5,"turns":4},{"damage":51,"enemies":"Gremlin Nob","floor":6,"turns":5},{"damage":7,"enemies":"Cultist","floor":7,"turns":5},{"damage":18,"enemies":"2 Fungi Beasts","floor":8,"turns":8},{"damage":7,"enemies":"Large Slime","floor":11,"turns":6},{"damage":29,"enemies":"Lagavulin","floor":14,"turns":10},{"damage":46,"enemies":"Hexaghost","floor":16,"turns":9}],"seed_played":"-7076716709659594146","potions_obtained":[{"floor":6,"key":"Regen Potion"},{"floor":11,"key":"Dexterity Potion"}],"is_trial":false,"path_per_floor":["M","$","?","?","M","E","M","M","T","R","M","R","$","E","R","B"],"character_chosen":"IRONCLAD","items_purchased":["Inflame","Metallicize","Energy Potion"],"campfire_rested":2,"item_purchase_floors":[2,13,13],"current_hp_per_floor":[68,68,68,68,68,23,39,27,27,27,26,47,47,24,45,0],"gold":85,"neow_bonus":"ONE_RARE_RELIC","is_prod":false,"is_daily":false,"chose_seed":false,"campfire_upgraded":1,"win_rate":0,"timestamp":1551052471,"path_taken":["M","$","?","?","M","E","M","M","T","R","M","R","$","E","R","BOSS"],"build_version":"2019-01-23","purchased_purges":0,"victory":false,"max_hp_per_floor":[68,68,68,68,68,68,71,71,71,71,71,71,71,71,71,71],"card_choices":[{"not_picked":["Havoc","Sword Boomerang"],"picked":"Iron Wave","floor":1.0},{"not_picked":["Iron Wave","Flex"],"picked":"Armaments","floor":5},{"not_picked":["Headbutt","Wild Strike"],"picked":"Feed","floor":6},{"not_picked":["Headbutt","Flex"],"picked":"Entrench","floor":7},{"not_picked":["Rage","Pummel"],"picked":"Body Slam","floor":8},{"not_picked":["Evolve","Clothesline"],"picked":"Corruption","floor":11},{"not_picked":["Sword Boomerang","Iron Wave"],"picked":"Clothesline","floor":11},{"not_picked":["Cleave","Thunderclap"],"picked":"Intimidate","floor":14}],"player_experience":330794,"relics_obtained":[{"floor":6,"key":"Matryoshka"},{"floor":9,"key":"Anchor"},{"floor":9,"key":"Prayer Wheel"},{"floor":14,"key":"Tiny Chest"}],"event_choices":[{"damage_healed":0.0,"max_hp_gain":0.0,"max_hp_loss":0.0,"gold_gain":0.0,"event_name":"Golden Idol","player_choice":"Take Wound","floor":3.0,"gold_loss":0.0,"damage_taken":0.0,"relics_obtained":["Golden Idol"],"cards_obtained":["Injury"]},{"damage_healed":0,"gold_gain":0,"player_choice":"Ignored","damage_taken":0,"max_hp_gain":0,"max_hp_loss":0,"event_name":"Shining Light","floor":4,"gold_loss":0}],"is_beta":false,"boss_relics":[],"items_purged_floors":[],"is_endless":false,"potions_floor_spawned":[6,11],"killed_by":"Hexaghost","ascension_level":19}