{"gold_per_floor":[211,211,31,48,61,61,88,150,150,150],"floor_reached":10,"playtime":538,"items_purged":["Strike_G"],"score":76,"play_id":"ce201b82-2dbc-47a7-bd35-deeaf2bac426","local_time":"20190210222732","is_ascension_mode":true,"campfire_choices":[{"data":"Neutralize","floor":6,"key":"SMITH"}],"neow_cost":"NONE","seed_source_timestamp":23459901108943,"circlet_count":0,"master_deck":["Defend_G","Defend_G","Defend_G","Defend_G","Defend_G","Strike_G","Strike_G","Strike_G","Strike_G","Survivor","Neutralize+1","Quick Slash","Dagger Spray","Well Laid Plans","Dagger Spray","PiercingWail","Masterful Stab","Predator"],"relics":["Ring of the Snake","Matryoshka","Toxic Egg 2","Question Card","Blue Candle"],"potions_floor_usage":[7,7],"damage_taken":[{"damage":6,"enemies":"Cultist","floor":1,"turns":5},{"damage":7,"enemies":"2 Louse","floor":4,"turns":2},{"damage":0,"enemies":"Small Slimes","floor":5,"turns":2},{"damage":26,"enemies":"Lagavulin","floor":7,"turns":8},{"damage":30,"enemies":"3 Sentries","floor":8,"turns":6},{"damage":15,"enemies":"2 Fungi Beasts","floor":10,"turns":2}],"seed_played":"-5142224173691501251","potions_obtained":[{"floor":1,"key":"Block Potion"},{"floor":5,"key":"Explosive Potion"},{"floor":7,"key":"EssenceOfSteel"}],"is_trial":false,"path_per_floor":["M","$","$","M","M","R","E","?","T","M"],"character_chosen":"THE_SILENT","items_purchased":["Dagger Spray","Well Laid Plans"],"campfire_rested":0,"item_purchase_floors":[3,3],"current_hp_per_floor":[64,64,64,57,57,57,31,1,1,0],"gold":150,"neow_bonus":"HUNDRED_GOLD","is_prod":false,"is_daily":false,"chose_seed":false,"campfire_upgraded":1,"win_rate":0,"timestamp":1549812452,"path_taken":["M","?","$","M","M","R","E","?","T","M"],"build_version":"2019-01-23","purchased_purges":1,"victory":false,"max_hp_per_floor":[70,70,70,70,70,70,70,70,70,70],"card_choices":[{"not_picked":["Noxious Fumes","Bane"],"picked":"Quick Slash","floor":1},{"not_picked":["PiercingWail","Blade Dance"],"picked":"Dagger Spray","floor":4},{"not_picked":["Quick Slash","Blade Dance"],"picked":"PiercingWail","floor":5},{"not_picked":["Poisoned Stab","Noxious Fumes"],"picked":"Masterful Stab","floor":7},{"not_picked":["Dagger Spray","Outmaneuver+1"],"picked":"Predator","floor":8}],"player_experience":334186,"relics_obtained":[{"floor":7,"key":"Matryoshka"},{"floor":9,"key":"Question Card"},{"floor":9,"key":"Blue Candle"}],"event_choices":[{"damage_healed":0,"gold_gain":0,"player_choice":"Searched \u00272\u0027 times","damage_taken":0,"relics_obtained":["Toxic Egg 2"],"max_hp_gain":0,"max_hp_loss":0,"event_name":"Dead Adventurer","floor":8,"gold_loss":0}],"is_beta":false,"boss_relics":[],"items_purged_floors":[3],"is_endless":false,"potions_floor_spawned":[1,5,7],"killed_by":"2 Fungi Beasts","ascension_level":3}