{"path_per_floor":["M","M","?","M","M","R","E","$","T","M","M"],"character_chosen":"DEFECT","items_purchased":["Static Discharge"],"gold_per_floor":[12,23,90,105,124,124,155,0,0,17,32,32],"floor_reached":12,"campfire_rested":0,"playtime":416,"item_purchase_floors":[8],"current_hp_per_floor":[75,69,69,64,61,61,29,29,29,24,15,0],"items_purged":["Strike_B"],"gold":32,"score":82,"play_id":"8d5f7c17-3ff8-45a4-95d3-b6abaaa09d8f","local_time":"20180602132337","is_prod":false,"is_daily":false,"chose_seed":false,"is_ascension_mode":false,"campfire_upgraded":0,"win_rate":0,"timestamp":1527963817,"campfire_choices":[{"data":"1","floor":6,"key":"LIFT"}],"path_taken":["M","M","?","M","M","R","E","$","T","M","M","E"],"build_version":"2018-05-31","seed_source_timestamp":1418530578162896,"purchased_purges":1,"victory":false,"master_deck":["Strike_B","Strike_B","Strike_B","Defend_B","Defend_B","Defend_B","Defend_B","Zap","Dualcast","Streamline","Cold Snap","Capacitor","Redo","Conserve Battery","Static Discharge","Consume","Static Discharge"],"max_hp_per_floor":[75,75,75,75,75,75,75,75,75,75,75,75],"relics":["Cracked Core","Girya","Dream Catcher","Pantograph"],"card_choices":[{"not_picked":["Turbo","Stack"],"picked":"Streamline","floor":1},{"not_picked":["Beam Cell","Rip and Tear"],"picked":"Cold Snap","floor":2},{"not_picked":["Compile Driver","Streamline"],"picked":"Capacitor","floor":4},{"not_picked":["Cold Snap","Sweeping Beam"],"picked":"Redo","floor":5},{"not_picked":["Coolheaded","Lockon"],"picked":"Conserve Battery","floor":7},{"not_picked":["Beam Cell","Streamline"],"picked":"Consume","floor":10},{"not_picked":["Scrape","Blizzard"],"picked":"Static Discharge","floor":11}],"player_experience":334225,"potions_floor_usage":[12,12],"damage_taken":[{"damage":0,"enemies":"Cultist","floor":1,"turns":3},{"damage":6,"enemies":"Jaw Worm","floor":2,"turns":3},{"damage":5,"enemies":"Small Slimes","floor":4,"turns":3},{"damage":3,"enemies":"Looter","floor":5,"turns":3},{"damage":32,"enemies":"Lagavulin","floor":7,"turns":7},{"damage":5,"enemies":"Blue Slaver","floor":10,"turns":4},{"damage":9,"enemies":"Large Slime","floor":11,"turns":5},{"damage":19,"enemies":"Gremlin Nob","floor":12,"turns":3}],"relics_obtained":[{"floor":7,"key":"Dream Catcher"},{"floor":9,"key":"Pantograph"}],"event_choices":[{"event_name":"Golden Wing","player_choice":"Gained Gold","floor":3,"damage_taken":0}],"boss_relics":[],"items_purged_floors":[8],"potions_floor_spawned":[1,2,4,11],"seed_played":"-2626125780036951660","killed_by":"Gremlin Nob","ascension_level":0,"potions_obtained":[{"floor":1,"key":"FocusPotion"},{"floor":2,"key":"SmokeBomb"},{"floor":4,"key":"AttackPotion"},{"floor":11,"key":"Swift Potion"}],"is_trial":false}