{"gold_per_floor":[115,135,151,151,121,121,133,163,163,163,198,198,224,240,240,317,317,333,347,361,361,379,379,111,111,111,123,123,136,165,180,180,257,257,273,49,49,60,76,107,107,137,188,12,31,56,72,83,83,83],"floor_reached":51,"playtime":2448,"items_purged":["Strike_G","Strike_G"],"score":1464,"play_id":"bc604821-ba8c-4f11-b5d8-845b295aa107","local_time":"20180930220718","is_ascension_mode":true,"campfire_choices":[{"data":"Cloak And Dagger","floor":6,"key":"SMITH"},{"data":"1","floor":10,"key":"LIFT"},{"data":"2","floor":12,"key":"LIFT"},{"data":"3","floor":15,"key":"LIFT"},{"floor":23,"key":"REST"},{"data":"Glass Knife","floor":25,"key":"SMITH"},{"data":"After Image","floor":32,"key":"SMITH"},{"floor":41,"key":"REST"},{"data":"Footwork","floor":49,"key":"SMITH"}],"neow_cost":"TEN_PERCENT_HP_LOSS","seed_source_timestamp":617203381294991,"circlet_count":0,"master_deck":["Defend_G","Defend_G","Defend_G","Defend_G","Defend_G","Strike_G","Strike_G","Strike_G+1","Survivor+1","Neutralize","AscendersBane","After Image+1","Cloak And Dagger+1","Calculated Gamble","Flying Knee","Footwork+1","Terror+1","Well Laid Plans","Cloak And Dagger","Dodge and Roll","Glass Knife+1","RitualDagger","Backstab","Sucker Punch","Dagger Throw+1","Unload","Noxious Fumes","Crippling Poison","Dodge and Roll","Dodge and Roll","Corpse Explosion","Wraith Form v2","Concentrate","Dash"],"relics":["Ring of the Snake","Girya","Pear","War Paint","Unceasing Top","Busted Crown","Happy Flower","Mercury Hourglass","Ancient Tea Set","White Beast Statue","Oddly Smooth Stone","Pantograph","Ice Cream","Whetstone","Du-Vu Doll"],"potions_floor_usage":[4,8,30,33,33,39,40,45,46,50],"damage_taken":[{"damage":0,"enemies":"Cultist","floor":1,"turns":5},{"damage":3,"enemies":"Jaw Worm","floor":2,"turns":6},{"damage":0,"enemies":"2 Louse","floor":3,"turns":2},{"damage":0,"enemies":"Lots of Slimes","floor":4,"turns":1},{"damage":0,"enemies":"Looter","floor":5,"turns":4},{"damage":2,"enemies":"Exordium Wildlife","floor":7,"turns":7},{"damage":23,"enemies":"3 Sentries","floor":8,"turns":11},{"damage":4,"enemies":"Lagavulin","floor":11,"turns":7},{"damage":4,"enemies":"3 Sentries","floor":13,"turns":9},{"damage":2,"enemies":"Gremlin Gang","floor":14,"turns":5},{"damage":19,"enemies":"Hexaghost","floor":16,"turns":8},{"damage":0,"enemies":"3 Byrds","floor":18,"turns":5},{"damage":0,"enemies":"Spheric Guardian","floor":19,"turns":3},{"damage":23,"enemies":"Snake Plant","floor":20,"turns":4},{"damage":1,"enemies":"Shelled Parasite and Fungi","floor":22,"turns":4},{"damage":7,"enemies":"Snecko","floor":27,"turns":4},{"damage":0,"enemies":"3 Cultists","floor":29,"turns":4},{"damage":4,"enemies":"Book of Stabbing","floor":30,"turns":4},{"damage":0,"enemies":"Snake Plant","floor":31,"turns":1},{"damage":29,"enemies":"Automaton","floor":33,"turns":8},{"damage":2,"enemies":"3 Shapes","floor":35,"turns":4},{"damage":0,"enemies":"Orb Walker","floor":38,"turns":2},{"damage":9,"enemies":"3 Darklings","floor":39,"turns":5},{"damage":9,"enemies":"2 Orb Walkers","floor":40,"turns":3},{"damage":0,"enemies":"Nemesis","floor":42,"turns":5},{"damage":2,"enemies":"Spire Growth","floor":45,"turns":4},{"damage":0,"enemies":"2 Orb Walkers","floor":46,"turns":4},{"damage":0,"enemies":"Reptomancer","floor":47,"turns":3},{"damage":0,"enemies":"Transient","floor":48,"turns":5},{"damage":28,"enemies":"Donu and Deca","floor":50,"turns":4}],"seed_played":"864964222498016569","potions_obtained":[{"floor":2,"key":"Regen Potion"},{"floor":3,"key":"SmokeBomb"},{"floor":7,"key":"Poison Potion"},{"floor":8,"key":"Strength Potion"},{"floor":14,"key":"LiquidBronze"},{"floor":31,"key":"AttackPotion"},{"floor":35,"key":"GamblersBrew"},{"floor":38,"key":"Strength Potion"},{"floor":39,"key":"Block Potion"},{"floor":40,"key":"PowerPotion"},{"floor":45,"key":"Strength Potion"},{"floor":46,"key":"LiquidBronze"},{"floor":47,"key":"GhostInAJar"}],"is_trial":false,"path_per_floor":["M","M","M","M","M","R","M","E","T","R","E","R","E","M","R","B",null,"M","M","M","?","M","R","$","R","T","M","?","M","E","M","R","B",null,"M","$","?","M","M","E","R","E","T","$","M","E","M","M","R","B"],"character_chosen":"THE_SILENT","items_purchased":["Sucker Punch","Happy Flower","Noxious Fumes","Oddly Smooth Stone","Wraith Form v2"],"campfire_rested":2,"item_purchase_floors":[24,24,36,36,44],"current_hp_per_floor":[59,56,56,56,56,56,54,46,56,56,52,52,48,46,46,27,59,59,59,36,30,29,50,50,50,50,43,43,43,39,39,39,10,55,53,53,53,53,44,35,56,56,56,56,54,54,54,54,54,42],"gold":83,"neow_bonus":"THREE_RARE_CARDS","is_prod":false,"is_daily":false,"chose_seed":false,"campfire_upgraded":4,"win_rate":0,"timestamp":1538359638,"path_taken":["M","M","M","M","M","R","M","E","T","R","E","R","E","M","R","BOSS","M","?","M","?","M","R","$","R","T","M","?","?","E","?","R","BOSS","M","?","?","M","M","E","R","E","T","$","?","E","M","M","R","BOSS"],"build_version":"2018-09-27","purchased_purges":2,"victory":true,"max_hp_per_floor":[60,60,60,60,60,60,60,60,70,70,70,70,70,70,70,70,70,70,70,70,70,70,70,70,70,70,70,70,70,70,70,70,70,70,70,70,70,70,70,70,70,70,70,70,70,70,70,70,70,70],"card_choices":[{"not_picked":["Grand Finale","Storm of Steel"],"picked":"After Image","floor":0},{"not_picked":["Dagger Throw","Flying Knee"],"picked":"Cloak And Dagger","floor":1},{"not_picked":["Blade Dance","Acrobatics"],"picked":"Quick Slash","floor":2},{"not_picked":["Slice","PiercingWail"],"picked":"Calculated Gamble","floor":3},{"not_picked":["Poisoned Stab","Acrobatics"],"picked":"Flying Knee","floor":5},{"not_picked":["PiercingWail","Blur"],"picked":"Footwork","floor":7},{"not_picked":["Quick Slash","Poisoned Stab"],"picked":"Terror","floor":8},{"not_picked":["Eviscerate","Venomology"],"picked":"Well Laid Plans","floor":11},{"not_picked":["Underhanded Strike","Backflip"],"picked":"Cloak And Dagger","floor":13},{"not_picked":["Masterful Stab","Acrobatics"],"picked":"Dodge and Roll","floor":14},{"not_picked":["Night Terror","Phantasmal Killer"],"picked":"Glass Knife","floor":16},{"not_picked":["Calculated Gamble"],"picked":"SKIP","floor":18},{"not_picked":["Underhanded Strike"],"picked":"SKIP","floor":19},{"not_picked":["Escape Plan"],"picked":"SKIP","floor":20},{"not_picked":[],"picked":"Backstab","floor":22},{"not_picked":["Poisoned Stab"],"picked":"SKIP","floor":27},{"not_picked":[],"picked":"Dagger Throw","floor":29},{"not_picked":["Outmaneuver"],"picked":"SKIP","floor":30},{"not_picked":["Heel Hook"],"picked":"SKIP","floor":31},{"not_picked":[],"picked":"Unload","floor":33},{"not_picked":["Outmaneuver"],"picked":"SKIP","floor":35},{"not_picked":[],"picked":"Crippling Poison","floor":38},{"not_picked":[],"picked":"Dodge and Roll","floor":39},{"not_picked":[],"picked":"Dodge and Roll","floor":40},{"not_picked":[],"picked":"Corpse Explosion","floor":42},{"not_picked":[],"picked":"Concentrate","floor":45},{"not_picked":[],"picked":"Dash","floor":46},{"not_picked":["PiercingWail"],"picked":"SKIP","floor":47},{"not_picked":["Bouncing Flask"],"picked":"SKIP","floor":48}],"player_experience":527459,"relics_obtained":[{"floor":8,"key":"Girya"},{"floor":9,"key":"Pear"},{"floor":11,"key":"War Paint"},{"floor":13,"key":"Unceasing Top"},{"floor":26,"key":"Mercury Hourglass"},{"floor":30,"key":"Ancient Tea Set"},{"floor":40,"key":"Pantograph"},{"floor":42,"key":"Ice Cream"},{"floor":43,"key":"Whetstone"},{"floor":46,"key":"Du-Vu Doll"}],"event_choices":[{"event_name":"Nest","player_choice":"Joined the Cult","floor":21,"damage_taken":0},{"event_name":"FaceTrader","player_choice":"Leave","floor":28,"damage_taken":0},{"event_name":"Falling","player_choice":"Removed Attack","floor":37,"damage_taken":0}],"is_beta":false,"boss_relics":[{"not_picked":["Snecko Eye","Fusion Hammer"],"picked":"Busted Crown"},{"not_picked":["Empty Cage","Astrolabe"],"picked":"White Beast Statue"}],"items_purged_floors":[24,44],"is_endless":false,"potions_floor_spawned":[2,3,7,8,14,18,22,31,35,38,39,40,42,45,46,47,48],"ascension_level":15}