{"gold_per_floor":[367,379,389,339,18,50,50,77,104,137,137,137,60,60,60,158,158,168,168,168,168,83,109,109,136,136,150,150,75,75,89,89,188,188,206,216,216,231,231,243,278,278,302,302,302,65,92,105,105,105],"floor_reached":51,"playtime":2295,"items_purged":["Defend_B","Defend_B"],"score":1211,"play_id":"b9b78c5f-1dfe-4990-ba1a-66d832cf8616","local_time":"20180710010327","is_ascension_mode":true,"campfire_choices":[{"data":"Hologram","floor":7,"key":"SMITH"},{"floor":12,"key":"REST"},{"data":"Beam Cell","floor":15,"key":"SMITH"},{"data":"Self Repair","floor":24,"key":"SMITH"},{"data":"Reboot","floor":28,"key":"SMITH"},{"data":"Chill","floor":32,"key":"SMITH"},{"floor":42,"key":"REST"},{"floor":45,"key":"REST"},{"data":"Creative AI","floor":49,"key":"SMITH"}],"neow_cost":"TEN_PERCENT_HP_LOSS","seed_source_timestamp":1320157955716326,"circlet_count":0,"master_deck":["Defend_B","Zap","Dualcast","AscendersBane","Beam Cell+1","Conserve Battery","Go for the Eyes","Gash","Hologram+1","Compile Driver","Sunder","Chill+1","Reboot+1","Rainbow+1","Machine Learning+1","Turbo+1","Conserve Battery","Self Repair+1","Steam+1","Echo Form","Double Energy","Go for the Eyes+1","Finesse","Bandage Up","Secret Technique","Storm","Creative AI+1"],"relics":["Cracked Core","Torii","Bronze Scales","Dream Catcher","Anchor","Centennial Puzzle","Astrolabe","Lantern","Bottled Tornado","Ginger","Mummified Hand","Busted Crown","Singing Bowl","Happy Flower","Cables"],"potions_floor_usage":[6,8,23,31,38,40,50,50],"damage_taken":[{"damage":2,"enemies":"Jaw Worm","floor":1,"turns":3},{"damage":0,"enemies":"Small Slimes","floor":2,"turns":2},{"damage":1,"enemies":"Cultist","floor":3,"turns":3},{"damage":9,"enemies":"Lagavulin","floor":6,"turns":7},{"damage":10,"enemies":"Gremlin Nob","floor":8,"turns":3},{"damage":12,"enemies":"Lagavulin","floor":10,"turns":8},{"damage":29,"enemies":"Hexaghost","floor":16,"turns":9},{"damage":0,"enemies":"3 Byrds","floor":18,"turns":3},{"damage":15,"enemies":"Slavers","floor":23,"turns":3},{"damage":7,"enemies":"Book of Stabbing","floor":25,"turns":5},{"damage":0,"enemies":"Chosen","floor":27,"turns":3},{"damage":7,"enemies":"Snake Plant","floor":31,"turns":2},{"damage":55,"enemies":"Champ","floor":33,"turns":11},{"damage":1,"enemies":"Orb Walker","floor":35,"turns":4},{"damage":0,"enemies":"3 Shapes","floor":36,"turns":3},{"damage":0,"enemies":"3 Darklings","floor":38,"turns":7},{"damage":40,"enemies":"Sphere and 2 Shapes","floor":40,"turns":5},{"damage":35,"enemies":"2 Orb Walkers","floor":41,"turns":6},{"damage":0,"enemies":"Nemesis","floor":47,"turns":4},{"damage":15,"enemies":"Maw","floor":48,"turns":6},{"damage":44,"enemies":"Donu and Deca","floor":50,"turns":7}],"seed_played":"7805031608070548442","potions_obtained":[{"floor":3,"key":"Swift Potion"},{"floor":6,"key":"AttackPotion"},{"floor":16,"key":"Ancient Potion"},{"floor":25,"key":"Poison Potion"},{"floor":27,"key":"Weak Potion"},{"floor":35,"key":"SkillPotion"},{"floor":36,"key":"SteroidPotion"},{"floor":38,"key":"SkillPotion"},{"floor":44,"key":"Strength Potion"}],"is_trial":false,"path_per_floor":["M","M","M","?","$","E","R","E","T","E","?","R","$","?","R","B",null,"M","?","?","?","?","E","R","E","T","M","R","$","?","M","R","B",null,"M","M","?","M","?","M","E","R","T","?","R","$","E","M","R","B"],"character_chosen":"DEFECT","items_purchased":["Torii","Gash","Chill","Creative AI"],"campfire_rested":3,"item_purchase_floors":[5,5,13,46],"current_hp_per_floor":[66,66,65,65,65,56,56,46,46,34,34,54,54,54,54,25,57,57,57,45,69,69,54,54,57,57,67,67,67,67,60,60,15,59,58,73,63,73,73,47,32,56,56,56,79,79,81,82,82,52],"gold":105,"neow_bonus":"TWO_FIFTY_GOLD","is_prod":false,"is_daily":false,"chose_seed":false,"campfire_upgraded":6,"win_rate":0,"timestamp":1531202607,"path_taken":["M","M","M","?","$","E","R","E","T","E","?","R","?","?","R","BOSS","M","?","?","?","?","E","R","E","T","M","R","$","?","?","R","BOSS","M","M","?","M","?","?","E","R","T","?","R","$","E","?","R","BOSS"],"build_version":"2018-07-05","purchased_purges":2,"victory":true,"max_hp_per_floor":[68,68,68,68,68,68,68,68,68,68,68,68,68,68,68,68,68,68,68,73,73,73,73,73,73,73,73,73,73,73,73,73,73,73,73,73,73,73,73,73,75,77,77,77,79,79,81,83,83,83],"card_choices":[{"not_picked":["Conserve Battery","Sweeping Beam"],"picked":"Beam Cell","floor":1},{"not_picked":["Cold Snap","Reinforced Body"],"picked":"Conserve Battery","floor":2},{"not_picked":["Steam Power","Steam"],"picked":"Go for the Eyes","floor":3},{"not_picked":["Steam","Chill"],"picked":"Hologram","floor":6},{"not_picked":["Ball Lightning","Darkness","Steam Power"],"picked":"SKIP","floor":8},{"not_picked":["Multi-Cast","Skim"],"picked":"Compile Driver","floor":10},{"not_picked":["Cold Snap","Aggregate"],"picked":"Sunder","floor":12},{"not_picked":["Multi-Cast","Fission"],"picked":"Reboot","floor":16},{"not_picked":["Turbo","Compile Driver"],"picked":"Conserve Battery","floor":18},{"not_picked":["Undo","Buffer"],"picked":"Self Repair","floor":23},{"not_picked":["Rip and Tear","Consume+1","Rebound"],"picked":"SKIP","floor":25},{"not_picked":["Cold Snap","Sweeping Beam","Compile Driver"],"picked":"SKIP","floor":27},{"not_picked":["Doom and Gloom","Barrage"],"picked":"Steam+1","floor":31},{"not_picked":["Rainbow","Creative AI"],"picked":"Echo Form","floor":33},{"not_picked":[],"picked":"Double Energy","floor":35},{"not_picked":[],"picked":"Go for the Eyes+1","floor":36},{"not_picked":[],"picked":"Finesse","floor":37},{"not_picked":[],"picked":"Bandage Up","floor":37},{"not_picked":[],"picked":"Secret Technique","floor":37},{"not_picked":[],"picked":"Storm","floor":38},{"not_picked":["Steam"],"picked":"SKIP","floor":40},{"not_picked":["Ball Lightning+1"],"picked":"Singing Bowl","floor":41},{"not_picked":["Steam Power+1"],"picked":"Singing Bowl","floor":42},{"not_picked":["Hologram"],"picked":"Singing Bowl","floor":45},{"not_picked":["Streamline"],"picked":"Singing Bowl","floor":47},{"not_picked":["Chill+1"],"picked":"Singing Bowl","floor":48}],"player_experience":427264,"relics_obtained":[{"floor":6,"key":"Bronze Scales"},{"floor":8,"key":"Dream Catcher"},{"floor":9,"key":"Anchor"},{"floor":10,"key":"Centennial Puzzle"},{"floor":23,"key":"Bottled Tornado"},{"floor":25,"key":"Ginger"},{"floor":26,"key":"Mummified Hand"},{"floor":41,"key":"Singing Bowl"},{"floor":43,"key":"Happy Flower"},{"floor":47,"key":"Cables"}],"event_choices":[{"event_name":"The Cleric","player_choice":"Card Removal","floor":4,"damage_taken":0},{"event_name":"Liars Game","player_choice":"disagreed","floor":11,"damage_taken":0},{"event_name":"Match and Keep!","player_choice":"0 cards matched","floor":14,"damage_taken":0},{"event_name":"Back to Basics","player_choice":"Elegance","floor":19,"damage_taken":0},{"event_name":"Forgotten Altar","player_choice":"Shed Blood","floor":20,"damage_taken":0},{"event_name":"The Library","player_choice":"Heal","floor":21,"damage_taken":0},{"event_name":"Addict","player_choice":"Obtained Relic","floor":22,"damage_taken":0},{"event_name":"Drug Dealer","player_choice":"Ignored","floor":30,"damage_taken":0},{"event_name":"SensoryStone","player_choice":"Memory 3","floor":37,"damage_taken":0},{"event_name":"Tomb of Lord Red Mask","player_choice":"Ignored","floor":39,"damage_taken":0},{"event_name":"The Lab","player_choice":"Got Potions","floor":44,"damage_taken":0}],"boss_relics":[{"not_picked":["White Beast Statue","Runic Dome"],"picked":"Astrolabe"},{"not_picked":["Orrery","Coffee Dripper"],"picked":"Busted Crown"}],"items_purged_floors":[29,46],"is_endless":false,"potions_floor_spawned":[3,6,16,25,27,35,36,38,48],"ascension_level":10}