{"gold_per_floor":[114,131,131,143,143,143,178,203,259,282,282,22,46,90,90,90],"floor_reached":16,"playtime":1061,"items_purged":["Injury"],"score":134,"play_id":"c787a722-c302-4b97-bea6-5ec2bf0c8366","local_time":"20181209004301","is_ascension_mode":true,"campfire_choices":[{"data":"Bash","floor":6,"key":"SMITH"},{"floor":11,"key":"REST"},{"data":"Chrysalis","floor":15,"key":"SMITH"}],"neow_cost":"NONE","seed_source_timestamp":891249786089474,"circlet_count":0,"master_deck":["Strike_R","Strike_R","Strike_R","Strike_R","Strike_R","Defend_R","Defend_R","Defend_R","Defend_R","Bash+1","True Grit","True Grit","Ghostly Armor","Perfected Strike","Chrysalis+1","Shrug It Off","Body Slam"],"relics":["Burning Blood","NeowsBlessing","Anchor","Golden Idol","Vajra","Tiny Chest","Orichalcum"],"potions_floor_usage":[7],"damage_taken":[{"damage":0,"enemies":"2 Louse","floor":1,"turns":1},{"damage":0,"enemies":"Jaw Worm","floor":2,"turns":1},{"damage":0,"enemies":"Cultist","floor":4,"turns":1},{"damage":34,"enemies":"Gremlin Nob","floor":7,"turns":5},{"damage":4,"enemies":"Lots of Slimes","floor":8,"turns":7},{"damage":20,"enemies":"Large Slime","floor":10,"turns":6},{"damage":1,"enemies":"Looter","floor":13,"turns":4},{"damage":6,"enemies":"Lagavulin","floor":14,"turns":6},{"damage":64,"enemies":"Slime Boss","floor":16,"turns":8}],"seed_played":"-4884100646389040737","potions_obtained":[{"floor":1,"key":"FearPotion"},{"floor":2,"key":"AttackPotion"},{"floor":4,"key":"SkillPotion"}],"is_trial":false,"path_per_floor":["M","M","?","M","?","R","E","M","T","M","R","$","M","E","R","B"],"character_chosen":"IRONCLAD","items_purchased":["Chrysalis"],"campfire_rested":1,"item_purchase_floors":[12],"current_hp_per_floor":[80,80,68,74,74,74,46,48,48,34,58,58,63,63,63,0],"gold":90,"neow_bonus":"THREE_ENEMY_KILL","is_prod":false,"is_daily":false,"chose_seed":false,"campfire_upgraded":2,"win_rate":0,"timestamp":1544290981,"path_taken":["M","M","?","M","?","R","E","M","T","M","R","$","M","E","R","BOSS"],"build_version":"2018-12-06","purchased_purges":1,"victory":false,"max_hp_per_floor":[80,80,80,80,80,80,80,80,80,80,80,80,80,80,80,80],"card_choices":[{"not_picked":["Rupture","Warcry"],"picked":"True Grit","floor":1},{"not_picked":["Intimidate","Rupture"],"picked":"True Grit","floor":2},{"not_picked":["Havoc","Intimidate"],"picked":"Ghostly Armor","floor":4},{"not_picked":["True Grit","Havoc"],"picked":"Perfected Strike","floor":7},{"not_picked":["Burning Pact","Carnage","Sentinel"],"picked":"SKIP","floor":8},{"not_picked":["Headbutt","Searing Blow","Fire Breathing"],"picked":"SKIP","floor":10},{"not_picked":["Bludgeon","Thunderclap"],"picked":"Shrug It Off","floor":13},{"not_picked":["Sword Boomerang","Exhume"],"picked":"Body Slam","floor":14}],"player_experience":193116,"relics_obtained":[{"floor":7,"key":"Vajra"},{"floor":9,"key":"Tiny Chest"},{"floor":14,"key":"Orichalcum"}],"event_choices":[{"damage_healed":0,"gold_gain":0,"player_choice":"Success","damage_taken":12,"relics_obtained":["Anchor"],"max_hp_gain":0,"max_hp_loss":0,"event_name":"Scrap Ooze","floor":3,"gold_loss":0},{"damage_healed":0,"gold_gain":0,"player_choice":"Take Wound","damage_taken":0,"relics_obtained":["Golden Idol"],"max_hp_gain":0,"max_hp_loss":0,"event_name":"Golden Idol","floor":5,"gold_loss":0,"cards_obtained":["Injury"]}],"is_beta":false,"boss_relics":[],"items_purged_floors":[12],"is_endless":false,"potions_floor_spawned":[1,2,4],"killed_by":"Slime Boss","ascension_level":4}