{"gold_per_floor":[110,126,144,144,154,186,186,196,223,223],"floor_reached":10,"playtime":479,"items_purged":[],"score":70,"play_id":"ec05ea1a-cb70-4696-8a63-60ed1b69dac2","local_time":"20190211031133","is_ascension_mode":false,"campfire_choices":[{"floor":7,"key":"REST"}],"neow_cost":"NONE","seed_source_timestamp":0,"circlet_count":0,"master_deck":["Strike_R","Strike_R","Strike_R","Strike_R","Strike_R","Defend_R","Defend_R","Defend_R","Defend_R","Bash","Entrench","Body Slam","Regret","Armaments"],"special_seed":0,"relics":["Burning Blood","NeowsBlessing","Anchor","Lantern"],"potions_floor_usage":[6,6,6],"damage_taken":[{"damage":0,"enemies":"2 Louse","floor":1,"turns":1},{"damage":0,"enemies":"Jaw Worm","floor":2,"turns":1},{"damage":0,"enemies":"Cultist","floor":3,"turns":1},{"damage":14,"enemies":"Lots of Slimes","floor":5,"turns":6},{"damage":51,"enemies":"Lagavulin","floor":6,"turns":7},{"damage":2,"enemies":"Exordium Thugs","floor":8,"turns":4},{"damage":55,"enemies":"Gremlin Nob","floor":10,"turns":5}],"seed_played":"323264993193169555","potions_obtained":[{"floor":2,"key":"Energy Potion"},{"floor":3,"key":"Strength Potion"},{"floor":5,"key":"Poison Potion"}],"is_trial":false,"path_per_floor":["M","M","M","?","M","E","R","M","T","E"],"character_chosen":"IRONCLAD","items_purchased":[],"campfire_rested":1,"item_purchase_floors":[],"current_hp_per_floor":[80,80,80,80,72,27,51,55,55,0],"gold":223,"neow_bonus":"THREE_ENEMY_KILL","is_prod":false,"is_daily":false,"chose_seed":false,"campfire_upgraded":0,"win_rate":0,"timestamp":1549851093,"path_taken":["M","M","M","?","M","E","R","M","T","E"],"build_version":"2019-02-06","purchased_purges":0,"victory":false,"max_hp_per_floor":[80,80,80,80,80,80,80,80,80,80],"card_choices":[{"not_picked":["Clothesline","Iron Wave"],"picked":"Entrench","floor":1},{"not_picked":["Twin Strike","Clothesline","Sword Boomerang"],"picked":"SKIP","floor":2},{"not_picked":["Headbutt","Pummel"],"picked":"Body Slam","floor":3},{"not_picked":["Heavy Blade","Warcry","Disarm"],"picked":"SKIP","floor":5},{"not_picked":["Double Tap","Warcry","Blood for Blood"],"picked":"SKIP","floor":6},{"not_picked":["Flex","Shockwave"],"picked":"Armaments","floor":8}],"player_experience":191758,"relics_obtained":[{"floor":6,"key":"Lantern"}],"event_choices":[{"damage_healed":0,"gold_gain":0,"player_choice":"Box","damage_taken":0,"relics_obtained":["Anchor"],"max_hp_gain":0,"max_hp_loss":0,"event_name":"Big Fish","floor":4,"gold_loss":0,"cards_obtained":["Regret"]}],"is_beta":true,"boss_relics":[],"items_purged_floors":[],"is_endless":false,"potions_floor_spawned":[2,3,5],"killed_by":"Gremlin Nob","ascension_level":0}