{"gold_per_floor":[113,133,144,62,62,62,97,97,97,122,141,176,189,206,206,283,283,300,300,312,332,350,350,377,65,65,80,114,114,114,139,139,217,217,229,229,229,283,297,297,313,348,348,348],"floor_reached":44,"playtime":2096,"items_purged":[],"score":1070,"play_id":"e6f13456-040e-4035-8e00-5d672dd956ba","local_time":"20180928234440","is_ascension_mode":true,"campfire_choices":[{"data":"Catalyst","floor":6,"key":"SMITH"},{"data":"Crippling Poison","floor":8,"key":"SMITH"},{"data":"Bouncing Flask","floor":15,"key":"SMITH"},{"floor":23,"key":"REST"},{"floor":29,"key":"REST"},{"data":"Catalyst","floor":32,"key":"SMITH"},{"floor":40,"key":"REST"}],"neow_cost":"NONE","seed_source_timestamp":450605164867002,"circlet_count":0,"master_deck":["Defend_G","Defend_G","Defend_G+1","Defend_G","Defend_G","Survivor","Neutralize","AscendersBane","Deadly Poison","Catalyst+1","Poisoned Stab","Crippling Poison+1","PiercingWail","PiercingWail+1","Bouncing Flask+1","Deflect","Cloak And Dagger","Bullet Time","Bite","Bite","Bite","Bite","Bite","Acrobatics","Noxious Fumes","Pain","Catalyst+1","Escape Plan","Doppelganger","PiercingWail","Madness","Madness","Jack Of All Trades","Caltrops+1","Well Laid Plans+1"],"relics":["Ring of the Snake","Pantograph","Art of War","Gremlin Horn","Sundial","War Paint","Cursed Key","Paper Crane","Frozen Egg 2","Pocketwatch","Mummified Hand","Omamori","Sozu","Girya","Happy Flower","Mercury Hourglass"],"potions_floor_usage":[7,24,28,28,30,38,42],"damage_taken":[{"damage":2,"enemies":"Cultist","floor":1,"turns":6},{"damage":0,"enemies":"Jaw Worm","floor":2,"turns":5},{"damage":3,"enemies":"Small Slimes","floor":3,"turns":6},{"damage":21,"enemies":"Gremlin Nob","floor":7,"turns":4},{"damage":10,"enemies":"Lagavulin","floor":10,"turns":4},{"damage":5,"enemies":"3 Louse","floor":11,"turns":2},{"damage":0,"enemies":"Gremlin Nob","floor":12,"turns":3},{"damage":0,"enemies":"Large Slime","floor":13,"turns":3},{"damage":1,"enemies":"Exordium Thugs","floor":14,"turns":5},{"damage":0,"enemies":"Hexaghost","floor":16,"turns":6},{"damage":4,"enemies":"Shell Parasite","floor":18,"turns":3},{"damage":2,"enemies":"Spheric Guardian","floor":20,"turns":4},{"damage":33,"enemies":"Chosen and Byrds","floor":21,"turns":7},{"damage":18,"enemies":"Snake Plant","floor":22,"turns":2},{"damage":3,"enemies":"Book of Stabbing","floor":24,"turns":4},{"damage":3,"enemies":"3 Cultists","floor":27,"turns":4},{"damage":27,"enemies":"Slavers","floor":28,"turns":5},{"damage":19,"enemies":"Colosseum Slavers","floor":30,"turns":7},{"damage":18,"enemies":"Book of Stabbing","floor":31,"turns":4},{"damage":24,"enemies":"Champ","floor":33,"turns":6},{"damage":4,"enemies":"3 Darklings","floor":35,"turns":8},{"damage":35,"enemies":"Mysterious Sphere","floor":38,"turns":5},{"damage":8,"enemies":"Orb Walker","floor":39,"turns":3},{"damage":20,"enemies":"Sphere and 2 Shapes","floor":41,"turns":7},{"damage":42,"enemies":"Giant Head","floor":42,"turns":6},{"damage":13,"enemies":"Reptomancer","floor":44,"turns":2}],"seed_played":"-5982876674680135819","potions_obtained":[{"floor":1,"key":"PowerPotion"},{"floor":2,"key":"AttackPotion"},{"floor":7,"key":"PowerPotion"},{"floor":27,"key":"Swift Potion"},{"floor":28,"key":"Regen Potion"},{"floor":31,"key":"Regen Potion"},{"floor":33,"key":"Poison Potion"}],"is_trial":false,"path_per_floor":["M","M","M","$","?","R","E","R","T","E","M","E","M","M","R","B",null,"M","?","M","M","M","R","E","$","T","M","E","R","?","E","R","B",null,"M","?","?","?","M","R","M","E","T"],"character_chosen":"THE_SILENT","items_purchased":["Crippling Poison","Noxious Fumes","Frozen Egg 2"],"campfire_rested":3,"item_purchase_floors":[4,25,25],"current_hp_per_floor":[61,61,58,58,55,55,34,34,34,24,19,19,19,18,18,43,63,59,49,47,24,12,26,29,29,29,38,19,33,43,29,29,35,46,49,43,43,16,14,28,18,5,5,0],"gold":348,"neow_bonus":"REMOVE_CARD","is_prod":false,"is_daily":false,"chose_seed":false,"campfire_upgraded":4,"win_rate":0,"timestamp":1538192680,"path_taken":["M","M","M","?","?","R","E","R","T","E","M","E","M","M","R","BOSS","M","?","M","M","M","R","E","$","T","M","E","R","?","E","R","BOSS","M","?","?","?","M","R","M","E","T","M"],"build_version":"2018-09-27","purchased_purges":0,"victory":false,"max_hp_per_floor":[70,70,70,70,70,70,70,70,70,70,70,70,70,70,70,70,70,70,49,49,49,49,49,49,49,49,49,49,49,49,49,49,49,49,49,49,49,49,49,49,49,49,49,49],"card_choices":[{"not_picked":["Quick Slash","Calculated Gamble"],"picked":"Deadly Poison","floor":1},{"not_picked":["Underhanded Strike","Outmaneuver"],"picked":"Catalyst","floor":2},{"not_picked":["Endless Agony","Cloak And Dagger"],"picked":"Poisoned Stab","floor":3},{"not_picked":["Blade Dance","Riddle With Holes"],"picked":"PiercingWail","floor":7},{"not_picked":["Deadly Poison","Infinite Blades"],"picked":"PiercingWail","floor":10},{"not_picked":["PiercingWail","Distraction"],"picked":"Bouncing Flask","floor":11},{"not_picked":["Bane","Venomology","Reflex"],"picked":"SKIP","floor":12},{"not_picked":["Dodge and Roll","Dagger Throw"],"picked":"Deflect","floor":13},{"not_picked":["Crippling Poison","Prepared"],"picked":"Cloak And Dagger","floor":14},{"not_picked":["Wraith Form v2","After Image"],"picked":"Bullet Time","floor":16},{"not_picked":["Predator","Dodge and Roll","Outmaneuver"],"picked":"SKIP","floor":18},{"not_picked":["Slice","Glass Knife","Blade Dance"],"picked":"SKIP","floor":20},{"not_picked":["Quick Slash","Outmaneuver+1","Underhanded Strike"],"picked":"SKIP","floor":21},{"not_picked":["Prepared","Poisoned Stab","Flying Knee"],"picked":"SKIP","floor":22},{"not_picked":["Accuracy","Choke"],"picked":"Acrobatics","floor":24},{"not_picked":["Quick Slash","Escape Plan"],"picked":"Catalyst","floor":27},{"not_picked":["Endless Agony","PiercingWail"],"picked":"Escape Plan","floor":28},{"not_picked":["Flying Knee","Blade Dance","A Thousand Cuts+1"],"picked":"SKIP","floor":31},{"not_picked":["Bullet Time","Phantasmal Killer"],"picked":"Doppelganger","floor":33},{"not_picked":["Flying Knee","Outmaneuver"],"picked":"PiercingWail","floor":35},{"not_picked":["PanicButton","Dark Shackles"],"picked":"Jack Of All Trades","floor":37},{"not_picked":["Tactician+1","Riddle With Holes+1"],"picked":"Caltrops+1","floor":38},{"not_picked":["Cloak And Dagger","Dagger Throw"],"picked":"Well Laid Plans+1","floor":39},{"not_picked":["Poisoned Stab","Outmaneuver","All Out Attack"],"picked":"SKIP","floor":41},{"not_picked":["Setup","Slice","Bane"],"picked":"SKIP","floor":42}],"player_experience":510601,"relics_obtained":[{"floor":7,"key":"Art of War"},{"floor":9,"key":"Gremlin Horn"},{"floor":10,"key":"Sundial"},{"floor":12,"key":"War Paint"},{"floor":24,"key":"Paper Crane"},{"floor":26,"key":"Pocketwatch"},{"floor":28,"key":"Mummified Hand"},{"floor":31,"key":"Omamori"},{"floor":38,"key":"Girya"},{"floor":42,"key":"Happy Flower"},{"floor":43,"key":"Mercury Hourglass"}],"event_choices":[{"event_name":"Scrap Ooze","player_choice":"success","floor":5,"damage_taken":3},{"event_name":"Vampires","player_choice":"Became a vampire","floor":19,"damage_taken":0},{"event_name":"Colosseum","player_choice":"Fight","floor":30,"damage_taken":0},{"event_name":"Colosseum","player_choice":"Fled From Nobs","floor":30,"damage_taken":0},{"event_name":"Winding Halls","player_choice":"Embrace Madness","floor":36,"damage_taken":0},{"event_name":"SensoryStone","player_choice":"Memory 1","floor":37,"damage_taken":0},{"event_name":"Mysterious Sphere","player_choice":"Fight","floor":38,"damage_taken":0}],"is_beta":false,"boss_relics":[{"not_picked":["Tiny House","Lizard Tail"],"picked":"Cursed Key"},{"not_picked":["WristBlade","Ring of the Serpent"],"picked":"Sozu"}],"items_purged_floors":[],"is_endless":false,"potions_floor_spawned":[1,2,7,14,16,27,28,31,33,38,42],"killed_by":"Reptomancer","ascension_level":13}