{"gold_per_floor":[111,111,111,111,126,126,157,157,239,266,279,279,229,247,247,346,346,366,61,61,74,93,93,18,52,52,80,100,100,110,141,141,240,240,251,151,171,186,186,217,217,233,278,278,303,303,525,6,6,6],"floor_reached":50,"playtime":2547,"items_purged":["Defend_B","Strike_B","Defend_B"],"score":789,"play_id":"899cb0f5-ae0c-4243-9e2f-99f0e815a42a","local_time":"20180626113059","is_ascension_mode":true,"campfire_choices":[{"data":"Sunder","floor":6,"key":"SMITH"},{"data":"Dualcast","floor":8,"key":"SMITH"},{"data":"Conserve Battery","floor":12,"key":"SMITH"},{"data":"Leap","floor":15,"key":"SMITH"},{"data":"Apotheosis","floor":23,"key":"SMITH"},{"floor":29,"key":"REST"},{"floor":32,"key":"REST"},{"floor":41,"key":"REST"},{"floor":44,"key":"REST"},{"floor":46,"key":"DIG"},{"floor":49,"key":"DIG"}],"neow_cost":"TEN_PERCENT_HP_LOSS","seed_source_timestamp":147990688045740,"circlet_count":0,"master_deck":["Strike_B","Strike_B","Defend_B+1","Defend_B","Zap+1","Dualcast+1","Ball Lightning+1","Sunder+1","Conserve Battery+1","Coolheaded","Leap+1","Biased Cognition","Defragment","Apotheosis+1","Self Repair","Melter+1","Hologram","Self Repair","White Noise","Coolheaded","Glacier","Fission","Go for the Eyes+1","White Noise+1","Double Energy+1","Jack Of All Trades","Dark Shackles","Madness","Rip and Tear+1","Static Discharge"],"relics":["Cracked Core","Mango","War Paint","Vajra","Dodecahedron","Art of War","Black Star","Anchor","Orichalcum","Bag of Marbles","Shuriken","Matryoshka","Red Mask","Runic Pyramid","Torii","Ginger","Whetstone","Potion Belt","Shovel","Prayer Wheel","Oddly Smooth Stone","Cables","Strawberry","Letter Opener"],"potions_floor_usage":[16,22,25,40,50,50],"damage_taken":[{"damage":1,"enemies":"Cultist","floor":1,"turns":4},{"damage":4,"enemies":"2 Louse","floor":5,"turns":2},{"damage":12,"enemies":"Lagavulin","floor":7,"turns":7},{"damage":17,"enemies":"Gremlin Nob","floor":10,"turns":4},{"damage":0,"enemies":"Jaw Worm","floor":11,"turns":2},{"damage":0,"enemies":"2 Fungi Beasts","floor":14,"turns":2},{"damage":45,"enemies":"Hexaghost","floor":16,"turns":12},{"damage":0,"enemies":"Spheric Guardian","floor":18,"turns":3},{"damage":4,"enemies":"Shell Parasite","floor":21,"turns":5},{"damage":0,"enemies":"Centurion and Healer","floor":22,"turns":6},{"damage":55,"enemies":"Slavers","floor":25,"turns":6},{"damage":29,"enemies":"Book of Stabbing","floor":27,"turns":5},{"damage":5,"enemies":"Snecko","floor":28,"turns":4},{"damage":0,"enemies":"Snake Plant","floor":30,"turns":5},{"damage":7,"floor":31,"turns":5},{"damage":30,"enemies":"Collector","floor":33,"turns":10},{"damage":0,"enemies":"3 Shapes","floor":35,"turns":5},{"damage":2,"enemies":"Orb Walker","floor":37,"turns":4},{"damage":20,"enemies":"Maw","floor":38,"turns":11},{"damage":65,"enemies":"Giant Head","floor":40,"turns":12},{"damage":34,"enemies":"Sphere and 2 Shapes","floor":42,"turns":8},{"damage":10,"enemies":"Nemesis","floor":45,"turns":7},{"damage":77,"enemies":"Donu and Deca","floor":50,"turns":8}],"seed_played":"2786867137616697882","potions_obtained":[{"floor":7,"key":"GamblersBrew"},{"floor":16,"key":"Energy Potion"},{"floor":22,"key":"Swift Potion"},{"floor":28,"key":"Strength Potion"},{"floor":30,"key":"Strength Potion"},{"floor":40,"key":"SmokeBomb"},{"floor":45,"key":"PowerPotion"}],"is_trial":false,"path_per_floor":["M","?","?","?","M","R","E","R","T","E","M","R","?","M","R","B",null,"M","$","?","M","M","R","$","E","T","E","M","R","M","?","R","B",null,"M","$","M","M","?","E","R","M","T","R","E","R","?","$","R"],"character_chosen":"DEFECT","items_purchased":["Apotheosis","Self Repair","Melter","Cables","Strawberry"],"campfire_rested":4,"item_purchase_floors":[19,19,19,48,48],"current_hp_per_floor":[81,56,56,82,78,78,66,66,66,49,49,49,49,49,49,4,63,63,63,63,69,79,79,79,34,34,12,21,45,45,48,72,42,72,82,82,82,79,69,24,48,31,31,55,62,62,62,69,69,0],"gold":6,"neow_bonus":"ONE_RARE_RELIC","is_prod":false,"is_daily":false,"chose_seed":false,"campfire_upgraded":5,"win_rate":0,"timestamp":1530030659,"path_taken":["M","?","?","?","M","R","E","R","T","E","M","R","?","?","R","BOSS","M","$","?","?","?","R","?","E","T","E","M","R","?","?","R","BOSS","M","?","?","M","?","E","R","M","T","R","E","R","?","?","R","BOSS"],"build_version":"2018-06-21v2","purchased_purges":3,"victory":false,"max_hp_per_floor":[82,82,82,82,82,82,82,82,82,82,82,82,82,82,82,82,82,82,82,82,82,82,82,82,82,82,82,82,82,82,82,82,82,82,82,82,82,82,82,82,82,82,82,82,82,82,82,89,89,89],"card_choices":[{"not_picked":["Leap","Steam"],"picked":"Ball Lightning","floor":1},{"not_picked":["Leap","Go for the Eyes"],"picked":"Sunder","floor":5},{"not_picked":["Compile Driver","Hello World"],"picked":"Conserve Battery","floor":7},{"not_picked":["Fission","Streamline"],"picked":"Coolheaded","floor":10},{"not_picked":["Barrage","Gash","Compile Driver"],"picked":"SKIP","floor":11},{"not_picked":["Compile Driver","Steam"],"picked":"Leap","floor":14},{"not_picked":["Seek","Fission"],"picked":"Biased Cognition","floor":16},{"not_picked":["Undo","Stack+1"],"picked":"Defragment","floor":18},{"not_picked":["Stack","Barrage"],"picked":"Hologram","floor":21},{"not_picked":["Sunder+1","Rebound"],"picked":"Self Repair","floor":22},{"not_picked":["Undo","Turbo"],"picked":"White Noise","floor":25},{"not_picked":["Stack","Compile Driver"],"picked":"Coolheaded","floor":27},{"not_picked":["Stack","Barrage"],"picked":"Glacier","floor":28},{"not_picked":["Redo","Reboot","Coolheaded"],"picked":"SKIP","floor":30},{"not_picked":["Hyperbeam","Reboot"],"picked":"Fission","floor":33},{"not_picked":["Chill+1","FTL"],"picked":"Go for the Eyes+1","floor":35},{"not_picked":["Hologram+1","Beam Cell"],"picked":"White Noise+1","floor":37},{"not_picked":["Leap","Auto Shields+1"],"picked":"Double Energy+1","floor":38},{"not_picked":["Transmutation","Magnetism"],"picked":"Jack Of All Trades","floor":39},{"not_picked":["Dramatic Entrance","Bandage Up"],"picked":"Dark Shackles","floor":39},{"not_picked":["Jack Of All Trades","Mind Blast"],"picked":"Madness","floor":39},{"not_picked":["Stack","Biased Cognition","Rip and Tear+1"],"picked":"SKIP","floor":40},{"not_picked":["Stack","Biased Cognition"],"picked":"Rip and Tear+1","floor":40},{"not_picked":["Scrape+1","Chill+1"],"picked":"Static Discharge","floor":42},{"not_picked":["Glacier+1","Redo+1","Rebound"],"picked":"SKIP","floor":45},{"not_picked":["Glacier+1","Redo+1","Rebound"],"picked":"SKIP","floor":45}],"player_experience":406613,"relics_obtained":[{"floor":7,"key":"Vajra"},{"floor":9,"key":"Dodecahedron"},{"floor":10,"key":"Art of War"},{"floor":25,"key":"Anchor"},{"floor":25,"key":"Orichalcum"},{"floor":26,"key":"Bag of Marbles"},{"floor":27,"key":"Shuriken"},{"floor":27,"key":"Matryoshka"},{"floor":31,"key":"Red Mask"},{"floor":40,"key":"Torii"},{"floor":40,"key":"Ginger"},{"floor":43,"key":"Whetstone"},{"floor":43,"key":"Potion Belt"},{"floor":45,"key":"Shovel"},{"floor":45,"key":"Prayer Wheel"},{"floor":46,"key":"Oddly Smooth Stone"},{"floor":49,"key":"Letter Opener"}],"event_choices":[{"event_name":"Scrap Ooze","player_choice":"success","floor":2,"damage_taken":25},{"event_name":"Liars Game","player_choice":"disagreed","floor":3,"damage_taken":0},{"event_name":"Big Fish","player_choice":"Banana","floor":4,"damage_taken":0},{"event_name":"The Cleric","player_choice":"Card Removal","floor":13,"damage_taken":0},{"event_name":"Beggar","player_choice":"Ignored","floor":20,"damage_taken":0},{"event_name":"Masked Bandits","player_choice":"Fought over 110 gold","floor":31,"damage_taken":0},{"event_name":"SensoryStone","player_choice":"Memory 3","floor":39,"damage_taken":0},{"event_name":"Tomb of Lord Red Mask","player_choice":"Wore Mask","floor":47,"damage_taken":0}],"boss_relics":[{"not_picked":["Pandora\u0027s Box","Philosopher\u0027s Stone"],"picked":"Black Star"},{"not_picked":["Snecko Eye","White Beast Statue"],"picked":"Runic Pyramid"}],"items_purged_floors":[24,36,48],"is_endless":false,"potions_floor_spawned":[7,16,22,28,30,40,45],"killed_by":"Donu and Deca","ascension_level":8}