{"gold_per_floor":[118,2,2,2,19,36,47,47,73,86,111,111,128,203,203,203],"floor_reached":16,"playtime":788,"items_purged":[],"score":204,"play_id":"cd77f572-aecc-4087-8a8a-cf65ce44b48e","local_time":"20190219012543","is_ascension_mode":true,"campfire_choices":[{"data":"Sunder","floor":8,"key":"SMITH"},{"data":"Rainbow","floor":12,"key":"SMITH"},{"floor":15,"key":"REST"}],"neow_cost":"NONE","seed_source_timestamp":39972585885837,"circlet_count":0,"master_deck":["AscendersBane","Strike_B","Strike_B","Strike_B","Defend_B","Defend_B","Defend_B","Defend_B","Zap","Dualcast","Streamline","Sunder+1","Rip and Tear","Coolheaded","Beam Cell","Glacier","Rainbow+1","Hologram"],"relics":["Cracked Core","Ancient Tea Set","Pen Nib"],"potions_floor_usage":[13,16],"damage_taken":[{"damage":1,"enemies":"Cultist","floor":1,"turns":3},{"damage":2,"enemies":"Jaw Worm","floor":5,"turns":2},{"damage":0,"enemies":"2 Louse","floor":6,"turns":1},{"damage":4,"enemies":"Looter","floor":7,"turns":2},{"damage":0,"enemies":"Large Slime","floor":10,"turns":3},{"damage":33,"enemies":"Lagavulin","floor":11,"turns":7},{"damage":3,"enemies":"Exordium Thugs","floor":13,"turns":4},{"damage":48,"enemies":"Hexaghost","floor":16,"turns":16}],"seed_played":"-1272756140857624505","potions_obtained":[{"floor":5,"key":"Swift Potion"},{"floor":10,"key":"PowerPotion"}],"is_trial":false,"path_per_floor":["M","$","?","$","M","M","M","R","T","M","E","R","M","?","R","B"],"character_chosen":"DEFECT","items_purchased":["Sunder","Rip and Tear"],"campfire_rested":1,"item_purchase_floors":[2,2],"current_hp_per_floor":[70,70,70,70,68,68,64,64,64,64,31,31,28,17,40,0],"gold":203,"neow_bonus":"TEN_PERCENT_HP_BONUS","is_prod":false,"is_daily":false,"chose_seed":false,"campfire_upgraded":2,"win_rate":0,"timestamp":1550557543,"path_taken":["M","$","?","?","M","M","M","R","T","?","E","R","M","?","R","BOSS"],"build_version":"2019-01-23","purchased_purges":0,"victory":false,"max_hp_per_floor":[78,78,78,78,78,78,78,78,78,78,78,78,78,78,78,78],"card_choices":[{"not_picked":["Gash","Rip and Tear"],"picked":"Streamline","floor":1},{"not_picked":["Stack","White Noise"],"picked":"Coolheaded","floor":5},{"not_picked":["Steam","Storm"],"picked":"Beam Cell","floor":6},{"not_picked":["Recycle","Ball Lightning","Rebound"],"picked":"SKIP","floor":7},{"not_picked":["Reprogram","Redo"],"picked":"Glacier","floor":10},{"not_picked":["Auto Shields","Meteor Strike"],"picked":"Rainbow","floor":11},{"not_picked":["Redo","Gash"],"picked":"Hologram","floor":13}],"player_experience":307744,"relics_obtained":[{"floor":9,"key":"Ancient Tea Set"},{"floor":11,"key":"Pen Nib"}],"event_choices":[{"cards_removed":["Strike_B"],"damage_healed":0,"gold_gain":0,"player_choice":"Offered Basic","damage_taken":0,"max_hp_gain":0,"max_hp_loss":0,"event_name":"Bonfire Elementals","floor":3,"gold_loss":0},{"damage_healed":0,"gold_gain":75,"player_choice":"Gather Gold","damage_taken":11,"max_hp_gain":0,"max_hp_loss":0,"event_name":"World of Goop","floor":14,"gold_loss":0}],"is_beta":false,"boss_relics":[],"items_purged_floors":[],"is_endless":false,"potions_floor_spawned":[5,10],"killed_by":"Hexaghost","ascension_level":20}