{"gold_per_floor":[110,110,124,144,144,175,188,188,215,229,264,264,304,330,330,330],"floor_reached":16,"playtime":906,"items_purged":[],"score":156,"play_id":"f683894c-5dbb-4baa-b020-52a700e2f269","local_time":"20190220211314","is_ascension_mode":true,"campfire_choices":[{"data":"Accuracy","floor":8.0,"key":"SMITH"},{"floor":12,"key":"REST"},{"data":"Skewer","floor":15,"key":"SMITH"}],"neow_cost":"NONE","seed_source_timestamp":371177347055545,"circlet_count":0,"master_deck":["Defend_G","Defend_G","Defend_G","Defend_G","Defend_G","Strike_G","Strike_G","Strike_G","Strike_G","Strike_G","Survivor","Neutralize","Cloak And Dagger","Neutralize","Die Die Die","Panacea","Accuracy+1","Blade Dance","Leg Sweep","Dagger Spray","Crippling Poison","Footwork","PiercingWail","Skewer+1"],"special_seed":0,"relics":["Ring of the Snake","Strawberry","Golden Idol","Boot","Regal Pillow","Snake Skull","Odd Mushroom"],"potions_floor_usage":[16,16],"damage_taken":[{"damage":1.0,"enemies":"Jaw Worm","floor":1.0,"turns":7.0},{"damage":2.0,"enemies":"Cultist","floor":3.0,"turns":4.0},{"damage":0.0,"enemies":"2 Louse","floor":4.0,"turns":2.0},{"damage":24.0,"enemies":"Gremlin Nob","floor":6.0,"turns":5.0},{"damage":0.0,"enemies":"Blue Slaver","floor":7.0,"turns":4.0},{"damage":0.0,"enemies":"Red Slaver","floor":10.0,"turns":5.0},{"damage":11,"enemies":"Lagavulin","floor":11,"turns":8},{"damage":18,"enemies":"Gremlin Nob","floor":13,"turns":5},{"damage":11,"enemies":"The Mushroom Lair","floor":14,"turns":3},{"damage":32,"enemies":"Slime Boss","floor":16,"turns":8}],"seed_played":"2780067539896668494","potions_obtained":[{"floor":1.0,"key":"Swift Potion"},{"floor":4.0,"key":"SpeedPotion"},{"floor":10.0,"key":"Dexterity Potion"},{"floor":13,"key":"Energy Potion"}],"is_trial":false,"path_per_floor":["M","?","M","M","?","E","M","R","T","M","E","R","E","?","R","B"],"character_chosen":"THE_SILENT","items_purchased":[],"campfire_rested":1,"item_purchase_floors":[],"current_hp_per_floor":[69,69,67,67,48,24,24,24,24,24,13,51,33,22,22,0],"gold":330,"neow_bonus":"RANDOM_COMMON_RELIC","is_prod":false,"is_daily":false,"chose_seed":false,"campfire_upgraded":2,"win_rate":0,"timestamp":1550671994,"path_taken":["M","?","?","M","?","E","M","R","T","M","E","R","E","?","R","BOSS"],"build_version":"2019-01-23","purchased_purges":0,"victory":false,"max_hp_per_floor":[77,77,77,77,77,77,77,77,77,77,77,77,77,77,77,77],"card_choices":[{"not_picked":["Deadly Poison","Backflip"],"picked":"Cloak And Dagger","floor":1.0},{"not_picked":["Endless Agony","Sucker Punch"],"picked":"Accuracy","floor":3.0},{"not_picked":["Slice","Underhanded Strike"],"picked":"Blade Dance","floor":4.0},{"not_picked":["Deadly Poison","Dodge and Roll"],"picked":"Leg Sweep","floor":6.0},{"not_picked":["Night Terror","Underhanded Strike"],"picked":"Dagger Spray","floor":7.0},{"not_picked":["Predator","Terror"],"picked":"Crippling Poison","floor":10.0},{"not_picked":["Slice","Noxious Fumes"],"picked":"Footwork","floor":11},{"not_picked":["Quick Slash","Backflip"],"picked":"PiercingWail","floor":13},{"not_picked":["Deadly Poison","Calculated Gamble"],"picked":"Skewer","floor":14}],"player_experience":360876,"relics_obtained":[{"floor":6.0,"key":"Boot"},{"floor":11,"key":"Regal Pillow"},{"floor":13,"key":"Snake Skull"},{"floor":14,"key":"Odd Mushroom"}],"event_choices":[{"damage_healed":0.0,"max_hp_gain":0.0,"max_hp_loss":0.0,"gold_gain":0.0,"event_name":"Match and Keep!","player_choice":"3 cards matched","floor":2.0,"gold_loss":0.0,"damage_taken":0.0,"cards_obtained":["Neutralize","Die Die Die","Panacea"]},{"damage_healed":0.0,"max_hp_gain":0.0,"max_hp_loss":0.0,"gold_gain":0.0,"event_name":"Match and Keep!","player_choice":"3 cards matched","floor":2.0,"gold_loss":0.0,"damage_taken":0.0,"cards_obtained":["Neutralize","Die Die Die","Panacea"]},{"damage_healed":0.0,"max_hp_gain":0.0,"max_hp_loss":0.0,"gold_gain":0.0,"event_name":"Golden Idol","player_choice":"Take Damage","floor":5.0,"gold_loss":0.0,"damage_taken":19.0,"relics_obtained":["Golden Idol"]},{"damage_healed":0,"gold_gain":0,"player_choice":"Fought Mushrooms","damage_taken":0,"max_hp_gain":0,"max_hp_loss":0,"event_name":"Mushrooms","floor":14,"gold_loss":0}],"is_beta":false,"boss_relics":[],"items_purged_floors":[],"is_endless":false,"potions_floor_spawned":[1,4,10,13],"killed_by":"Slime Boss","ascension_level":6}