{"gold_per_floor":[110,123,143,157,169,200,200,231,231,258,270,282,309,286,298,412,424,463,486,508,533,555,567],"floor_reached":23,"playtime":1234,"items_purged":[],"score":324,"play_id":"71169446-ca83-474f-82e8-f5e703152495","local_time":"20180811002310","is_ascension_mode":true,"campfire_choices":[{"floor":7.0,"key":"REST"},{"floor":11.0,"key":"REST"},{"data":"Sunder","floor":15.0,"key":"SMITH"}],"neow_cost":"PERCENT_DAMAGE","seed_source_timestamp":0,"circlet_count":0,"master_deck":["Defend_B","Defend_B","Defend_B","Zap","Dualcast","AscendersBane","Gash","Chaos","Undo","Sweeping Beam+1","Self Repair","Leap","Coolheaded","Conserve Battery","Compile Driver","Sunder+1","Electrodynamics","Reinforced Body+1","Lockon+1","Loop+1","Leap+1","Hologram","Beam Cell","Stack","Auto Shields"],"special_seed":0,"relics":["Cracked Core","Boot","Pantograph","MawBank","Astrolabe"],"potions_floor_usage":[23],"damage_taken":[{"damage":0.0,"enemies":"Cultist","floor":1.0,"turns":3.0},{"damage":8.0,"enemies":"Small Slimes","floor":2.0,"turns":3.0},{"damage":7.0,"enemies":"2 Louse","floor":3.0,"turns":3.0},{"damage":21.0,"enemies":"Exordium Thugs","floor":4.0,"turns":8.0},{"damage":7.0,"enemies":"Large Slime","floor":5.0,"turns":7.0},{"damage":17.0,"enemies":"3 Sentries","floor":6.0,"turns":6.0},{"damage":25.0,"enemies":"Lagavulin","floor":8.0,"turns":11.0},{"damage":0.0,"enemies":"Lots of Slimes","floor":10.0,"turns":1.0},{"damage":4.0,"enemies":"Exordium Wildlife","floor":13.0,"turns":4.0},{"damage":46.0,"enemies":"Slime Boss","floor":16.0,"turns":12.0},{"damage":22.0,"enemies":"Spheric Guardian","floor":18.0,"turns":6.0},{"damage":10,"enemies":"Chosen","floor":19,"turns":6},{"damage":4,"enemies":"Snecko","floor":20,"turns":4},{"damage":17,"enemies":"Cultist and Chosen","floor":21,"turns":6},{"damage":14,"enemies":"Snake Plant","floor":22,"turns":8},{"damage":20,"enemies":"Book of Stabbing","floor":23,"turns":5}],"seed_played":"52454615613594708","potions_obtained":[{"floor":2.0,"key":"SteroidPotion"},{"floor":3.0,"key":"PowerPotion"},{"floor":4.0,"key":"SpeedPotion"},{"floor":8.0,"key":"Explosive Potion"},{"floor":10.0,"key":"Strength Potion"},{"floor":16.0,"key":"Ancient Potion"},{"floor":18,"key":"Energy Potion"}],"is_trial":false,"path_per_floor":["M","M","M","M","M","E","R","E","T","M","R","?","M","?","R","B",null,"M","M","M","M","M"],"character_chosen":"DEFECT","items_purchased":[],"campfire_rested":2,"item_purchase_floors":[],"current_hp_per_floor":[50,42,35,21,21,4,26,8,8,8,30,30,33,51,51,36,65,50,47,43,26,19,0],"gold":567,"neow_bonus":"TRANSFORM_TWO_CARDS","is_prod":false,"is_daily":false,"chose_seed":false,"campfire_upgraded":1,"win_rate":0,"timestamp":1533961390,"path_taken":["M","?","M","M","M","E","R","E","T","M","R","?","?","?","R","BOSS","M","M","?","M","M","E"],"build_version":"2018-08-09","purchased_purges":0,"victory":false,"max_hp_per_floor":[75,75,75,75,75,75,75,75,75,75,75,75,75,75,75,75,75,75,75,75,75,75,75],"card_choices":[{"not_picked":["Fusion","Aggregate"],"picked":"Undo","floor":1.0},{"not_picked":["Beam Cell","Lockon"],"picked":"Sweeping Beam","floor":2.0},{"not_picked":["Steam","Melter"],"picked":"Self Repair","floor":3.0},{"not_picked":["Ball Lightning","Beam Cell","Rebound"],"picked":"SKIP","floor":4.0},{"not_picked":["Ball Lightning","Chill"],"picked":"Leap","floor":5.0},{"not_picked":["Aggregate","FTL"],"picked":"Coolheaded","floor":6.0},{"not_picked":["Amplify","Force Field"],"picked":"Conserve Battery","floor":8.0},{"not_picked":["Skim","Cold Snap"],"picked":"Compile Driver","floor":10.0},{"not_picked":["Sweeping Beam","Capacitor"],"picked":"Sunder","floor":13.0},{"not_picked":["Hyperbeam","Buffer"],"picked":"Electrodynamics","floor":16.0},{"not_picked":["Conserve Battery","Chill"],"picked":"Leap+1","floor":18},{"not_picked":["Gash","Redo"],"picked":"Hologram","floor":19},{"not_picked":["Gash","Loop+1"],"picked":"Beam Cell","floor":20},{"not_picked":["Steam Power","Turbo"],"picked":"Stack","floor":21},{"not_picked":["Beam Cell","Self Repair"],"picked":"Auto Shields","floor":22}],"player_experience":447262,"relics_obtained":[{"floor":6.0,"key":"Boot"},{"floor":8.0,"key":"Pantograph"},{"floor":9.0,"key":"MawBank"}],"event_choices":[{"event_name":"Upgrade Shrine","player_choice":"Upgraded","floor":12.0,"damage_taken":0.0},{"event_name":"The Cleric","player_choice":"Healed","floor":14.0,"damage_taken":0.0}],"is_beta":false,"boss_relics":[{"not_picked":["Velvet Choker","FrozenCore"],"picked":"Astrolabe"}],"items_purged_floors":[],"is_endless":false,"potions_floor_spawned":[2,3,4,8,10,16,18,19],"killed_by":"Book of Stabbing","ascension_level":11}