{"gold_per_floor":[119,119,17,17,27,27,27,27,27,45,45,80,6,21,21,96,96,109,136,31,44,44,44,70,70,117,151,151,165,200,90,90,163,163,176,176,193,203,222,222],"floor_reached":40,"playtime":2120,"items_purged":["Strike_R"],"score":911,"play_id":"08958d56-fe9f-4a1d-af41-d34b5400259c","local_time":"20190221140614","is_ascension_mode":true,"campfire_choices":[{"data":"Uppercut","floor":6.0,"key":"SMITH"},{"data":"Cleave","floor":8.0,"key":"SMITH"},{"data":"Barricade","floor":15.0,"key":"SMITH"},{"floor":23.0,"key":"REST"},{"floor":28.0,"key":"REST"},{"data":"Strike_R","floor":32.0,"key":"PURGE"}],"neow_cost":"NONE","seed_source_timestamp":0,"circlet_count":0,"master_deck":["AscendersBane","Strike_R+1","Strike_R+1","Defend_R","Defend_R+1","Defend_R","Defend_R","Bash","Barricade+1","True Grit","Uppercut+1","Cleave+1","Ghostly Armor","Carnage","Metallicize","Impervious","Battle Trance","Metallicize","Juggernaut","Body Slam","Entrench","Demon Form","Body Slam","Burning Pact","Heavy Blade"],"special_seed":0,"relics":["Burning Blood","WarpedTongs","Self Forming Clay","Calipers","Smiling Mask","Snecko Eye","Red Mask","Kunai","Whetstone","Peace Pipe","Boot","Fusion Hammer"],"potions_floor_usage":[40,40],"damage_taken":[{"damage":15.0,"enemies":"Small Slimes","floor":1.0,"turns":4.0},{"damage":8.0,"enemies":"Cultist","floor":5.0,"turns":4.0},{"damage":9.0,"enemies":"2 Louse","floor":10.0,"turns":4.0},{"damage":18.0,"enemies":"Lagavulin","floor":12.0,"turns":6.0},{"damage":3.0,"enemies":"Red Slaver","floor":14.0,"turns":5.0},{"damage":28.0,"enemies":"Hexaghost","floor":16.0,"turns":13.0},{"damage":23.0,"enemies":"Shell Parasite","floor":18.0,"turns":7.0},{"damage":12.0,"enemies":"Masked Bandits","floor":19.0,"turns":5.0},{"damage":4.0,"enemies":"Spheric Guardian","floor":21.0,"turns":6.0},{"damage":16.0,"enemies":"Slavers","floor":24.0,"turns":5.0},{"damage":15.0,"enemies":"Gremlin Leader","floor":27.0,"turns":7.0},{"damage":15.0,"enemies":"3 Cultists","floor":29.0,"turns":6.0},{"damage":4.0,"enemies":"Book of Stabbing","floor":30.0,"turns":4.0},{"damage":47.0,"enemies":"Collector","floor":33.0,"turns":7.0},{"damage":0.0,"enemies":"3 Shapes","floor":35.0,"turns":6.0},{"damage":14.0,"enemies":"Orb Walker","floor":37.0,"turns":5.0},{"damage":11.0,"enemies":"Writhing Mass","floor":38.0,"turns":5.0},{"damage":8.0,"enemies":"Transient","floor":39.0,"turns":6.0},{"damage":57,"enemies":"Reptomancer","floor":40,"turns":2}],"seed_played":"-7482291381090419157","potions_obtained":[{"floor":5.0,"key":"AttackPotion"},{"floor":10.0,"key":"Poison Potion"},{"floor":12.0,"key":"Strength Potion"},{"floor":18.0,"key":"Explosive Potion"},{"floor":24.0,"key":"Regen Potion"},{"floor":27.0,"key":"Dexterity Potion"},{"floor":29.0,"key":"Block Potion"},{"floor":33.0,"key":"SkillPotion"},{"floor":38.0,"key":"Explosive Potion"}],"is_trial":false,"path_per_floor":["M","?","$","?","M","R","?","R","T","M","?","E","$","M","R","B",null,"M","?","$","M","?","R","E","?","T","E","R","M","E","?","R","B",null,"M","?","M","M","M","E"],"character_chosen":"IRONCLAD","items_purchased":["Uppercut","Warcry","Metallicize","Explosive Potion"],"campfire_rested":2,"item_purchase_floors":[3,3,13,20],"current_hp_per_floor":[59,59,59,59,57,57,57,57,57,54,54,42,42,45,45,23,62,45,39,39,41,41,63,53,42,42,48,70,61,63,63,63,22,62,68,68,60,55,53,0],"gold":222,"neow_bonus":"ONE_RANDOM_RARE_CARD","is_prod":false,"is_daily":false,"chose_seed":false,"campfire_upgraded":3,"win_rate":0,"timestamp":1550775974,"path_taken":["M","?","$","?","?","R","?","R","T","?","?","E","?","M","R","BOSS","M","?","$","M","?","R","E","?","T","E","R","?","E","?","R","BOSS","M","?","?","M","M","E"],"build_version":"2019-01-23","purchased_purges":1,"victory":false,"max_hp_per_floor":[75,75,75,75,75,75,75,75,75,75,75,75,75,75,75,75,75,75,75,75,75,75,75,75,75,75,75,75,75,75,75,75,75,75,75,75,75,75,75,75],"card_choices":[{"not_picked":["Heavy Blade","Warcry"],"picked":"True Grit","floor":1.0},{"not_picked":["Sever Soul","Warcry"],"picked":"Cleave","floor":5.0},{"not_picked":["Body Slam","Blood for Blood"],"picked":"Ghostly Armor","floor":10.0},{"not_picked":["Uppercut","Reckless Charge"],"picked":"Carnage","floor":12.0},{"not_picked":["Fire Breathing","Ghostly Armor","Iron Wave"],"picked":"SKIP","floor":14.0},{"not_picked":["Demon Form","Juggernaut"],"picked":"Impervious","floor":16.0},{"not_picked":["Clash","True Grit"],"picked":"Battle Trance","floor":18.0},{"not_picked":["True Grit","Headbutt+1"],"picked":"Metallicize","floor":19.0},{"not_picked":["Sever Soul+1","Warcry"],"picked":"Juggernaut","floor":21.0},{"not_picked":["Iron Wave","Perfected Strike","Thunderclap"],"picked":"SKIP","floor":24.0},{"not_picked":["Carnage","Intimidate","Wild Strike"],"picked":"SKIP","floor":27.0},{"not_picked":["Flex","Sword Boomerang+1"],"picked":"Body Slam","floor":29.0},{"not_picked":["Sword Boomerang","Immolate"],"picked":"Entrench","floor":30.0},{"not_picked":["Fiend Fire","Reaper"],"picked":"Demon Form","floor":33.0},{"not_picked":["Sever Soul","Armaments"],"picked":"Body Slam","floor":35.0},{"not_picked":["Twin Strike","Thunderclap","Dropkick"],"picked":"SKIP","floor":37.0},{"not_picked":["Combust","Pommel Strike"],"picked":"Burning Pact","floor":38.0},{"not_picked":["Twin Strike+1","Blood for Blood+1"],"picked":"Heavy Blade","floor":39.0}],"player_experience":321018,"relics_obtained":[{"floor":9.0,"key":"Calipers"},{"floor":12.0,"key":"Smiling Mask"},{"floor":19.0,"key":"Red Mask"},{"floor":24.0,"key":"Kunai"},{"floor":26.0,"key":"Whetstone"},{"floor":27.0,"key":"Peace Pipe"},{"floor":30.0,"key":"Boot"}],"event_choices":[{"damage_healed":0.0,"max_hp_gain":0.0,"max_hp_loss":0.0,"gold_gain":0.0,"event_name":"Shining Light","player_choice":"Ignored","floor":2.0,"gold_loss":0.0,"damage_taken":0.0},{"damage_healed":0.0,"max_hp_gain":0.0,"max_hp_loss":0.0,"gold_gain":0.0,"event_name":"Accursed Blacksmith","player_choice":"Rummage","floor":4.0,"gold_loss":0.0,"damage_taken":0.0,"relics_obtained":["WarpedTongs"],"cards_obtained":["Pain"]},{"damage_healed":0.0,"max_hp_gain":0.0,"max_hp_loss":0.0,"gold_gain":0.0,"event_name":"WeMeetAgain","player_choice":"Gave Potion","floor":7.0,"gold_loss":0.0,"damage_taken":0.0,"relics_obtained":["Self Forming Clay"]},{"damage_healed":0.0,"max_hp_gain":0.0,"max_hp_loss":0.0,"gold_gain":0.0,"event_name":"Liars Game","player_choice":"Ignored","floor":11.0,"gold_loss":0.0,"damage_taken":0.0},{"damage_healed":0.0,"max_hp_gain":0.0,"max_hp_loss":0.0,"gold_gain":0.0,"event_name":"Masked Bandits","player_choice":"Fought Bandits","floor":19.0,"gold_loss":0.0,"damage_taken":0.0},{"cards_removed":["Pain"],"damage_healed":0.0,"max_hp_gain":0.0,"max_hp_loss":0.0,"gold_gain":0.0,"event_name":"Back to Basics","player_choice":"Elegance","floor":22.0,"gold_loss":0.0,"damage_taken":0.0},{"damage_healed":0.0,"max_hp_gain":0.0,"max_hp_loss":0.0,"gold_gain":0.0,"event_name":"Wheel of Change","player_choice":"Damaged","floor":25.0,"gold_loss":0.0,"damage_taken":11.0},{"cards_removed":["Strike_R"],"damage_healed":0.0,"max_hp_gain":0.0,"max_hp_loss":0.0,"gold_gain":0.0,"event_name":"Designer","player_choice":"Upgrade and Remove","floor":31.0,"gold_loss":110.0,"damage_taken":0.0,"cards_upgraded":["Defend_R"]},{"cards_removed":["Warcry"],"damage_healed":0.0,"max_hp_gain":0.0,"max_hp_loss":0.0,"gold_gain":0.0,"event_name":"Purifier","player_choice":"Purged","floor":36.0,"gold_loss":0.0,"damage_taken":0.0}],"is_beta":false,"boss_relics":[{"not_picked":["Eternal Feather","Coffee Dripper"],"picked":"Snecko Eye"},{"not_picked":["Philosopher\u0027s Stone","Orrery"],"picked":"Fusion Hammer"}],"items_purged_floors":[20],"is_endless":false,"potions_floor_spawned":[5,10,12,18,24,27,29,33,38,39],"killed_by":"Reptomancer","ascension_level":19}