{"gold_per_floor":[14,32,52,22,39,39,49,84,84,84,84,84],"floor_reached":12,"playtime":427,"items_purged":[],"score":185,"play_id":"03c7f12c-b5d0-4346-ac3f-cea7bc727bc0","local_time":"20190224153000","is_ascension_mode":true,"campfire_choices":[{"floor":6,"key":"REST"}],"neow_cost":"NO_GOLD","seed_source_timestamp":176436816638862,"circlet_count":0,"master_deck":["AscendersBane","Strike_B","Strike_B","Strike_B","Defend_B","Defend_B+1","Defend_B","Defend_B","Zap","Dualcast","Defragment","Leap","Coolheaded","Streamline+1","Beam Cell","Sunder","Rebound","All For One"],"relics":["Cracked Core","Pear","Calipers"],"potions_floor_usage":[5],"damage_taken":[{"damage":14,"enemies":"2 Louse","floor":1,"turns":3},{"damage":6,"enemies":"Small Slimes","floor":2,"turns":4},{"damage":4,"enemies":"Jaw Worm","floor":3,"turns":4},{"damage":12,"enemies":"3 Louse","floor":5,"turns":3},{"damage":16,"enemies":"Large Slime","floor":7,"turns":6},{"damage":16,"enemies":"Lagavulin","floor":8,"turns":8},{"damage":25,"enemies":"Gremlin Gang","floor":12,"turns":2}],"seed_played":"-2891732648181868868","potions_obtained":[{"floor":1,"key":"SpeedPotion"},{"floor":8,"key":"LiquidBronze"}],"is_trial":false,"path_per_floor":["M","M","M","$","M","R","M","E","T","?","?","M"],"character_chosen":"DEFECT","items_purchased":["Streamline"],"campfire_rested":1,"item_purchase_floors":[4],"current_hp_per_floor":[64,58,54,54,42,67,51,45,45,16,16,0],"gold":84,"neow_bonus":"TWENTY_PERCENT_HP_BONUS","is_prod":false,"is_daily":false,"chose_seed":false,"campfire_upgraded":0,"win_rate":0,"timestamp":1551040200,"path_taken":["M","M","M","$","M","R","M","E","T","?","?","M"],"build_version":"2019-01-23","purchased_purges":0,"victory":false,"max_hp_per_floor":[85,85,85,85,85,85,85,95,95,95,95,95],"card_choices":[{"not_picked":["Barrage","Beam Cell"],"picked":"Defragment","floor":1},{"not_picked":["Force Field","Recycle"],"picked":"Leap","floor":2},{"not_picked":["Doom and Gloom","Barrage"],"picked":"Coolheaded","floor":3},{"not_picked":["Barrage","Steam"],"picked":"Beam Cell","floor":5},{"not_picked":["Conserve Battery","Streamline"],"picked":"Sunder","floor":7},{"not_picked":["Double Energy","Gash"],"picked":"Rebound","floor":8}],"player_experience":327470,"relics_obtained":[{"floor":8,"key":"Pear"},{"floor":9,"key":"Calipers"}],"event_choices":[{"damage_healed":0,"gold_gain":0,"player_choice":"Entered Light","damage_taken":29,"max_hp_gain":0,"max_hp_loss":0,"event_name":"Shining Light","floor":10,"gold_loss":0,"cards_upgraded":["Defend_B","Streamline"]},{"damage_healed":0,"gold_gain":0,"cards_transformed":["Strike_B"],"player_choice":"Change","damage_taken":0,"max_hp_gain":0,"max_hp_loss":0,"event_name":"Living Wall","floor":11,"gold_loss":0,"cards_obtained":["All For One"]}],"is_beta":false,"boss_relics":[],"items_purged_floors":[],"is_endless":false,"potions_floor_spawned":[1,8],"killed_by":"Gremlin Gang","ascension_level":20}