{"path_per_floor":["M","T","?","M","M","E","R","M","T","R","?","?","M","$","R","B",null,"M","?","?","T","M","E","R","M","T","R","E","R","?","M","R","B",null,"M","?","$","?","M","E","M","M","T","E","M","M","$","M","R","B"],"character_chosen":"IRONCLAD","items_purchased":["Pen Nib","Metallicize","Oddly Smooth Stone","Pummel","Bottled Lightning"],"gold_per_floor":[114,114,114,127,143,177,177,202,226,226,226,226,241,9,9,135,135,159,159,74,74,88,132,132,150,229,229,262,262,262,281,281,401,401,419,419,130,130,146,186,200,213,213,247,260,274,34,55,55,55],"floor_reached":51,"campfire_rested":1,"playtime":3427,"current_hp_per_floor":[48,48,48,54,59,47,47,47,54,54,36,36,47,47,47,33,101,102,102,102,102,108,80,80,79,89,89,79,79,79,74,74,101,132,132,132,132,132,96,128,74,63,77,50,83,90,90,89,143,166],"items_purged":["Strike_R"],"gold":55,"score":729,"play_id":"72d1d01c-786e-4d10-92d1-0057d518e4b1","is_prod":false,"is_daily":false,"is_ascension_mode":true,"campfire_upgraded":7,"path_taken":["M","?","?","M","M","E","R","M","T","R","?","?","M","?","R","BOSS","M","?","?","?","M","E","R","?","T","R","E","R","?","M","R","BOSS","M","?","$","?","M","E","M","?","T","E","M","?","$","?","R","BOSS"],"build_version":"2018-02-15-PROD1","purchased_purges":1,"victory":true,"master_deck":["Strike_R","Strike_R","Strike_R","Defend_R","Defend_R","Defend_R","Defend_R","Bash","Feed+1","Immolate","Shrug It Off","Flex+1","Battle Trance","Feed+1","Infernal Blade+1","Metallicize+1","Demon Form+1","Thunderclap","Shockwave+1","Evolve+1","Armaments+1","Exhume","Barricade","Headbutt","Pummel","Decay","Clothesline+1","Metallicize+1","Fiend Fire"],"max_hp_per_floor":[83,83,77,77,80,83,83,87,94,94,94,94,101,101,101,101,101,104,104,104,104,108,111,111,114,124,124,124,124,124,128,128,132,132,132,132,132,132,132,132,140,148,162,166,170,174,174,182,182,182],"relics":["Burning Blood","Frozen Eye","Golden Idol","Magic Flower","Strawberry","Thread and Needle","Pen Nib","Velvet Choker","Blood Vial","Dead Branch","Pantograph","Pear","Torii","Peace Pipe","Sozu","Oddly Smooth Stone","Bird Faced Urn","Mango","Du-Vu Doll","Bottled Lightning"],"card_choices":[{"not_picked":["Barricade","Fiend Fire"],"picked":"Feed"},{"not_picked":["Combust","Headbutt"],"picked":"Immolate"},{"not_picked":["Body Slam","Clothesline"],"picked":"Shrug It Off"},{"not_picked":["Sword Boomerang","Body Slam"],"picked":"Flex"},{"not_picked":["True Grit","Sentinel"],"picked":"Battle Trance"},{"not_picked":["Combust","Rampage"],"picked":"Intimidate"},{"not_picked":["Havoc","Clothesline"],"picked":"Infernal Blade"},{"not_picked":["Reaper","Impervious"],"picked":"Demon Form"},{"not_picked":["Anger","Havoc"],"picked":"Thunderclap"},{"not_picked":["Clash","Perfected Strike"],"picked":"Shockwave"},{"not_picked":["Body Slam","Thunderclap"],"picked":"Evolve"},{"not_picked":["Flame Barrier","Flex"],"picked":"Armaments"},{"not_picked":["Warcry","Armaments"],"picked":"Exhume"},{"not_picked":["Juggernaut","Impervious"],"picked":"Barricade"},{"not_picked":["Pommel Strike","Body Slam"],"picked":"Headbutt"},{"not_picked":["Shrug It Off","Cleave"],"picked":"Clothesline"},{"not_picked":["Whirlwind","Body Slam"],"picked":"Metallicize"},{"not_picked":["Evolve","Carnage"],"picked":"Fiend Fire"}],"player_experience":115076,"potions_floor_usage":[16,16],"damage_taken":[{"damage":1.0,"enemies":"Cultist","floor":1.0,"turns":4.0},{"damage":0.0,"enemies":"Small Slimes","floor":4.0,"turns":4.0},{"damage":4.0,"enemies":"2 Louse","floor":5.0,"turns":3.0},{"damage":21.0,"enemies":"3 Sentries","floor":6.0,"turns":9.0},{"damage":15.0,"enemies":"2 Fungi Beasts","floor":8.0,"turns":3.0},{"damage":9.0,"enemies":"Lots of Slimes","floor":13.0,"turns":4.0},{"damage":23,"enemies":"The Guardian","floor":16,"turns":14},{"damage":13,"enemies":"Spheric Guardian","floor":18,"turns":6},{"damage":3,"enemies":"Shell Parasite","floor":22,"turns":5},{"damage":42,"enemies":"Slavers","floor":23,"turns":7},{"damage":18,"enemies":"Snecko","floor":25,"turns":5},{"damage":22,"enemies":"Book of Stabbing","floor":28,"turns":6},{"damage":23,"enemies":"Sentry and Sphere","floor":31,"turns":4},{"damage":29,"enemies":"Automaton","floor":33,"turns":7},{"damage":1,"enemies":"Orb Walker","floor":35,"turns":5},{"damage":45,"enemies":"3 Darklings","floor":39,"turns":6},{"damage":15,"enemies":"Giant Head","floor":40,"turns":6},{"damage":85,"enemies":"Sphere and 2 Shapes","floor":41,"turns":7},{"damage":41,"enemies":"4 Shapes","floor":42,"turns":6},{"damage":54,"enemies":"Nemesis","floor":44,"turns":7},{"damage":0,"enemies":"Maw","floor":45,"turns":7},{"damage":26,"enemies":"3 Darklings","floor":46,"turns":5},{"damage":54,"enemies":"4 Shapes","floor":48,"turns":5},{"damage":37,"enemies":"Time Eater","floor":50,"turns":9}],"event_choices":[{"event_name":"Golden Idol","player_choice":"Lose Max HP","floor":3.0,"damage_taken":0.0},{"event_name":"Scrap Ooze","player_choice":"success","floor":11.0,"damage_taken":18.0},{"event_name":"Match and Keep!","player_choice":"1 cards matched","floor":12.0,"damage_taken":0.0},{"event_name":"Back to Basics","player_choice":"Elegance","floor":19,"damage_taken":0},{"event_name":"Addict","player_choice":"Obtained Relic","floor":20,"damage_taken":0},{"event_name":"Accursed Blacksmith","player_choice":"Rummage","floor":30,"damage_taken":0},{"event_name":"Wheel of Change","player_choice":"Curse","floor":38,"damage_taken":0}],"boss_relics":[{"not_picked":["Runic Pyramid","Mark of Pain"],"picked":"Velvet Choker"},{"not_picked":["White Beast Statue","Black Star"],"picked":"Sozu"}],"potions_floor_spawned":[1,4,13,31,33,42,45,46,48],"seed_played":"-8101866591333958648","ascension_level":3,"is_trial":false}