{"gold_per_floor":[113,124,199,219,232,232,244,244,244,254,354,386,397,408,408,512,512,525,525,536,41,58,58,70,18,18,18,37,37],"floor_reached":29,"playtime":1061,"items_purged":["Strike_B"],"score":372,"play_id":"4ee16fc0-1004-4c00-8431-b20dc19f4e08","local_time":"20180710001754","is_ascension_mode":true,"campfire_choices":[{"data":"Beam Cell","floor":6,"key":"SMITH"},{"floor":8,"key":"REST"},{"floor":15,"key":"REST"},{"floor":23,"key":"REST"}],"neow_cost":"NONE","seed_source_timestamp":1318667488814303,"circlet_count":0,"master_deck":["Strike_B","Strike_B","Defend_B","Defend_B","Defend_B","Defend_B","Zap","Dualcast","AscendersBane","Reinforced Body","Ball Lightning","Beam Cell+1","Turbo","Stack","Gash","Beam Cell","Steam","Streamline","Electrodynamics","All For One","Gash+1","Go for the Eyes","FTL","Rebound+1","Capacitor","Gash","FTL+1"],"relics":["Cracked Core","Letter Opener","Gremlin Horn","Black Star","Pear","Cables"],"potions_floor_usage":[12,12,18,22],"damage_taken":[{"damage":4,"enemies":"Small Slimes","floor":1,"turns":4},{"damage":2,"enemies":"Jaw Worm","floor":2,"turns":3},{"damage":5,"enemies":"Cultist","floor":4,"turns":4},{"damage":0,"enemies":"3 Louse","floor":5,"turns":3},{"damage":9,"enemies":"Red Slaver","floor":7,"turns":3},{"damage":6,"enemies":"Looter","floor":10,"turns":2},{"damage":9,"enemies":"3 Sentries","floor":12,"turns":7},{"damage":0,"enemies":"3 Louse","floor":13,"turns":3},{"damage":7,"enemies":"Large Slime","floor":14,"turns":6},{"damage":39,"enemies":"The Guardian","floor":16,"turns":11},{"damage":2,"enemies":"Chosen","floor":18,"turns":4},{"damage":21,"enemies":"Shell Parasite","floor":20,"turns":5},{"damage":11,"enemies":"Centurion and Healer","floor":22,"turns":5},{"damage":39,"enemies":"Snake Plant","floor":24,"turns":5},{"damage":11,"enemies":"Sentry and Sphere","floor":28,"turns":3},{"damage":15,"enemies":"Gremlin Leader","floor":29,"turns":5}],"seed_played":"-6794678671271786111","potions_obtained":[{"floor":1,"key":"LiquidBronze"},{"floor":2,"key":"SpeedPotion"},{"floor":5,"key":"Swift Potion"},{"floor":13,"key":"FocusPotion"},{"floor":16,"key":"Poison Potion"},{"floor":18,"key":"FearPotion"}],"is_trial":false,"path_per_floor":["M","M","?","M","M","R","M","R","T","M","?","E","M","M","R","B",null,"M","?","M","$","M","R","M","$","T","?","M"],"character_chosen":"DEFECT","items_purchased":["Pear","FTL","Fruit Juice","Gash"],"campfire_rested":3,"item_purchase_floors":[21,21,21,25],"current_hp_per_floor":[64,62,51,46,46,46,37,59,59,53,53,44,44,37,59,20,61,59,45,24,34,28,56,17,17,17,17,6,0],"gold":37,"neow_bonus":"TRANSFORM_CARD","is_prod":false,"is_daily":false,"chose_seed":false,"campfire_upgraded":1,"win_rate":0,"timestamp":1531199874,"path_taken":["M","M","?","?","M","R","M","R","T","M","?","E","M","M","R","BOSS","M","?","M","?","?","R","M","?","T","?","M","E"],"build_version":"2018-07-05","purchased_purges":1,"victory":false,"max_hp_per_floor":[75,75,75,75,75,75,75,75,75,75,75,75,75,75,75,75,75,75,80,80,90,95,95,95,95,95,95,95,95],"card_choices":[{"not_picked":["FTL","Streamline"],"picked":"Ball Lightning","floor":1},{"not_picked":["FTL","Leap"],"picked":"Beam Cell","floor":2},{"not_picked":["Glacier","Loop"],"picked":"Turbo","floor":4},{"not_picked":["Storm","Glacier"],"picked":"Stack","floor":5},{"not_picked":["Machine Learning","Barrage"],"picked":"Gash","floor":7},{"not_picked":["Defragment","Glacier"],"picked":"Beam Cell","floor":10},{"not_picked":["Reinforced Body","Stack"],"picked":"Steam","floor":12},{"not_picked":["Steam","Undo"],"picked":"Streamline","floor":13},{"not_picked":["Streamline","Hologram"],"picked":"Electrodynamics","floor":14},{"not_picked":["Reboot","Fission"],"picked":"All For One","floor":16},{"not_picked":["Doom and Gloom+1","Hologram"],"picked":"Gash+1","floor":18},{"not_picked":["Blizzard","Steam"],"picked":"Go for the Eyes","floor":20},{"not_picked":["Turbo","Double Energy"],"picked":"Rebound+1","floor":22},{"not_picked":["Storm+1","Rebound"],"picked":"Capacitor","floor":24},{"not_picked":["Ball Lightning","Undo+1"],"picked":"FTL+1","floor":28}],"player_experience":425796,"relics_obtained":[{"floor":9,"key":"Letter Opener"},{"floor":12,"key":"Gremlin Horn"},{"floor":26,"key":"Cables"}],"event_choices":[{"event_name":"World of Goop","player_choice":"Gather Gold","floor":3,"damage_taken":0},{"event_name":"Golden Shrine","player_choice":"Pray","floor":11,"damage_taken":0},{"event_name":"Forgotten Altar","player_choice":"Shed Blood","floor":19,"damage_taken":0},{"event_name":"Addict","player_choice":"Ignored","floor":27,"damage_taken":0}],"boss_relics":[{"not_picked":["Eternal Feather","Coffee Dripper"],"picked":"Black Star"}],"items_purged_floors":[21],"is_endless":false,"potions_floor_spawned":[1,2,5,7,13,16,18,20],"killed_by":"Gremlin Leader","ascension_level":10}