{"gold_per_floor":[118,136,149,224,189,37,37,71,71,96,96,73,73,73,73,173,173,192,192,192,205,120,453,453,467,494,494,494,526,451,21,21,21],"floor_reached":33,"playtime":1434,"items_purged":["Strike_B"],"score":445,"play_id":"203ee2e3-bf62-4170-97a0-a488a69048c4","local_time":"20180810101818","is_ascension_mode":true,"campfire_choices":[{"floor":11,"key":"REST"},{"data":"Barrage","floor":13,"key":"SMITH"},{"floor":15,"key":"REST"},{"floor":24,"key":"REST"},{"data":"Hyperbeam","floor":27,"key":"SMITH"},{"floor":32,"key":"REST"}],"neow_cost":"PERCENT_DAMAGE","seed_source_timestamp":473078650051289,"circlet_count":0,"master_deck":["Defend_B+1","Defend_B+1","Defend_B","Zap","Dualcast","AscendersBane","Amplify","Undo","Cold Snap","Compile Driver","Ball Lightning","Barrage+1","Hologram","Stack","Loop","Leap+1","Hyperbeam+1","Self Repair+1","Sunder","Core Surge","Conserve Battery+1","Static Discharge"],"relics":["Cracked Core","Turnip","Gambling Chip","Toxic Egg 2","Omamori","Velvet Choker","Happy Flower","Dodecahedron","Old Coin","Pen Nib","Nilry\u0027s Codex","Regal Pillow","Sling","War Paint"],"potions_floor_usage":[25,29],"damage_taken":[{"damage":0,"enemies":"Cultist","floor":1,"turns":3},{"damage":0,"enemies":"Small Slimes","floor":2,"turns":3},{"damage":0,"enemies":"Jaw Worm","floor":3,"turns":4},{"damage":11,"enemies":"Gremlin Nob","floor":8,"turns":4},{"damage":19,"enemies":"3 Sentries","floor":10,"turns":6},{"damage":20,"enemies":"The Guardian","floor":16,"turns":11},{"damage":0,"enemies":"Shell Parasite","floor":18,"turns":6},{"damage":11,"enemies":"Spheric Guardian","floor":21,"turns":3},{"damage":30,"enemies":"Book of Stabbing","floor":23,"turns":7},{"damage":11,"enemies":"Centurion and Healer","floor":25,"turns":7},{"damage":20,"enemies":"Gremlin Leader","floor":29,"turns":5},{"damage":75,"enemies":"Automaton","floor":33,"turns":8}],"seed_played":"2694025104819975845","potions_obtained":[{"floor":3,"key":"GamblersBrew"},{"floor":10,"key":"Explosive Potion"},{"floor":25,"key":"LiquidBronze"}],"is_trial":false,"path_per_floor":["M","M","M","?","?","$","?","E","T","E","R","$","R","?","R","B",null,"M","?","?","M","?","E","R","M","T","R","?","E","?","$","R"],"character_chosen":"DEFECT","items_purchased":["Barrage","Hologram","Leap+1","Sling","War Paint","Static Discharge"],"campfire_rested":4,"item_purchase_floors":[6,6,12,31,31,31],"current_hp_per_floor":[50,50,50,39,57,57,50,39,39,20,42,42,42,35,57,37,66,66,66,66,65,65,45,67,66,66,66,50,40,40,40,75,0],"gold":21,"neow_bonus":"TRANSFORM_TWO_CARDS","is_prod":false,"is_daily":false,"chose_seed":false,"campfire_upgraded":2,"win_rate":0,"timestamp":1533910698,"path_taken":["M","?","M","?","?","?","?","E","T","E","R","$","R","?","R","BOSS","M","?","?","M","?","E","R","M","T","R","?","E","?","$","R","BOSS"],"build_version":"2018-08-09","purchased_purges":1,"victory":false,"max_hp_per_floor":[75,75,75,75,75,75,75,75,75,75,75,75,75,75,75,75,75,75,75,75,75,75,75,75,75,75,75,75,75,75,75,75,75],"card_choices":[{"not_picked":["Turbo","Compile Driver"],"picked":"Cold Snap","floor":1},{"not_picked":["Redo","Recycle"],"picked":"Compile Driver","floor":2},{"not_picked":["Heatsinks","Genetic Algorithm"],"picked":"Ball Lightning","floor":3},{"not_picked":["Gash","Glacier"],"picked":"Stack","floor":8},{"not_picked":["Sweeping Beam","Tempest"],"picked":"Loop","floor":10},{"not_picked":["Multi-Cast+1","All For One"],"picked":"Hyperbeam","floor":16},{"not_picked":["Barrage","Loop"],"picked":"Self Repair+1","floor":18},{"not_picked":["Steam Power+1","Force Field+1","Chaos+1"],"picked":"SKIP","floor":21},{"not_picked":["Compile Driver","FTL+1"],"picked":"Core Surge","floor":23},{"not_picked":["Compile Driver","Redo+1"],"picked":"Conserve Battery+1","floor":25},{"not_picked":["Fission+1","Compile Driver","Scrape"],"picked":"SKIP","floor":29}],"player_experience":444150,"relics_obtained":[{"floor":8,"key":"Turnip"},{"floor":9,"key":"Gambling Chip"},{"floor":10,"key":"Toxic Egg 2"},{"floor":23,"key":"Old Coin"},{"floor":26,"key":"Pen Nib"},{"floor":28,"key":"Nilry\u0027s Codex"},{"floor":29,"key":"Regal Pillow"}],"event_choices":[{"event_name":"World of Goop","player_choice":"Gather Gold","floor":4,"damage_taken":0},{"event_name":"The Cleric","player_choice":"Healed","floor":5,"damage_taken":0},{"event_name":"Golden Wing","player_choice":"Card Removal","floor":7,"damage_taken":0},{"event_name":"Scrap Ooze","player_choice":"success","floor":14,"damage_taken":7},{"event_name":"The Mausoleum","player_choice":"Yes","floor":19,"damage_taken":0},{"event_name":"The Library","player_choice":"Read","floor":20,"damage_taken":0},{"event_name":"Addict","player_choice":"Obtained Relic","floor":22,"damage_taken":0},{"event_name":"Cursed Tome","player_choice":"Obtained Book","floor":28,"damage_taken":0},{"event_name":"Beggar","player_choice":"Gave Gold","floor":30,"damage_taken":0}],"is_beta":false,"boss_relics":[{"not_picked":["Ectoplasm","Pandora\u0027s Box"],"picked":"Velvet Choker"}],"items_purged_floors":[6],"is_endless":false,"potions_floor_spawned":[3,10,25],"killed_by":"Automaton","ascension_level":11}