{"gold_per_floor":[117,267,267,58,58,58,84,84,84,116,116,116,132,144,144,222,222,232,44,144,144,144,144,172,172,250,250,250,282,52,52,52,126,126,141,151,151,170,270,270,301,301,301,315,350,370,370,404,404,404,404,404,98,126,126],"floor_reached":55,"playtime":2067,"items_purged":["Doubt","Strike_B","Strike_B+1"],"score":1557,"play_id":"d082817d-488f-4cd8-9cb4-6d3957528c1b","local_time":"20190214005245","is_ascension_mode":true,"campfire_choices":[{"data":"Self Repair","floor":6.0,"key":"SMITH"},{"data":"Dualcast","floor":8.0,"key":"SMITH"},{"data":"Ball Lightning","floor":12.0,"key":"SMITH"},{"data":"Force Field","floor":15.0,"key":"SMITH"},{"floor":23.0,"key":"REST"},{"floor":25.0,"key":"REST"},{"data":"Doom and Gloom","floor":28.0,"key":"SMITH"},{"data":"Strike_B","floor":32.0,"key":"PURGE"},{"floor":40.0,"key":"DIG"},{"floor":42.0,"key":"DIG"},{"floor":47.0,"key":"REST"},{"floor":49.0,"key":"RECALL"},{"floor":52.0,"key":"DIG"}],"neow_cost":"NONE","seed_source_timestamp":0,"circlet_count":0,"master_deck":["AscendersBane","Strike_B+1","Defend_B","Defend_B","Defend_B","Defend_B","Zap","Dualcast+1","Self Repair+1","Loop+1","Ball Lightning+1","FTL","Force Field+1","Echo Form+1","Self Repair+1","Doom and Gloom+1","Turbo","Sunder+1","Static Discharge+1","Necronomicurse","Static Discharge+1","Echo Form+1","Biased Cognition+1","Force Field+1","Biased Cognition+1","Static Discharge+1","Heatsinks+1","Storm+1","Defragment+1"],"special_seed":0,"relics":["Cracked Core","NeowsBlessing","Blood Vial","Bronze Scales","Strawberry","Frozen Egg 2","Orrery","Peace Pipe","Mummified Hand","Necronomicon","Whetstone","Singing Bowl","Dead Branch","DollysMirror","Fusion Hammer","Shovel","Regal Pillow","Boot","Centennial Puzzle","PreservedInsect","Sundial","Pear","Bottled Lightning"],"potions_floor_usage":[55,55],"damage_taken":[{"damage":0.0,"enemies":"2 Louse","floor":1.0,"turns":1.0},{"damage":0.0,"enemies":"Gremlin Nob","floor":7.0,"turns":1.0},{"damage":0.0,"enemies":"3 Sentries","floor":10.0,"turns":1.0},{"damage":15.0,"enemies":"Small Slimes","floor":13.0,"turns":3.0},{"damage":7.0,"enemies":"Jaw Worm","floor":14.0,"turns":3.0},{"damage":49.0,"enemies":"The Guardian","floor":16.0,"turns":9.0},{"damage":18.0,"enemies":"3 Byrds","floor":18.0,"turns":3.0},{"damage":34.0,"enemies":"Colosseum Slavers","floor":20.0,"turns":4.0},{"damage":63.0,"enemies":"Colosseum Nobs","floor":20.0,"turns":6.0},{"damage":32.0,"enemies":"Slavers","floor":24.0,"turns":3.0},{"damage":23.0,"enemies":"Gremlin Leader","floor":29.0,"turns":5.0},{"damage":53.0,"enemies":"Collector","floor":33.0,"turns":7.0},{"damage":48.0,"enemies":"3 Darklings","floor":35.0,"turns":4.0},{"damage":30.0,"enemies":"Orb Walker","floor":36.0,"turns":4.0},{"damage":6.0,"enemies":"4 Shapes","floor":38.0,"turns":3.0},{"damage":0.0,"enemies":"Mind Bloom Boss Battle","floor":39.0,"turns":4.0},{"damage":56.0,"enemies":"Reptomancer","floor":41.0,"turns":5.0},{"damage":9.0,"enemies":"Transient","floor":44.0,"turns":6.0},{"damage":78.0,"enemies":"Giant Head","floor":45.0,"turns":5.0},{"damage":17.0,"enemies":"Sphere and 2 Shapes","floor":46.0,"turns":4.0},{"damage":38.0,"enemies":"Reptomancer","floor":48.0,"turns":3.0},{"damage":28.0,"enemies":"Awakened One","floor":50.0,"turns":6.0},{"damage":67.0,"enemies":"Shield and Spear","floor":54.0,"turns":4.0},{"damage":53,"enemies":"The Heart","floor":55,"turns":3}],"seed_played":"467091270702542687","potions_obtained":[{"floor":7.0,"key":"Poison Potion"},{"floor":16.0,"key":"Fire Potion"},{"floor":18.0,"key":"Block Potion"},{"floor":20.0,"key":"EssenceOfSteel"},{"floor":35.0,"key":"Dexterity Potion"},{"floor":36.0,"key":"Dexterity Potion"},{"floor":54.0,"key":"GamblersBrew"}],"is_trial":false,"path_per_floor":["M","?","?","$","?","R","E","R","T","E","?","R","M","M","R","B",null,"M","$","?","?","?","R","E","R","T","?","R","E","$","$","R","B",null,"M","M","?","M","?","R","E","R","T","M","E","M","R","E","R","B",null,"R","$","E","B"],"character_chosen":"DEFECT","items_purchased":["Loop","Fire Potion","Static Discharge+1","DollysMirror","Storm+1","Regen Potion","Weak Potion"],"campfire_rested":3,"item_purchase_floors":[4,4,19,30,53,53,53],"current_hp_per_floor":[64,64,53,53,53,53,55,55,62,64,69,69,66,71,71,34,71,75,75,50,50,29,53,43,67,67,67,67,68,68,68,68,47,76,70,84,86,91,93,93,69,69,69,82,48,33,77,41,41,35,82,92,92,51,0],"gold":126,"neow_bonus":"THREE_ENEMY_KILL","is_prod":false,"is_daily":false,"chose_seed":false,"campfire_upgraded":5,"win_rate":0,"timestamp":1550123565,"path_taken":["M","?","?","$","?","R","E","R","T","E","?","R","M","M","R","BOSS","M","$","?","?","?","R","E","R","T","?","R","E","?","$","R","BOSS","M","M","?","M","?","R","E","R","T","M","E","M","R","E","R","BOSS","R","$","E","BOSS"],"build_version":"2019-01-23","purchased_purges":3,"victory":false,"max_hp_per_floor":[71,71,71,71,71,71,71,71,78,78,83,83,83,83,83,83,83,83,83,83,83,83,83,83,83,83,83,83,85,85,85,85,85,85,85,87,89,91,93,93,95,95,95,95,97,97,97,97,97,97,97,107,107,107,107],"card_choices":[{"not_picked":["Beam Cell","Compile Driver"],"picked":"Self Repair","floor":1.0},{"not_picked":["Gash","Fission"],"picked":"Ball Lightning","floor":7.0},{"not_picked":["Barrage","Tempest","Gash"],"picked":"SKIP","floor":10.0},{"not_picked":["Melter","Hologram"],"picked":"FTL","floor":13.0},{"not_picked":["Hello World+1","Conserve Battery"],"picked":"Force Field","floor":14.0},{"not_picked":["Core Surge","Biased Cognition+1"],"picked":"Echo Form+1","floor":16.0},{"not_picked":["Static Discharge+1","Turbo"],"picked":"Self Repair+1","floor":17.0},{"not_picked":["Force Field","Undo"],"picked":"Doom and Gloom","floor":17.0},{"not_picked":["Fusion","Coolheaded"],"picked":"Turbo","floor":17.0},{"not_picked":["Steam+1","FTL+1"],"picked":"Sunder+1","floor":18.0},{"not_picked":["Steam","Hologram"],"picked":"Static Discharge+1","floor":24.0},{"not_picked":["Stack","Hologram","Ball Lightning"],"picked":"Singing Bowl","floor":29.0},{"not_picked":["Fission","Hyperbeam"],"picked":"Biased Cognition+1","floor":33.0},{"not_picked":["Streamline+1","Undo+1"],"picked":"Force Field+1","floor":35.0},{"not_picked":["Stack","Gash+1","Redo+1"],"picked":"Singing Bowl","floor":36.0},{"not_picked":["Thinking Ahead","Purity","Flash of Steel"],"picked":"Singing Bowl","floor":37.0},{"not_picked":["Beam Cell","Sweeping Beam","Go for the Eyes"],"picked":"Singing Bowl","floor":38.0},{"not_picked":["Skim","Redo","Stack+1"],"picked":"Singing Bowl","floor":39.0},{"not_picked":["Hologram","Recycle","Leap"],"picked":"Singing Bowl","floor":41.0},{"not_picked":["Fusion","Conserve Battery+1"],"picked":"Biased Cognition+1","floor":44.0},{"not_picked":["Leap+1","Consume","Blizzard"],"picked":"Singing Bowl","floor":45.0},{"not_picked":["Chaos+1","Beam Cell"],"picked":"Static Discharge+1","floor":46.0},{"not_picked":["Hello World+1","Ball Lightning+1"],"picked":"Heatsinks+1","floor":48.0},{"not_picked":["Sunder","Cold Snap"],"picked":"Defragment+1","floor":54.0}],"player_experience":279587,"relics_obtained":[{"floor":7.0,"key":"Bronze Scales"},{"floor":9.0,"key":"Strawberry"},{"floor":10.0,"key":"Frozen Egg 2"},{"floor":20.0,"key":"Peace Pipe"},{"floor":20.0,"key":"Mummified Hand"},{"floor":22.0,"key":"Necronomicon"},{"floor":24.0,"key":"Whetstone"},{"floor":26.0,"key":"Singing Bowl"},{"floor":29.0,"key":"Dead Branch"},{"floor":39.0,"key":"Shovel"},{"floor":40.0,"key":"Regal Pillow"},{"floor":41.0,"key":"Boot"},{"floor":42.0,"key":"Centennial Puzzle"},{"floor":45.0,"key":"PreservedInsect"},{"floor":48.0,"key":"Sundial"},{"floor":52.0,"key":"Pear"},{"floor":54.0,"key":"Bottled Lightning"}],"event_choices":[{"damage_healed":0.0,"max_hp_gain":0.0,"max_hp_loss":0.0,"gold_gain":150.0,"event_name":"Liars Game","player_choice":"AGREE","floor":2.0,"gold_loss":0.0,"damage_taken":0.0,"cards_obtained":["Doubt"]},{"damage_healed":0.0,"max_hp_gain":0.0,"max_hp_loss":0.0,"gold_gain":0.0,"event_name":"Scrap Ooze","player_choice":"Success","floor":3.0,"gold_loss":0.0,"damage_taken":11.0,"relics_obtained":["Blood Vial"]},{"damage_healed":0.0,"max_hp_gain":0.0,"max_hp_loss":0.0,"gold_gain":0.0,"event_name":"Living Wall","player_choice":"Grow","floor":5.0,"gold_loss":0.0,"damage_taken":0.0,"cards_upgraded":["Loop"]},{"damage_healed":0.0,"max_hp_gain":5.0,"max_hp_loss":0.0,"gold_gain":0.0,"event_name":"Big Fish","player_choice":"Donut","floor":11.0,"gold_loss":0.0,"damage_taken":0.0},{"damage_healed":0.0,"max_hp_gain":0.0,"max_hp_loss":0.0,"gold_gain":0.0,"event_name":"Colosseum","player_choice":"Fight","floor":20.0,"gold_loss":0.0,"damage_taken":0.0},{"damage_healed":0.0,"max_hp_gain":0.0,"max_hp_loss":0.0,"gold_gain":0.0,"event_name":"Colosseum","player_choice":"Fought Nobs","floor":20.0,"gold_loss":0.0,"damage_taken":0.0},{"damage_healed":0.0,"max_hp_gain":0.0,"max_hp_loss":0.0,"gold_gain":0.0,"event_name":"Ghosts","player_choice":"Ignored","floor":21.0,"gold_loss":0.0,"damage_taken":0.0},{"damage_healed":0.0,"max_hp_gain":0.0,"max_hp_loss":0.0,"gold_gain":0.0,"event_name":"Cursed Tome","player_choice":"Obtained Book","floor":22.0,"gold_loss":0.0,"damage_taken":21.0},{"damage_healed":0.0,"max_hp_gain":0.0,"max_hp_loss":0.0,"gold_gain":0.0,"event_name":"Vampires","player_choice":"Ignored","floor":27.0,"gold_loss":0.0,"damage_taken":0.0},{"damage_healed":0.0,"max_hp_gain":0.0,"max_hp_loss":0.0,"gold_gain":0.0,"event_name":"SensoryStone","player_choice":"Memory 1","floor":37.0,"gold_loss":0.0,"damage_taken":0.0},{"damage_healed":0.0,"max_hp_gain":0.0,"max_hp_loss":0.0,"gold_gain":0.0,"event_name":"MindBloom","player_choice":"Fight","floor":39.0,"gold_loss":0.0,"damage_taken":0.0}],"is_beta":false,"boss_relics":[{"not_picked":["Busted Crown","Calling Bell"],"picked":"Orrery"},{"not_picked":["Philosopher\u0027s Stone","Runic Dome"],"picked":"Fusion Hammer"}],"items_purged_floors":[4,19,53],"is_endless":false,"potions_floor_spawned":[7,16,18,20,20,35,36,39,45,46,54],"killed_by":"The Heart","ascension_level":18}