{"gold_per_floor":[153,153,78,130,192,192,241,342,342,378,378,440,405,457,457,704,704,759,798,6,68,120,120,159,159,240,299,345,345,268,323,323,570,570,616,681,746,801,801,801,801,902,902,21,86,141,141,206,206,206],"floor_reached":51,"playtime":2258,"items_purged":["Injury"],"score":1443,"play_id":"5b98abe9-4571-4b3a-a4bd-f2ea2774a6c4","local_time":"20180707001155","daily_mods":["Heirloom","Allstar","Shiny","Midas","Time Dilation","Vintage"],"is_ascension_mode":true,"campfire_choices":[{"data":"1","floor":6,"key":"LIFT"},{"data":"2","floor":11,"key":"LIFT"},{"data":"3","floor":15,"key":"LIFT"},{"floor":23,"key":"REST"},{"floor":25,"key":"REST"},{"floor":32,"key":"DIG"},{"floor":40,"key":"DIG"},{"floor":47,"key":"DIG"},{"floor":49,"key":"DIG"}],"neow_cost":"","seed_source_timestamp":0,"circlet_count":0,"master_deck":["Double Tap+1","Demon Form","Bludgeon","Feed","Limit Break","Barricade","Fiend Fire","Dark Embrace","Berserk","Impervious","Juggernaut","Brutality","Reaper","Exhume","Offering","Immolate","AscendersBane","Thinking Ahead","Purity+1","Enlightenment","Flash of Steel","Jack Of All Trades+1","Limit Break","J.A.X.+1","Impervious+1","Normality","Seeing Red+1"],"relics":["Burning Blood","Girya","Letter Opener","Golden Idol","Matryoshka","Vajra","Du-Vu Doll","Juzu Bracelet","The Courier","Mummified Hand","Ornamental Fan","Kunai","Calipers","Self Forming Clay","Fusion Hammer","Meat on the Bone","Oddly Smooth Stone","Shuriken","Frozen Egg 2","Gremlin Horn","Blood Vial","Incense Burner","Regal Pillow","Toxic Egg 2","Orichalcum","Bottled Flame","Centennial Puzzle","Shovel","Pen Nib","Pear","Bottled Tornado","Runic Cube","Smiling Mask","Art of War","War Paint","Mercury Hourglass","Ancient Tea Set","Singing Bowl","Strawberry","Bronze Scales","Pantograph","ClockworkSouvenir","Paper Frog","Dodecahedron","Dream Catcher","Anchor","Molten Egg 2","Lantern","Blue Candle","Bottled Lightning","Thread and Needle"],"potions_floor_usage":[],"damage_taken":[{"damage":14,"enemies":"Small Slimes","floor":1,"turns":2},{"damage":0,"enemies":"2 Louse","floor":4,"turns":1},{"damage":16,"enemies":"Jaw Worm","floor":5,"turns":2},{"damage":8,"enemies":"Exordium Wildlife","floor":7,"turns":1},{"damage":8,"enemies":"3 Sentries","floor":8,"turns":3},{"damage":15,"enemies":"Looter","floor":10,"turns":2},{"damage":13,"enemies":"2 Fungi Beasts","floor":12,"turns":2},{"damage":14,"enemies":"Red Slaver","floor":14,"turns":2},{"damage":8,"enemies":"Slime Boss","floor":16,"turns":7},{"damage":8,"enemies":"3 Byrds","floor":18,"turns":1},{"damage":1,"enemies":"Shell Parasite","floor":19,"turns":2},{"damage":26,"enemies":"Chosen and Byrds","floor":21,"turns":2},{"damage":29,"enemies":"Centurion and Healer","floor":22,"turns":3},{"damage":4,"enemies":"Snake Plant","floor":24,"turns":1},{"damage":1,"enemies":"Cultist and Chosen","floor":27,"turns":2},{"damage":4,"enemies":"Snecko","floor":28,"turns":2},{"damage":28,"enemies":"Centurion and Healer","floor":31,"turns":2},{"damage":8,"enemies":"Champ","floor":33,"turns":2},{"damage":16,"enemies":"3 Darklings","floor":35,"turns":2},{"damage":4,"enemies":"Orb Walker","floor":36,"turns":2},{"damage":4,"enemies":"3 Darklings","floor":37,"turns":1},{"damage":27,"enemies":"Sphere and 2 Shapes","floor":38,"turns":1},{"damage":11,"enemies":"Giant Head","floor":42,"turns":3},{"damage":30,"enemies":"Maw","floor":45,"turns":4},{"damage":3,"enemies":"4 Shapes","floor":46,"turns":1},{"damage":21,"enemies":"3 Darklings","floor":48,"turns":4},{"damage":13,"enemies":"Time Eater","floor":50,"turns":6}],"seed_played":"-7832129545481247498","potions_obtained":[{"floor":10,"key":"Regen Potion"},{"floor":12,"key":"AttackPotion"},{"floor":31,"key":"Explosive Potion"}],"is_trial":true,"path_per_floor":["M","?","$","M","M","R","M","E","T","M","R","M","?","M","R","B",null,"M","M","$","M","M","R","M","R","T","M","M","?","?","M","R","B",null,"M","M","M","M","?","R","?","E","T","$","M","M","R","M","R","B"],"character_chosen":"IRONCLAD","items_purchased":["Shuriken","Frozen Egg 2","Gremlin Horn","Blood Vial","ClockworkSouvenir","Paper Frog","Dodecahedron","Dream Catcher","Anchor"],"campfire_rested":2,"item_purchase_floors":[20,20,20,20,44,44,44,44,44],"current_hp_per_floor":[66,66,66,72,65,65,63,61,61,52,52,64,81,73,73,79,81,82,84,84,64,58,87,87,87,87,87,87,87,87,65,75,75,92,97,97,97,84,84,84,91,99,99,99,77,82,82,69,69,89],"gold":206,"neow_bonus":"","is_prod":false,"is_daily":false,"chose_seed":false,"campfire_upgraded":0,"win_rate":0,"timestamp":1530897115,"path_taken":["M","?","$","M","M","R","M","E","T","M","R","M","?","M","R","BOSS","M","M","$","M","M","R","M","R","T","M","M","?","?","M","R","BOSS","M","M","M","M","?","R","?","E","T","$","M","M","R","M","R","BOSS"],"build_version":"2018-07-05","purchased_purges":1,"victory":true,"max_hp_per_floor":[75,75,75,75,78,78,78,78,78,78,78,81,81,81,81,81,81,84,84,84,84,87,87,87,87,87,87,87,87,87,87,97,97,97,97,97,97,97,97,97,104,104,104,104,104,104,104,104,104,104],"card_choices":[{"not_picked":["Warcry","Headbutt","Thunderclap"],"picked":"SKIP","floor":8},{"not_picked":["Juggernaut","Demon Form"],"picked":"Limit Break","floor":16},{"not_picked":["Immolate","Berserk+1"],"picked":"Impervious+1","floor":33},{"not_picked":["Combust+1","Feed"],"picked":"Seeing Red+1","floor":42}],"player_experience":37491,"relics_obtained":[{"floor":1,"key":"Letter Opener"},{"floor":4,"key":"Matryoshka"},{"floor":5,"key":"Vajra"},{"floor":7,"key":"Du-Vu Doll"},{"floor":8,"key":"Juzu Bracelet"},{"floor":9,"key":"The Courier"},{"floor":9,"key":"Mummified Hand"},{"floor":10,"key":"Ornamental Fan"},{"floor":12,"key":"Kunai"},{"floor":14,"key":"Calipers"},{"floor":16,"key":"Self Forming Clay"},{"floor":18,"key":"Meat on the Bone"},{"floor":19,"key":"Oddly Smooth Stone"},{"floor":21,"key":"Incense Burner"},{"floor":22,"key":"Regal Pillow"},{"floor":24,"key":"Toxic Egg 2"},{"floor":26,"key":"Orichalcum"},{"floor":26,"key":"Bottled Flame"},{"floor":27,"key":"Centennial Puzzle"},{"floor":28,"key":"Shovel"},{"floor":31,"key":"Pen Nib"},{"floor":32,"key":"Pear"},{"floor":33,"key":"Bottled Tornado"},{"floor":35,"key":"Smiling Mask"},{"floor":36,"key":"Art of War"},{"floor":37,"key":"War Paint"},{"floor":38,"key":"Mercury Hourglass"},{"floor":40,"key":"Singing Bowl"},{"floor":42,"key":"Bronze Scales"},{"floor":43,"key":"Pantograph"},{"floor":45,"key":"Molten Egg 2"},{"floor":46,"key":"Lantern"},{"floor":47,"key":"Blue Candle"},{"floor":48,"key":"Bottled Lightning"},{"floor":49,"key":"Thread and Needle"}],"event_choices":[{"event_name":"Golden Idol","player_choice":"Take Wound","floor":2,"damage_taken":0},{"event_name":"The Cleric","player_choice":"Healed","floor":13,"damage_taken":0},{"event_name":"Upgrade Shrine","player_choice":"Upgraded","floor":29,"damage_taken":0},{"event_name":"Drug Dealer","player_choice":"Got JAXXED","floor":30,"damage_taken":0},{"event_name":"Accursed Blacksmith","player_choice":"Rummage","floor":39,"damage_taken":0},{"event_name":"Wheel of Change","player_choice":"Relic","floor":41,"damage_taken":0}],"boss_relics":[{"not_picked":["Ectoplasm","White Beast Statue"],"picked":"Fusion Hammer"},{"not_picked":["Pandora\u0027s Box","Astrolabe"],"picked":"Runic Cube"}],"items_purged_floors":[3],"is_endless":false,"potions_floor_spawned":[10,12,14,22,27,28,31,35,42,45],"ascension_level":15}