{"gold_per_floor":[117,133,133,133,133,147,161,161,161,175,195,218,284,300,300,419,419,432,482,32,46,96,127,127,204,204,271,321,332,332],"floor_reached":30,"playtime":1238,"items_purged":["Injury"],"score":295,"play_id":"89cb177c-7d16-41ee-be55-faaa018c94dd","local_time":"20190112005134","is_ascension_mode":true,"campfire_choices":[{"data":"Bash","floor":8,"key":"SMITH"},{"data":"Inflame","floor":15,"key":"SMITH"},{"data":"Mayhem","floor":24,"key":"SMITH"}],"neow_cost":"NONE","seed_source_timestamp":173204105789893,"circlet_count":0,"master_deck":["Strike_R+1","Strike_R+1","Strike_R+1","Strike_R+1","Strike_R+1","Defend_R+1","Defend_R+1","Defend_R+1","Defend_R+1","Bash+1","Finesse","Pommel Strike","Pommel Strike","Flex","Evolve","Offering","Shockwave","Shrug It Off","Inflame+1","Barricade","Mayhem+1","Inflame","Armaments+1","Inflame","Body Slam+1"],"relics":["Burning Blood","Bloody Idol","SsserpentHead","Letter Opener","Mark of Pain","TheAbacus","Blue Candle","Red Mask","Molten Egg 2"],"potions_floor_usage":[21,25,27,30],"damage_taken":[{"damage":0,"enemies":"Cultist","floor":1,"turns":3},{"damage":7,"enemies":"2 Louse","floor":2,"turns":3},{"damage":5,"enemies":"Jaw Worm","floor":6,"turns":3},{"damage":3,"enemies":"2 Fungi Beasts","floor":7,"turns":4},{"damage":15,"enemies":"Large Slime","floor":10,"turns":5},{"damage":6,"enemies":"Exordium Wildlife","floor":11,"turns":2},{"damage":7,"enemies":"2 Fungi Beasts","floor":12,"turns":3},{"damage":7,"enemies":"Looter","floor":13,"turns":2},{"damage":19,"enemies":"Blue Slaver","floor":14,"turns":3},{"damage":48,"enemies":"Hexaghost","floor":16,"turns":8},{"damage":15,"enemies":"Spheric Guardian","floor":18,"turns":3},{"damage":13,"enemies":"Chosen","floor":21,"turns":4},{"damage":32,"enemies":"Slavers","floor":23,"turns":7},{"damage":25,"enemies":"Masked Bandits","floor":25,"turns":4},{"damage":37,"enemies":"Snake Plant","floor":27,"turns":3},{"damage":8,"enemies":"Centurion and Healer","floor":29,"turns":5},{"damage":21,"enemies":"Book of Stabbing","floor":30,"turns":3}],"seed_played":"5438578992406244046","potions_obtained":[{"floor":7,"key":"Ancient Potion"},{"floor":12,"key":"Block Potion"},{"floor":14,"key":"Dexterity Potion"},{"floor":27,"key":"SneckoOil"},{"floor":29,"key":"Poison Potion"}],"is_trial":false,"path_per_floor":["M","M","?","?","$","M","M","R","T","M","M","M","M","M","R","B",null,"M","?","$","M","?","E","R","?","T","M","?","M","E"],"character_chosen":"IRONCLAD","items_purchased":["Mayhem","TheAbacus"],"campfire_rested":0,"item_purchase_floors":[20,20],"current_hp_per_floor":[80,79,79,79,79,80,80,80,80,71,71,70,69,56,56,14,80,71,71,71,64,64,43,43,34,34,13,18,21,0],"gold":332,"neow_bonus":"RANDOM_COLORLESS","is_prod":false,"is_daily":false,"chose_seed":false,"campfire_upgraded":3,"win_rate":0,"timestamp":1547225494,"path_taken":["M","M","?","?","$","M","M","R","T","M","M","M","?","M","R","BOSS","M","?","$","M","?","E","R","?","T","?","?","M","E"],"build_version":"2019-01-10","purchased_purges":1,"victory":false,"max_hp_per_floor":[80,80,80,80,80,80,80,80,80,80,80,80,80,80,80,80,80,80,80,80,80,80,80,80,80,80,80,80,80,80],"card_choices":[{"not_picked":["Clothesline","Headbutt"],"picked":"Pommel Strike","floor":1},{"not_picked":["Twin Strike","Headbutt"],"picked":"Pommel Strike","floor":2},{"not_picked":["Anger","Combust"],"picked":"Flex","floor":6},{"not_picked":["Seeing Red","Havoc"],"picked":"Evolve","floor":7},{"not_picked":["Headbutt","Clash"],"picked":"Offering","floor":10},{"not_picked":["Intimidate","Clash"],"picked":"Shockwave","floor":11},{"not_picked":["Dual Wield","Seeing Red"],"picked":"Shrug It Off","floor":12},{"not_picked":["Pommel Strike","Seeing Red"],"picked":"Inflame","floor":13},{"not_picked":["Twin Strike","Headbutt","Thunderclap"],"picked":"SKIP","floor":14},{"not_picked":["Bludgeon","Berserk"],"picked":"Barricade","floor":16},{"not_picked":["Cleave","Anger","Havoc"],"picked":"SKIP","floor":18},{"not_picked":["Flex","Dual Wield"],"picked":"Inflame","floor":21},{"not_picked":["Twin Strike","Carnage","Headbutt"],"picked":"SKIP","floor":23},{"not_picked":["Clash+1","Twin Strike"],"picked":"Armaments+1","floor":25},{"not_picked":["Hemokinesis+1","Thunderclap+1"],"picked":"Inflame","floor":27},{"not_picked":["Sentinel+1","Shrug It Off+1"],"picked":"Body Slam+1","floor":29}],"player_experience":264047,"relics_obtained":[{"floor":9,"key":"Letter Opener"},{"floor":23,"key":"Blue Candle"},{"floor":25,"key":"Red Mask"},{"floor":26,"key":"Molten Egg 2"}],"event_choices":[{"damage_healed":0,"gold_gain":0,"player_choice":"Take Wound","damage_taken":0,"relics_obtained":["Golden Idol"],"max_hp_gain":0,"max_hp_loss":0,"event_name":"Golden Idol","floor":3,"gold_loss":0,"cards_obtained":["Injury"]},{"damage_healed":0,"gold_gain":0,"player_choice":"Trade","damage_taken":0,"relics_obtained":["SsserpentHead"],"max_hp_gain":0,"max_hp_loss":0,"event_name":"FaceTrader","floor":4,"gold_loss":0},{"damage_healed":0,"gold_gain":0,"player_choice":"Ignored","damage_taken":0,"max_hp_gain":0,"max_hp_loss":0,"event_name":"Ghosts","floor":19,"gold_loss":0},{"damage_healed":0,"gold_gain":0,"player_choice":"Gave Idol","damage_taken":0,"relics_obtained":["Bloody Idol"],"max_hp_gain":0,"max_hp_loss":0,"event_name":"Forgotten Altar","floor":22,"relics_lost":["Golden Idol"],"gold_loss":0},{"damage_healed":0,"gold_gain":0,"player_choice":"Fought Bandits","damage_taken":0,"max_hp_gain":0,"max_hp_loss":0,"event_name":"Masked Bandits","floor":25,"gold_loss":0},{"damage_healed":0,"gold_gain":0,"player_choice":"Simplicity","damage_taken":0,"max_hp_gain":0,"max_hp_loss":0,"event_name":"Back to Basics","floor":28,"gold_loss":0,"cards_upgraded":["Strike_R","Strike_R","Strike_R","Strike_R","Strike_R","Defend_R","Defend_R","Defend_R","Defend_R"]}],"is_beta":false,"boss_relics":[{"not_picked":["Philosopher\u0027s Stone","Fusion Hammer"],"picked":"Mark of Pain"}],"items_purged_floors":[20],"is_endless":false,"potions_floor_spawned":[7,12,14,16,27,29],"killed_by":"Book of Stabbing","ascension_level":4}