{"gold_per_floor":[110,185,203,128,146,173,173,205,230,230,230,240,240,240,240,240],"floor_reached":16,"playtime":476,"items_purged":[],"score":216,"play_id":"30652556-47a0-4c5b-bc2b-c8b015c02850","local_time":"20190114234227","is_ascension_mode":true,"campfire_choices":[{"floor":7,"key":"REST"},{"floor":10,"key":"REST"},{"data":"Wraith Form v2","floor":13,"key":"SMITH"},{"data":"Deadly Poison","floor":15,"key":"SMITH"}],"neow_cost":"NONE","seed_source_timestamp":1177226380195489,"circlet_count":0,"master_deck":["AscendersBane","Defend_G","Defend_G","Defend_G","Defend_G","Defend_G","Strike_G","Strike_G","Strike_G","Strike_G","Survivor","Neutralize","Skewer+1","Dagger Spray","Deadly Poison+1","Backflip","Wraith Form v2+1","Backstab"],"relics":["Ring of the Snake","NeowsBlessing","Orichalcum","Ancient Tea Set","Strawberry"],"potions_floor_usage":[6,6],"damage_taken":[{"damage":0,"enemies":"Jaw Worm","floor":1,"turns":1},{"damage":0,"enemies":"2 Louse","floor":3,"turns":1},{"damage":0,"enemies":"Small Slimes","floor":5,"turns":1},{"damage":27,"enemies":"Gremlin Nob","floor":6,"turns":4},{"damage":26,"enemies":"3 Sentries","floor":8,"turns":10},{"damage":19,"enemies":"Exordium Thugs","floor":12,"turns":4},{"damage":33,"enemies":"Slime Boss","floor":16,"turns":6}],"seed_played":"5187098086897265629","potions_obtained":[{"floor":1,"key":"Block Potion"},{"floor":3,"key":"Explosive Potion"},{"floor":8,"key":"Energy Potion"}],"is_trial":false,"path_per_floor":["M","?","M","?","M","E","R","E","T","R","?","M","R","?","R","B"],"character_chosen":"THE_SILENT","items_purchased":[],"campfire_rested":2,"item_purchase_floors":[],"current_hp_per_floor":[59,48,48,48,48,21,40,14,21,42,42,23,23,47,47,14],"gold":240,"neow_bonus":"THREE_ENEMY_KILL","is_prod":false,"is_daily":false,"chose_seed":false,"campfire_upgraded":2,"win_rate":0,"timestamp":1547527347,"path_taken":["M","?","M","?","?","E","R","E","T","R","?","M","R","?","R","BOSS"],"build_version":"2019-01-10","purchased_purges":0,"victory":false,"max_hp_per_floor":[66,66,66,66,66,66,66,66,73,73,73,73,73,73,73,73],"card_choices":[{"not_picked":["Setup","Blade Dance"],"picked":"Skewer","floor":1},{"not_picked":["Bouncing Flask","Accuracy"],"picked":"Dagger Spray","floor":3},{"not_picked":["Reflex","Endless Agony"],"picked":"Deadly Poison","floor":5},{"not_picked":["Choke","Dagger Throw"],"picked":"Backflip","floor":6},{"not_picked":["Escape Plan","Blur"],"picked":"Wraith Form v2","floor":8},{"not_picked":["Heel Hook","Catalyst"],"picked":"Backstab","floor":12}],"player_experience":742650,"relics_obtained":[{"floor":6,"key":"Orichalcum"},{"floor":8,"key":"Ancient Tea Set"},{"floor":9,"key":"Strawberry"}],"event_choices":[{"damage_healed":0,"gold_gain":75,"player_choice":"Gather Gold","damage_taken":11,"max_hp_gain":0,"max_hp_loss":0,"event_name":"World of Goop","floor":2,"gold_loss":0},{"cards_removed":["Strike_G"],"damage_healed":0,"gold_gain":0,"player_choice":"Card Removal","damage_taken":0,"max_hp_gain":0,"max_hp_loss":0,"event_name":"The Cleric","floor":4,"gold_loss":75},{"damage_healed":0,"gold_gain":0,"player_choice":"Grow","damage_taken":0,"max_hp_gain":0,"max_hp_loss":0,"event_name":"Living Wall","floor":11,"gold_loss":0,"cards_upgraded":["Skewer"]},{"damage_healed":24,"gold_gain":0,"player_choice":"Banana","damage_taken":0,"max_hp_gain":0,"max_hp_loss":0,"event_name":"Big Fish","floor":14,"gold_loss":0}],"is_beta":false,"boss_relics":[],"items_purged_floors":[],"is_endless":false,"potions_floor_spawned":[1,3,8],"killed_by":"Slime Boss","ascension_level":20}