{"path_per_floor":["M","M","M","M","M","R","?","M","T","M","R","?","E","$","R","B",null,"M","M","$","M","?","R"],"character_chosen":"THE_SILENT","items_purchased":["Paper Crane","Poisoned Stab","Noxious Fumes"],"gold_per_floor":[116,135,155,170,187,187,362,376,400,415,415,415,450,170,170,273,273,239,256,109,125,125,125],"floor_reached":24,"campfire_rested":4,"playtime":1612,"current_hp_per_floor":[35,35,35,21,12,33,33,31,31,26,47,44,29,29,51,31,74,45,45,45,38,38,60],"items_purged":["Doubt"],"gold":125,"score":200,"play_id":"aec3d8f0-c2da-4bd8-98d6-bec43794d0d6","is_prod":false,"is_daily":false,"is_ascension_mode":false,"campfire_upgraded":0,"path_taken":["M","M","M","M","M","R","?","M","T","?","R","?","E","?","R","BOSS","M","M","$","M","?","R","E"],"build_version":"2018-02-08-PROD1","purchased_purges":1,"victory":false,"master_deck":["Defend_G","Defend_G","Defend_G","Defend_G","Defend_G","Strike_G","Strike_G","Strike_G","Strike_G","Strike_G","Survivor","Neutralize","Envenom","Riddle With Holes","Dagger Spray","Catalyst","Doubt","Terror","Poisoned Stab","After Image","Clumsy","Writhe","Riddle With Holes+1","Flying Knee+1","Noxious Fumes","Bouncing Flask"],"max_hp_per_floor":[70,70,70,70,70,70,70,70,70,72,72,72,74,74,74,74,74,74,74,74,76,76,76],"relics":["Ring of the Snake","Singing Bowl","Thread and Needle","Prayer Wheel","Paper Crane","Calling Bell","Mercury Hourglass","Ginger","Ornamental Fan"],"card_choices":[{"not_picked":["Wraith Form","Night Terror"],"picked":"Envenom"},{"not_picked":["Crippling Poison","Quick Slash"],"picked":"Riddle With Holes"},{"not_picked":["Cloak And Dagger","Distraction"],"picked":"Dagger Spray"},{"not_picked":["Footwork","Prepared"],"picked":"Catalyst"},{"not_picked":["Phantasmal Killer","Deflect"],"picked":"Terror"},{"not_picked":["Venomology","Doppelganger"],"picked":"After Image"},{"not_picked":["Terror","Eviscerate"],"picked":"Riddle With Holes"},{"not_picked":["Prepared","Slice"],"picked":"Flying Knee"}],"player_experience":192935,"potions_floor_usage":[3,4,13],"damage_taken":[{"damage":0,"enemies":"Small Slimes","floor":1,"turns":4},{"damage":0,"enemies":"Cultist","floor":2,"turns":3},{"damage":0,"enemies":"Jaw Worm","floor":3,"turns":5},{"damage":14,"enemies":"Red Slaver","floor":4,"turns":5},{"damage":9,"enemies":"Exordium Wildlife","floor":5,"turns":6},{"damage":2,"enemies":"3 Louse","floor":8,"turns":5},{"damage":7,"enemies":"Large Slime","floor":10,"turns":5},{"damage":17,"enemies":"Lagavulin","floor":13,"turns":6},{"damage":20,"enemies":"The Guardian","floor":16,"turns":9},{"damage":29,"enemies":"2 Thieves","floor":18,"turns":5},{"damage":0,"enemies":"Chosen","floor":19,"turns":4},{"damage":9,"enemies":"Centurion and Healer","floor":21,"turns":7},{"damage":65,"enemies":"Slavers","floor":24,"turns":5}],"event_choices":[{"event_name":"Liars Game","player_choice":"agreed","floor":7,"damage_taken":0},{"event_name":"Scrap Ooze","player_choice":"success","floor":12,"damage_taken":3},{"event_name":"The Library","player_choice":"Read","floor":22,"damage_taken":0}],"boss_relics":[{"not_picked":["Runic Pyramid","Philosopher\u0027s Stone"],"picked":"Calling Bell"}],"potions_floor_spawned":[1,3,5],"seed_played":"4978233308185840804","killed_by":"Slavers","ascension_level":0,"is_trial":false}