{"gold_per_floor":[111,91,106,31,31,31,63,63,63,96,110,110,110,128,128,224,224,242,255,305,329,349,389,45,45,68,83,83,102,102],"floor_reached":30,"playtime":1198,"items_purged":["Strike_G","Strike_G"],"score":570,"play_id":"7896c7e5-1459-4081-a1cf-acb7b66a3073","local_time":"20190129202935","is_ascension_mode":true,"campfire_choices":[{"data":"Neutralize","floor":6.0,"key":"SMITH"},{"data":"All Out Attack","floor":8.0,"key":"SMITH"},{"data":"Deadly Poison","floor":15.0,"key":"SMITH"},{"floor":28,"key":"REST"}],"neow_cost":"NONE","seed_source_timestamp":0,"circlet_count":0,"master_deck":["AscendersBane","Defend_G","Defend_G","Defend_G","Defend_G","Defend_G","Strike_G","Strike_G","Strike_G","Survivor","Neutralize+1","Masterful Stab","All Out Attack+1","Deflect","Dodge and Roll","Poisoned Stab","Deadly Poison+1","After Image","Cloak And Dagger+1","Poisoned Stab","PiercingWail","Well Laid Plans","Envenom"],"special_seed":0,"relics":["Ring of the Snake","NeowsBlessing","Letter Opener","Pear","Vajra","Golden Idol","Fusion Hammer","Art of War","Oddly Smooth Stone","Lantern"],"potions_floor_usage":[23,23,29,30],"damage_taken":[{"damage":0.0,"enemies":"2 Louse","floor":1.0,"turns":1.0},{"damage":0.0,"enemies":"Cultist","floor":3.0,"turns":1.0},{"damage":0.0,"enemies":"Lagavulin","floor":7.0,"turns":1.0},{"damage":24.0,"enemies":"3 Sentries","floor":10.0,"turns":8.0},{"damage":0.0,"enemies":"Small Slimes","floor":11.0,"turns":3.0},{"damage":0.0,"enemies":"3 Louse","floor":14.0,"turns":1.0},{"damage":25.0,"enemies":"The Guardian","floor":16.0,"turns":11.0},{"damage":7.0,"enemies":"Shell Parasite","floor":18.0,"turns":5.0},{"damage":0.0,"enemies":"3 Byrds","floor":19.0,"turns":5.0},{"damage":2.0,"enemies":"3 Cultists","floor":21.0,"turns":5.0},{"damage":9.0,"enemies":"Centurion and Healer","floor":22.0,"turns":6.0},{"damage":29,"enemies":"Slavers","floor":23,"turns":6},{"damage":6,"enemies":"Snake Plant","floor":27,"turns":5},{"damage":12,"enemies":"Chosen and Byrds","floor":29,"turns":7},{"damage":16,"enemies":"Gremlin Leader","floor":30,"turns":2}],"seed_played":"-5366097680811036991","potions_obtained":[{"floor":1.0,"key":"Block Potion"},{"floor":2.0,"key":"Ancient Potion"},{"floor":19.0,"key":"AttackPotion"},{"floor":22.0,"key":"LiquidBronze"},{"floor":23,"key":"GamblersBrew"},{"floor":29,"key":"Explosive Potion"}],"is_trial":false,"path_per_floor":["M","?","M","$","$","R","E","R","T","E","M","?","?","M","R","B",null,"M","M","?","M","M","E","$","?","T","M","R","M","E"],"character_chosen":"THE_SILENT","items_purchased":["Well Laid Plans","Oddly Smooth Stone"],"campfire_rested":1,"item_purchase_floors":[24,24],"current_hp_per_floor":[59,59,59,59,59,59,59,59,69,45,45,45,45,45,45,20,57,50,50,50,48,39,10,10,10,10,4,24,12,0],"gold":102,"neow_bonus":"THREE_ENEMY_KILL","is_prod":false,"is_daily":false,"chose_seed":false,"campfire_upgraded":3,"win_rate":0,"timestamp":1548811775,"path_taken":["M","?","M","?","$","R","E","R","T","E","M","?","?","M","R","BOSS","M","M","?","M","?","E","$","?","T","M","R","?","E"],"build_version":"2019-01-23","purchased_purges":2,"victory":false,"max_hp_per_floor":[66,66,66,66,66,66,66,66,76,76,76,76,69,69,69,69,69,69,69,69,69,69,69,69,69,69,69,69,69,69],"card_choices":[{"not_picked":["Bane","Dodge and Roll"],"picked":"Masterful Stab","floor":1.0},{"not_picked":["Outmaneuver","Caltrops"],"picked":"All Out Attack","floor":3.0},{"not_picked":["Flying Knee","Flechettes"],"picked":"Deflect","floor":7.0},{"not_picked":["Accuracy","Dagger Throw"],"picked":"Dodge and Roll","floor":10.0},{"not_picked":["Acrobatics","Skewer"],"picked":"Poisoned Stab","floor":11.0},{"not_picked":["Tactician","Storm of Steel"],"picked":"Deadly Poison","floor":14.0},{"not_picked":["Glass Knife","Unload"],"picked":"After Image","floor":16.0},{"not_picked":["Underhanded Strike","Calculated Gamble","Prepared"],"picked":"SKIP","floor":18.0},{"not_picked":["Outmaneuver","Prepared"],"picked":"Cloak And Dagger","floor":19.0},{"not_picked":["Calculated Gamble","Bane","Poisoned Stab"],"picked":"SKIP","floor":21.0},{"not_picked":["Calculated Gamble","Bane"],"picked":"Poisoned Stab","floor":21.0},{"not_picked":["Cloak And Dagger","Underhanded Strike"],"picked":"PiercingWail","floor":22.0},{"not_picked":["Dodge and Roll","Outmaneuver","Poisoned Stab"],"picked":"SKIP","floor":23},{"not_picked":["PiercingWail+1","Sucker Punch"],"picked":"Envenom","floor":27},{"not_picked":["Deflect","Distraction","PiercingWail"],"picked":"SKIP","floor":29},{"not_picked":["Deflect","Distraction","PiercingWail"],"picked":"SKIP","floor":29}],"player_experience":774888,"relics_obtained":[{"floor":7.0,"key":"Letter Opener"},{"floor":9.0,"key":"Pear"},{"floor":23,"key":"Art of War"},{"floor":26,"key":"Lantern"}],"event_choices":[{"damage_healed":0.0,"max_hp_gain":0.0,"max_hp_loss":0.0,"gold_gain":0.0,"event_name":"The Woman in Blue","player_choice":"Bought 1 Potion","floor":2.0,"gold_loss":0.0,"damage_taken":0.0},{"damage_healed":0.0,"max_hp_gain":0.0,"max_hp_loss":0.0,"gold_gain":0.0,"event_name":"Dead Adventurer","player_choice":"Searched \u00272\u0027 times","floor":12.0,"gold_loss":0.0,"damage_taken":0.0,"relics_obtained":["Vajra"]},{"damage_healed":0.0,"max_hp_gain":0.0,"max_hp_loss":7.0,"gold_gain":0.0,"event_name":"Golden Idol","player_choice":"Lose Max HP","floor":13.0,"gold_loss":0.0,"damage_taken":0.0,"relics_obtained":["Golden Idol"]},{"damage_healed":0.0,"max_hp_gain":0.0,"max_hp_loss":0.0,"gold_gain":50.0,"event_name":"Golden Shrine","player_choice":"Pray","floor":20.0,"gold_loss":0.0,"damage_taken":0.0},{"damage_healed":0,"gold_gain":0,"player_choice":"Upgraded","damage_taken":0,"max_hp_gain":0,"max_hp_loss":0,"event_name":"Upgrade Shrine","floor":25,"gold_loss":0,"cards_upgraded":["Cloak And Dagger"]}],"is_beta":false,"boss_relics":[{"not_picked":["Ring of the Serpent","Sozu"],"picked":"Fusion Hammer"}],"items_purged_floors":[4,24],"is_endless":false,"potions_floor_spawned":[1,10,11,19,22,23,29],"killed_by":"Gremlin Leader","ascension_level":20}