{"gold_per_floor":[114,114,289,143,143,175,175,203,230,230,250,260,273,300,300,395,395,414,414,428,439,451,451,476,72,97,97,122,122,141,158,158,158],"floor_reached":33,"playtime":1215,"items_purged":["Doubt","Strike_R"],"score":391,"play_id":"c747967f-a88c-4557-9713-dab47c125fcd","local_time":"20190124185210","is_ascension_mode":true,"campfire_choices":[{"data":"Disarm","floor":7,"key":"SMITH"},{"floor":10,"key":"REST"},{"data":"Armaments","floor":15,"key":"SMITH"},{"floor":23,"key":"DIG"},{"floor":27,"key":"REST"},{"floor":29,"key":"REST"},{"floor":32,"key":"REST"}],"neow_cost":"NONE","seed_source_timestamp":21592544649541,"circlet_count":0,"master_deck":["Strike_R","Strike_R","Strike_R","Strike_R","Defend_R","Defend_R","Defend_R","Defend_R","Bash","Infernal Blade","Disarm+1","Flame Barrier","Normality","Shockwave","Armaments+1","Demon Form+1","Twin Strike","Pummel","Bludgeon","Shame","Shrug It Off+1"],"relics":["Cursed Key","Singing Bowl","Orichalcum","Art of War","Shovel","Velvet Choker","Frozen Egg 2","Ornamental Fan","PreservedInsect","Anchor","Bird Faced Urn"],"potions_floor_usage":[16,21,21,28,33,33],"damage_taken":[{"damage":2,"enemies":"Jaw Worm","floor":1,"turns":3},{"damage":25,"enemies":"3 Sentries","floor":6,"turns":10},{"damage":31,"enemies":"Gremlin Nob","floor":8,"turns":4},{"damage":0,"enemies":"Small Slimes","floor":11,"turns":3},{"damage":0,"enemies":"Cultist","floor":12,"turns":4},{"damage":0,"enemies":"3 Louse","floor":13,"turns":3},{"damage":16,"enemies":"3 Sentries","floor":14,"turns":12},{"damage":21,"enemies":"The Guardian","floor":16,"turns":14},{"damage":0,"enemies":"Chosen","floor":18,"turns":6},{"damage":13,"enemies":"Spheric Guardian","floor":20,"turns":5},{"damage":2,"enemies":"3 Cultists","floor":21,"turns":6},{"damage":8,"enemies":"Centurion and Healer","floor":22,"turns":6},{"damage":34,"enemies":"Gremlin Leader","floor":24,"turns":9},{"damage":10,"enemies":"Book of Stabbing","floor":28,"turns":4},{"damage":16,"enemies":"Snecko","floor":30,"turns":4},{"damage":40,"enemies":"Sentry and Sphere","floor":31,"turns":6},{"damage":79,"enemies":"Collector","floor":33,"turns":6}],"seed_played":"3345873318665354009","potions_obtained":[{"floor":8,"key":"Weak Potion"},{"floor":14,"key":"Weak Potion"},{"floor":16,"key":"LiquidBronze"},{"floor":18,"key":"Block Potion"},{"floor":20,"key":"Energy Potion"},{"floor":28,"key":"BloodPotion"},{"floor":30,"key":"FearPotion"},{"floor":31,"key":"Weak Potion"}],"is_trial":false,"path_per_floor":["M","?","?","$","?","E","R","E","T","R","M","M","M","E","R","B",null,"M","?","M","M","M","R","E","$","T","R","E","R","M","M","R","B"],"character_chosen":"IRONCLAD","items_purchased":["Infernal Blade","Bludgeon","PreservedInsect"],"campfire_rested":4,"item_purchase_floors":[4,25,25],"current_hp_per_floor":[78,78,78,78,83,58,58,27,27,52,52,54,54,40,40,19,89,91,91,78,76,70,70,38,38,38,66,58,87,75,37,66,0],"gold":158,"neow_bonus":"BOSS_RELIC","is_prod":false,"is_daily":false,"chose_seed":false,"campfire_upgraded":2,"win_rate":0,"timestamp":1548373930,"path_taken":["M","?","?","$","?","E","R","E","T","R","M","M","M","E","R","BOSS","M","?","M","M","M","R","E","$","T","R","E","R","?","M","R","BOSS"],"build_version":"2019-01-23","purchased_purges":2,"victory":false,"max_hp_per_floor":[80,80,80,80,85,85,85,85,85,85,85,87,87,89,89,89,89,91,91,91,91,93,93,95,95,95,95,97,97,99,99,99,99],"card_choices":[{"not_picked":["Anger","Body Slam","Reckless Charge"],"picked":"SKIP","floor":1},{"not_picked":["Armaments","Warcry"],"picked":"Disarm","floor":6},{"not_picked":["Dropkick","Warcry"],"picked":"Flame Barrier","floor":8},{"not_picked":["True Grit","Sentinel"],"picked":"Shockwave","floor":11},{"not_picked":["Dark Embrace","Clash","Sever Soul"],"picked":"Singing Bowl","floor":12},{"not_picked":["Anger","Power Through"],"picked":"Armaments","floor":13},{"not_picked":["Headbutt","Corruption","True Grit"],"picked":"Singing Bowl","floor":14},{"not_picked":["Fiend Fire","Impervious"],"picked":"Demon Form","floor":16},{"not_picked":["Havoc","Fire Breathing","Sword Boomerang"],"picked":"Singing Bowl","floor":18},{"not_picked":["Shockwave+1","Sever Soul"],"picked":"Twin Strike","floor":20},{"not_picked":["Intimidate","True Grit"],"picked":"Pummel","floor":21},{"not_picked":["Pommel Strike+1","Dropkick+1","Flex"],"picked":"Singing Bowl","floor":22},{"not_picked":["Pommel Strike","True Grit","Impervious"],"picked":"Singing Bowl","floor":24},{"not_picked":["Armaments","Pummel","True Grit"],"picked":"Singing Bowl","floor":28},{"not_picked":["Twin Strike","Hemokinesis+1","Evolve+1"],"picked":"Singing Bowl","floor":30},{"not_picked":["Burning Pact+1","Rupture+1"],"picked":"Shrug It Off+1","floor":31}],"player_experience":128668,"relics_obtained":[{"floor":6,"key":"Singing Bowl"},{"floor":8,"key":"Orichalcum"},{"floor":9,"key":"Art of War"},{"floor":14,"key":"Shovel"},{"floor":23,"key":"Frozen Egg 2"},{"floor":24,"key":"Ornamental Fan"},{"floor":26,"key":"Anchor"},{"floor":28,"key":"Bird Faced Urn"}],"event_choices":[{"damage_healed":0,"gold_gain":0,"player_choice":"Ignored","damage_taken":0,"max_hp_gain":0,"max_hp_loss":0,"event_name":"Shining Light","floor":2,"gold_loss":0},{"damage_healed":0,"gold_gain":175,"player_choice":"AGREE","damage_taken":0,"max_hp_gain":0,"max_hp_loss":0,"event_name":"Liars Game","floor":3,"gold_loss":0,"cards_obtained":["Doubt"]},{"damage_healed":0,"gold_gain":0,"player_choice":"Donut","damage_taken":0,"max_hp_gain":5,"max_hp_loss":0,"event_name":"Big Fish","floor":5,"gold_loss":0},{"damage_healed":0,"gold_gain":0,"player_choice":"Upgraded","damage_taken":0,"max_hp_gain":0,"max_hp_loss":0,"event_name":"Upgrade Shrine","floor":19,"gold_loss":0,"cards_upgraded":["Demon Form"]}],"is_beta":false,"boss_relics":[{"not_picked":["Coffee Dripper","Runic Cube"],"picked":"Velvet Choker"}],"items_purged_floors":[4,25],"is_endless":false,"potions_floor_spawned":[8,14,16,18,20,28,30,31],"killed_by":"Collector","ascension_level":4}