{"gold_per_floor":[363,20,20,20,33,61,61,41,41,76,76,95,95,113,113,192,192,202,202,202,216,60,60,60,60,85,85],"floor_reached":27,"playtime":906,"items_purged":["Parasite","Strike_G"],"score":434,"play_id":"e3ae627f-ae53-494a-b128-57597b933577","local_time":"20190218134735","is_ascension_mode":true,"campfire_choices":[{"floor":7.0,"key":"REST"},{"floor":11.0,"key":"REST"},{"data":"Catalyst","floor":13.0,"key":"SMITH"},{"floor":15.0,"key":"REST"},{"floor":23,"key":"REST"},{"data":"Wraith Form v2","floor":25,"key":"SMITH"}],"neow_cost":"CURSE","seed_source_timestamp":0,"circlet_count":0,"master_deck":["AscendersBane","Defend_G","Defend_G","Defend_G","Defend_G","Defend_G","Strike_G","Strike_G","Strike_G","Survivor","Neutralize","Poisoned Stab+1","Die Die Die","Deadly Poison","Quick Slash","Deadly Poison","Dodge and Roll","Catalyst+1","Dash","Wraith Form v2+1","Skewer","Shame"],"special_seed":0,"relics":["Ring of the Snake","Pen Nib","Shuriken","Pantograph","Snecko Eye","Bird Faced Urn","Juzu Bracelet"],"potions_floor_usage":[18,27],"damage_taken":[{"damage":10.0,"enemies":"Jaw Worm","floor":1.0,"turns":7.0},{"damage":0.0,"enemies":"Small Slimes","floor":5.0,"turns":1.0},{"damage":39.0,"enemies":"Gremlin Nob","floor":6.0,"turns":4.0},{"damage":17.0,"enemies":"3 Sentries","floor":10.0,"turns":9.0},{"damage":1.0,"enemies":"Cultist","floor":12.0,"turns":3.0},{"damage":4.0,"enemies":"Blue Slaver","floor":14.0,"turns":4.0},{"damage":8.0,"enemies":"The Guardian","floor":16.0,"turns":7.0},{"damage":12,"enemies":"3 Byrds","floor":18,"turns":3},{"damage":4,"enemies":"Spheric Guardian","floor":21,"turns":4},{"damage":47,"enemies":"Slavers","floor":27,"turns":3}],"seed_played":"2406124650949293257","potions_obtained":[{"floor":5.0,"key":"LiquidBronze"},{"floor":8.0,"key":"EssenceOfSteel"},{"floor":14.0,"key":"SteroidPotion"},{"floor":18,"key":"Strength Potion"}],"is_trial":false,"path_per_floor":["M","$","?","?","M","E","R","?","T","E","R","M","R","M","R","B",null,"M","?","?","M","$","R","?","R","T","E"],"character_chosen":"THE_SILENT","items_purchased":["Die Die Die","Deadly Poison","AttackPotion","AttackPotion"],"campfire_rested":4,"item_purchase_floors":[2,2,2,22],"current_hp_per_floor":[49,49,42,42,42,3,21,21,21,4,22,21,21,17,35,52,60,48,31,31,27,27,47,47,47,47,0],"gold":85,"neow_bonus":"TWO_FIFTY_GOLD","is_prod":false,"is_daily":false,"chose_seed":false,"campfire_upgraded":2,"win_rate":0,"timestamp":1550515655,"path_taken":["M","$","?","?","?","E","R","?","T","E","R","?","R","M","R","BOSS","M","?","?","?","$","R","?","R","T","E"],"build_version":"2019-01-23","purchased_purges":2,"victory":false,"max_hp_per_floor":[66,63,63,63,63,63,63,63,63,63,63,63,63,63,63,63,63,63,68,68,68,68,68,68,68,68,68],"card_choices":[{"not_picked":["Bane","Endless Agony"],"picked":"Poisoned Stab","floor":1.0},{"not_picked":["Dagger Spray","Prepared"],"picked":"Quick Slash","floor":5.0},{"not_picked":["Heel Hook","Reflex"],"picked":"Deadly Poison","floor":6.0},{"not_picked":["Reflex","Bouncing Flask"],"picked":"Dodge and Roll","floor":10.0},{"not_picked":["Dodge and Roll","Deflect"],"picked":"Catalyst","floor":12.0},{"not_picked":["Dodge and Roll","Deflect"],"picked":"Dash","floor":14.0},{"not_picked":["Phantasmal Killer","Burst"],"picked":"Wraith Form v2","floor":16.0},{"not_picked":["Deflect","Slice","Dodge and Roll"],"picked":"SKIP","floor":18},{"not_picked":["Deflect","Outmaneuver"],"picked":"Skewer","floor":21}],"player_experience":848668,"relics_obtained":[{"floor":6.0,"key":"Pen Nib"},{"floor":9.0,"key":"Shuriken"},{"floor":10.0,"key":"Pantograph"}],"event_choices":[{"cards_removed":["Strike_G"],"damage_healed":0.0,"max_hp_gain":0.0,"max_hp_loss":0.0,"gold_gain":0.0,"event_name":"Golden Wing","player_choice":"Card Removal","floor":3.0,"gold_loss":0.0,"damage_taken":7.0},{"damage_healed":0.0,"max_hp_gain":0.0,"max_hp_loss":0.0,"gold_gain":0.0,"event_name":"Upgrade Shrine","player_choice":"Upgraded","floor":4.0,"gold_loss":0.0,"damage_taken":0.0,"cards_upgraded":["Poisoned Stab"]},{"damage_healed":0.0,"max_hp_gain":0.0,"max_hp_loss":0.0,"gold_gain":0.0,"event_name":"The Woman in Blue","player_choice":"Bought 1 Potion","floor":8.0,"gold_loss":0.0,"damage_taken":0.0},{"damage_healed":0,"gold_gain":0,"player_choice":"Shed Blood","damage_taken":22,"max_hp_gain":5,"max_hp_loss":0,"event_name":"Forgotten Altar","floor":19,"gold_loss":0},{"damage_healed":0,"gold_gain":0,"player_choice":"Gave Potion","damage_taken":0,"relics_obtained":["Bird Faced Urn"],"max_hp_gain":0,"max_hp_loss":0,"event_name":"WeMeetAgain","floor":20,"gold_loss":0},{"damage_healed":0,"gold_gain":0,"player_choice":"Stole Relic","damage_taken":0,"relics_obtained":["Juzu Bracelet"],"max_hp_gain":0,"max_hp_loss":0,"event_name":"Addict","floor":24,"gold_loss":0,"cards_obtained":["Shame"]}],"is_beta":false,"boss_relics":[{"not_picked":["Ring of the Serpent","Tiny House"],"picked":"Snecko Eye"}],"items_purged_floors":[2,22],"is_endless":false,"potions_floor_spawned":[5,14,18],"killed_by":"Slavers","ascension_level":20}