{"gold_per_floor":[111,111,121,135,161,161,13,47,120,139,156,174,207,3,3,98,98,117,117,117,128,146,179,179,190,190,190,190,208,236,167,167,167],"floor_reached":33,"playtime":3063,"items_purged":[],"score":347,"play_id":"a215494d-4f5f-46e5-8c81-3e0130159145","local_time":"20190124171800","is_ascension_mode":false,"campfire_choices":[{"data":"Body Slam","floor":6.0,"key":"SMITH"},{"data":"Iron Wave","floor":15.0,"key":"SMITH"},{"data":"Iron Wave","floor":24,"key":"SMITH"},{"data":"Iron Wave","floor":27,"key":"SMITH"},{"data":"Shrug It Off","floor":32,"key":"SMITH"}],"neow_cost":"NONE","seed_source_timestamp":0,"circlet_count":0,"master_deck":["Strike_R","Strike_R","Strike_R","Strike_R","Strike_R","Defend_R","Defend_R","Defend_R","Defend_R","Bash","Body Slam+1","Iron Wave+1","Shrug It Off","Iron Wave+1","Iron Wave+1","Metallicize+1","Body Slam+1","Flame Barrier+1","Shrug It Off+1","Metallicize+1"],"special_seed":0,"relics":["Coffee Dripper","PreservedInsect","Lantern","Letter Opener","Frozen Egg 2","Paper Frog","Lee\u0027s Waffle","Black Star","Gambling Chip","Boot","Mummified Hand","MutagenicStrength","Omamori","Art of War"],"potions_floor_usage":[22,33],"damage_taken":[{"damage":0.0,"enemies":"2 Louse","floor":1.0,"turns":2.0},{"damage":0.0,"enemies":"Cultist","floor":3.0,"turns":3.0},{"damage":3.0,"enemies":"Small Slimes","floor":4.0,"turns":3.0},{"damage":17.0,"enemies":"Lagavulin","floor":8.0,"turns":6.0},{"damage":0.0,"enemies":"2 Fungi Beasts","floor":10.0,"turns":2.0},{"damage":0.0,"enemies":"3 Louse","floor":11.0,"turns":4.0},{"damage":2.0,"enemies":"Blue Slaver","floor":12.0,"turns":3.0},{"damage":4.0,"enemies":"3 Sentries","floor":13.0,"turns":7.0},{"damage":58.0,"enemies":"Slime Boss","floor":16.0,"turns":16.0},{"damage":0.0,"enemies":"Chosen","floor":18.0,"turns":4.0},{"damage":6.0,"enemies":"Spheric Guardian","floor":21.0,"turns":6.0},{"damage":12,"enemies":"Shelled Parasite and Fungi","floor":22,"turns":8},{"damage":0,"enemies":"Book of Stabbing","floor":23,"turns":3},{"damage":4,"enemies":"Snake Plant","floor":25,"turns":4},{"damage":9,"enemies":"Centurion and Healer","floor":29,"turns":4},{"damage":0,"enemies":"Slavers","floor":30,"turns":5},{"damage":62,"enemies":"Champ","floor":33,"turns":12}],"seed_played":"-7995667200604760753","potions_obtained":[{"floor":3.0,"key":"Weak Potion"},{"floor":4.0,"key":"SkillPotion"},{"floor":13.0,"key":"Regen Potion"},{"floor":21,"key":"Strength Potion"},{"floor":25,"key":"Weak Potion"}],"is_trial":false,"path_per_floor":["?","M","T","$","?","?","?"],"character_chosen":"IRONCLAD","items_purchased":["Lantern","Lee\u0027s Waffle","Metallicize+1"],"campfire_rested":0,"item_purchase_floors":[7,14,31],"current_hp_per_floor":[80,80,80,77,77,77,77,60,60,60,60,58,54,87,87,29,87,87,87,87,81,69,69,69,65,65,65,65,56,56,56,56,0],"gold":167,"neow_bonus":"BOSS_RELIC","is_prod":false,"is_daily":false,"chose_seed":false,"campfire_upgraded":5,"win_rate":0,"timestamp":1548346680,"path_taken":["M","?","M","?","?","R","?","E","T","M","M","M","E","$","R","BOSS","M","?","?","M","M","E","R","M","T","R","?","M","E","$","R","BOSS"],"build_version":"2019-01-22","purchased_purges":0,"victory":false,"max_hp_per_floor":[80,80,80,80,80,80,80,80,80,80,80,80,80,87,87,87,87,87,87,87,87,87,87,87,87,87,87,87,87,87,87,87,87],"card_choices":[{"not_picked":["Ghostly Armor","Battle Trance"],"picked":"Body Slam","floor":1.0},{"not_picked":["Rupture","Havoc","Clash"],"picked":"SKIP","floor":3.0},{"not_picked":["Armaments","Perfected Strike"],"picked":"Iron Wave","floor":4.0},{"not_picked":["Sever Soul","Clash","Thunderclap"],"picked":"SKIP","floor":8.0},{"not_picked":["Second Wind","Uppercut"],"picked":"Shrug It Off","floor":10.0},{"not_picked":["Flex","Brutality+1"],"picked":"Iron Wave","floor":11.0},{"not_picked":["Ghostly Armor","Pommel Strike","Perfected Strike"],"picked":"SKIP","floor":12.0},{"not_picked":["Power Through","Bloodletting","Ghostly Armor"],"picked":"SKIP","floor":13.0},{"not_picked":["Second Wind","Dropkick+1"],"picked":"Iron Wave","floor":18.0},{"not_picked":["Perfected Strike","Pummel"],"picked":"Body Slam+1","floor":21},{"not_picked":["Flex","Carnage"],"picked":"Flame Barrier+1","floor":22},{"not_picked":["Sword Boomerang+1","Heavy Blade","Warcry"],"picked":"SKIP","floor":23},{"not_picked":["Clothesline","Iron Wave","Headbutt"],"picked":"SKIP","floor":25},{"not_picked":["Feel No Pain+1","Body Slam+1"],"picked":"Shrug It Off","floor":29},{"not_picked":["Exhume","Rage","Anger"],"picked":"SKIP","floor":30}],"player_experience":145334,"relics_obtained":[{"floor":5.0,"key":"PreservedInsect"},{"floor":8.0,"key":"Letter Opener"},{"floor":9.0,"key":"Frozen Egg 2"},{"floor":13.0,"key":"Paper Frog"},{"floor":23,"key":"Gambling Chip"},{"floor":23,"key":"Boot"},{"floor":26,"key":"Mummified Hand"},{"floor":30,"key":"Omamori"},{"floor":30,"key":"Art of War"}],"event_choices":[{"damage_healed":0.0,"max_hp_gain":0.0,"max_hp_loss":0.0,"gold_gain":0.0,"event_name":"NoteForYourself","player_choice":"Ignored","floor":2.0,"gold_loss":0.0,"damage_taken":0.0},{"damage_healed":0.0,"max_hp_gain":0.0,"max_hp_loss":0.0,"gold_gain":0.0,"event_name":"The Library","player_choice":"Read","floor":19.0,"gold_loss":0.0,"damage_taken":0.0,"cards_obtained":["Metallicize"]},{"damage_healed":0.0,"max_hp_gain":0.0,"max_hp_loss":0.0,"gold_gain":0.0,"event_name":"Ghosts","player_choice":"Ignored","floor":20.0,"gold_loss":0.0,"damage_taken":0.0},{"damage_healed":0,"gold_gain":0,"player_choice":"Inject Mutagens","damage_taken":0,"relics_obtained":["MutagenicStrength"],"max_hp_gain":0,"max_hp_loss":0,"event_name":"Drug Dealer","floor":28,"gold_loss":0}],"is_beta":true,"boss_relics":[{"not_picked":["Tiny House","Calling Bell"],"picked":"Black Star"}],"items_purged_floors":[],"is_endless":false,"potions_floor_spawned":[3,4,13,16,18,21,25,30],"killed_by":"Champ","ascension_level":0}