{"gold_per_floor":[114,264,264,24,35,68,68,68,68,68,84,84,95,112,112,185,185,138,138,138,138,63,63,78,78,124,124,124,149,162,177,177,177],"floor_reached":33,"playtime":1238,"items_purged":["Strike_R"],"score":576,"play_id":"4abaa65b-1132-4115-b67f-f2a7bfebc71e","local_time":"20190127131932","is_ascension_mode":true,"campfire_choices":[{"data":"Uppercut","floor":10.0,"key":"SMITH"},{"data":"Inflame","floor":12.0,"key":"SMITH"},{"data":"Metallicize","floor":15,"key":"SMITH"},{"data":"Juggernaut","floor":23,"key":"SMITH"},{"data":"Heavy Blade","floor":25,"key":"SMITH"},{"data":"Bash","floor":28,"key":"SMITH"},{"data":"Feel No Pain","floor":32,"key":"SMITH"}],"neow_cost":"NONE","seed_source_timestamp":0,"circlet_count":0,"master_deck":["AscendersBane","Defend_R","Defend_R","Defend_R","Defend_R","Bash+1","Heavy Blade+1","Uppercut+1","Armaments","True Grit+1","Juggernaut+1","Inflame+1","Twin Strike","Metallicize+1","Reaper","Anger+1","Power Through+1","Disarm+1","Corruption+1","Spot Weakness","Iron Wave","Feel No Pain+1"],"special_seed":0,"relics":["Burning Blood","NeowsBlessing","Blood Vial","Oddly Smooth Stone","Astrolabe","Bottled Flame","Centennial Puzzle","Boot"],"potions_floor_usage":[29,33,33],"damage_taken":[{"damage":0.0,"enemies":"2 Louse","floor":1.0,"turns":1.0},{"damage":0.0,"enemies":"Jaw Worm","floor":5.0,"turns":1.0},{"damage":0.0,"enemies":"3 Sentries","floor":6.0,"turns":2.0},{"damage":0.0,"enemies":"Small Slimes","floor":11.0,"turns":4.0},{"damage":4.0,"enemies":"3 Louse","floor":13.0,"turns":5.0},{"damage":31,"enemies":"Exordium Wildlife","floor":14,"turns":6},{"damage":12,"enemies":"The Guardian","floor":16,"turns":13},{"damage":24,"enemies":"2 Thieves","floor":18,"turns":5},{"damage":8,"enemies":"Spheric Guardian","floor":24,"turns":5},{"damage":25,"enemies":"Gremlin Leader","floor":29,"turns":6},{"damage":18,"enemies":"Snake Plant","floor":30,"turns":5},{"damage":0,"enemies":"Centurion and Healer","floor":31,"turns":6},{"damage":90,"enemies":"Collector","floor":33,"turns":9}],"seed_played":"-4436199203435488579","potions_obtained":[{"floor":6.0,"key":"Regen Potion"},{"floor":29,"key":"Fruit Juice"},{"floor":30,"key":"AttackPotion"}],"is_trial":false,"path_per_floor":["M","?","?","$","M","E","?","?","T","R","M","R","M","M","R","B",null,"M","?","T","?","?","R","M","R","T","?","R","E","M","M","R","B"],"character_chosen":"IRONCLAD","items_purchased":["Uppercut","Armaments","PowerPotion"],"campfire_rested":0,"item_purchase_floors":[4,4,4],"current_hp_per_floor":[74,74,74,74,75,75,80,56,56,56,64,64,68,45,45,41,70,62,62,62,62,62,62,62,62,62,62,62,60,61,81,81,0],"gold":177,"neow_bonus":"THREE_ENEMY_KILL","is_prod":false,"is_daily":false,"chose_seed":false,"campfire_upgraded":7,"win_rate":0,"timestamp":1548613172,"path_taken":["M","?","?","$","M","E","?","?","T","R","?","R","M","M","R","BOSS","M","?","?","?","?","R","M","R","T","?","R","E","?","M","R","BOSS"],"build_version":"2019-01-23","purchased_purges":1,"victory":false,"max_hp_per_floor":[75,75,75,75,75,75,80,80,80,80,80,80,80,80,80,80,80,80,80,80,80,80,80,80,80,80,80,80,85,85,85,85,85],"card_choices":[{"not_picked":["Wild Strike","Flex"],"picked":"Heavy Blade","floor":1.0},{"not_picked":["Armaments","Wild Strike"],"picked":"True Grit","floor":5.0},{"not_picked":["Flex","Warcry"],"picked":"Juggernaut","floor":6.0},{"not_picked":["Armaments","Clothesline"],"picked":"Inflame","floor":11.0},{"not_picked":["Cleave","Wild Strike"],"picked":"Twin Strike","floor":13.0},{"not_picked":["Thunderclap","Flex"],"picked":"Metallicize","floor":14},{"not_picked":["Feed","Bludgeon"],"picked":"Reaper","floor":16},{"not_picked":["Thunderclap","Warcry"],"picked":"Corruption+1","floor":18},{"not_picked":["Pommel Strike","Armaments","Heavy Blade"],"picked":"SKIP","floor":24},{"not_picked":["Flex","Wild Strike","Sever Soul"],"picked":"SKIP","floor":29},{"not_picked":["Rampage","Twin Strike"],"picked":"Iron Wave","floor":30},{"not_picked":["Heavy Blade","Flame Barrier+1"],"picked":"Feel No Pain","floor":31}],"player_experience":766994,"relics_obtained":[{"floor":6.0,"key":"Blood Vial"},{"floor":9.0,"key":"Oddly Smooth Stone"},{"floor":20,"key":"Bottled Flame"},{"floor":26,"key":"Centennial Puzzle"},{"floor":29,"key":"Boot"}],"event_choices":[{"damage_healed":0.0,"max_hp_gain":0.0,"max_hp_loss":0.0,"gold_gain":150.0,"event_name":"Liars Game","player_choice":"AGREE","floor":2.0,"gold_loss":0.0,"damage_taken":0.0,"cards_obtained":["Doubt"]},{"cards_removed":["Doubt"],"damage_healed":0.0,"max_hp_gain":0.0,"max_hp_loss":0.0,"gold_gain":0.0,"event_name":"Living Wall","player_choice":"Forget","floor":3.0,"gold_loss":0.0,"damage_taken":0.0},{"damage_healed":0.0,"max_hp_gain":5.0,"max_hp_loss":0.0,"gold_gain":0.0,"event_name":"Big Fish","player_choice":"Donut","floor":7.0,"gold_loss":0.0,"damage_taken":0.0},{"damage_healed":0.0,"max_hp_gain":0.0,"max_hp_loss":0.0,"gold_gain":0.0,"event_name":"Shining Light","player_choice":"Entered Light","floor":8.0,"gold_loss":0.0,"damage_taken":24.0,"cards_upgraded":["True Grit","Strike_R"]},{"damage_healed":0,"gold_gain":0,"player_choice":"Ignored","damage_taken":0,"max_hp_gain":0,"max_hp_loss":0,"event_name":"Vampires","floor":19,"gold_loss":0},{"damage_healed":0,"gold_gain":0,"player_choice":"Ignored","damage_taken":0,"max_hp_gain":0,"max_hp_loss":0,"event_name":"Ghosts","floor":21,"gold_loss":0},{"cards_removed":["Strike_R"],"damage_healed":0,"gold_gain":0,"player_choice":"Gave Gold","damage_taken":0,"max_hp_gain":0,"max_hp_loss":0,"event_name":"Beggar","floor":22,"gold_loss":75},{"damage_healed":0,"gold_gain":0,"player_choice":"Read","damage_taken":0,"max_hp_gain":0,"max_hp_loss":0,"event_name":"The Library","floor":27,"gold_loss":0,"cards_obtained":["Spot Weakness"]}],"is_beta":false,"boss_relics":[{"not_picked":["Fusion Hammer","Orrery"],"picked":"Astrolabe"}],"items_purged_floors":[4],"is_endless":false,"potions_floor_spawned":[6,13,18,29,30],"killed_by":"Collector","ascension_level":20}