{"gold_per_floor":[114,114,39,58,73,73,102,102,102,102,177,208,208,208,208,285,285,301,315,327,327,235,235,254,282,282,17,43,59,71,82,82,82],"floor_reached":33,"playtime":1144,"items_purged":["Pain"],"score":561,"play_id":"cecb6ee5-0f61-40bb-8970-a96e5e8e5960","local_time":"20181015233332","is_ascension_mode":true,"campfire_choices":[{"data":"Zap","floor":6,"key":"SMITH"},{"data":"Rip and Tear","floor":8,"key":"SMITH"},{"data":"Go for the Eyes","floor":10,"key":"SMITH"},{"data":"Conserve Battery","floor":15,"key":"SMITH"},{"floor":23,"key":"REST"},{"data":"Defragment","floor":32,"key":"SMITH"}],"neow_cost":"CURSE","seed_source_timestamp":688524280972962,"circlet_count":0,"master_deck":["Zap+1","Dualcast","AscendersBane","Go for the Eyes+1","Conserve Battery+1","Ball Lightning+1","Electrodynamics","Lockon+1","Steam+1","Lockon+1","Compile Driver+1","Stack","Double Energy+1","Stack","Streamline+1","Conserve Battery","Loop","Defragment+1","All For One+1","Sweeping Beam+1","Chaos+1","Doom and Gloom+1","Leap+1","Defragment"],"relics":["Cracked Core","Incense Burner","Letter Opener","Dream Catcher","Molten Egg 2","Pandora\u0027s Box","MutagenicStrength","War Paint","Symbiotic Virus","Lee\u0027s Waffle","Toxic Egg 2"],"potions_floor_usage":[7,12,16,25,28,33],"damage_taken":[{"damage":5,"enemies":"Jaw Worm","floor":1,"turns":5},{"damage":2,"enemies":"2 Louse","floor":4,"turns":2},{"damage":1,"enemies":"Small Slimes","floor":5,"turns":3},{"damage":20,"enemies":"Lagavulin","floor":7,"turns":6},{"damage":16,"enemies":"3 Sentries","floor":12,"turns":7},{"damage":53,"enemies":"Slime Boss","floor":16,"turns":12},{"damage":5,"enemies":"Spheric Guardian","floor":18,"turns":3},{"damage":14,"enemies":"2 Thieves","floor":19,"turns":3},{"damage":17,"enemies":"Sentry and Sphere","floor":20,"turns":5},{"damage":0,"enemies":"3 Cultists","floor":24,"turns":3},{"damage":25,"enemies":"Book of Stabbing","floor":25,"turns":3},{"damage":34,"enemies":"Slavers","floor":28,"turns":4},{"damage":0,"enemies":"Snecko","floor":29,"turns":3},{"damage":12,"enemies":"Snake Plant","floor":30,"turns":3},{"damage":0,"enemies":"3 Cultists","floor":31,"turns":3},{"damage":63,"enemies":"Collector","floor":33,"turns":6}],"seed_played":"7565215022654682109","potions_obtained":[{"floor":1,"key":"AttackPotion"},{"floor":5,"key":"Dexterity Potion"},{"floor":7,"key":"Dexterity Potion"},{"floor":12,"key":"Energy Potion"},{"floor":16,"key":"PowerPotion"},{"floor":25,"key":"Ancient Potion"},{"floor":28,"key":"Explosive Potion"}],"is_trial":false,"path_per_floor":["M","?","$","M","M","R","E","R","T","R","?","E","?","?","R","B",null,"M","M","M","?","$","R","M","E","T","$","E","M","M","M","R"],"character_chosen":"DEFECT","items_purchased":["Defragment","Lee\u0027s Waffle","Sweeping Beam+1"],"campfire_rested":1,"item_purchase_floors":[22,27,27],"current_hp_per_floor":[59,64,64,62,61,61,41,41,41,41,30,14,14,76,76,23,63,58,44,27,27,27,49,49,24,24,83,49,49,37,37,37,0],"gold":82,"neow_bonus":"ONE_RARE_RELIC","is_prod":false,"is_daily":false,"chose_seed":false,"campfire_upgraded":5,"win_rate":0,"timestamp":1539660812,"path_taken":["M","?","$","M","M","R","E","R","T","R","?","E","?","?","R","BOSS","M","M","M","?","?","R","M","E","T","$","E","M","?","M","R","BOSS"],"build_version":"2018-10-11","purchased_purges":1,"victory":false,"max_hp_per_floor":[71,76,76,76,76,76,76,76,76,76,76,76,76,76,76,76,76,76,76,76,76,76,76,76,76,76,83,83,83,83,83,83,83],"card_choices":[{"not_picked":["Coolheaded","Tempest"],"picked":"Go for the Eyes","floor":1},{"not_picked":["Coolheaded","Steam"],"picked":"Rip and Tear","floor":4},{"not_picked":["Gash","Barrage","Blizzard"],"picked":"SKIP","floor":5},{"not_picked":["Redo","Compile Driver"],"picked":"Conserve Battery","floor":7},{"not_picked":["Rebound","Static Discharge"],"picked":"Ball Lightning","floor":12},{"not_picked":["Core Surge+1","Amplify"],"picked":"Electrodynamics","floor":16},{"not_picked":["Beam Cell+1","Stack"],"picked":"Conserve Battery","floor":18},{"not_picked":["Coolheaded","Redo","Steam Power"],"picked":"SKIP","floor":19},{"not_picked":["Gash+1","Beam Cell+1"],"picked":"Loop","floor":20},{"not_picked":["Steam Power","Streamline+1","Storm"],"picked":"SKIP","floor":24},{"not_picked":["BootSequence","Sweeping Beam+1"],"picked":"All For One+1","floor":25},{"not_picked":["Chaos","Beam Cell+1","Recycle"],"picked":"SKIP","floor":28},{"not_picked":["Beam Cell+1","Recycle"],"picked":"Chaos","floor":28},{"not_picked":["Leap+1","Gash+1"],"picked":"Doom and Gloom+1","floor":29},{"not_picked":["Barrage+1","Steam Power+1"],"picked":"Leap+1","floor":30},{"not_picked":["Chaos+1","Ball Lightning+1"],"picked":"Defragment","floor":31}],"player_experience":570460,"relics_obtained":[{"floor":7,"key":"Letter Opener"},{"floor":9,"key":"Dream Catcher"},{"floor":12,"key":"Molten Egg 2"},{"floor":25,"key":"War Paint"},{"floor":26,"key":"Symbiotic Virus"},{"floor":28,"key":"Toxic Egg 2"}],"event_choices":[{"event_name":"Big Fish","player_choice":"Donut","floor":2,"damage_taken":0},{"event_name":"World of Goop","player_choice":"Gather Gold","floor":11,"damage_taken":0},{"event_name":"Liars Game","player_choice":"disagreed","floor":13,"damage_taken":0},{"event_name":"Bonfire Elementals","player_choice":"UNCOMMON","floor":14,"damage_taken":0},{"event_name":"Drug Dealer","player_choice":"Inject Mutagens","floor":21,"damage_taken":0}],"is_beta":false,"boss_relics":[{"not_picked":["White Beast Statue","Snecko Eye"],"picked":"Pandora\u0027s Box"}],"items_purged_floors":[3],"is_endless":false,"potions_floor_spawned":[1,5,7,12,16,19,25,28,29],"killed_by":"Collector","ascension_level":18}