{"gold_per_floor":[212,24,43,57,57,57,57,87,168,193,209,229,247,274,274,350,350,330,330,380,295,295,321,321,348,348,348,298,298,76,126,126,197,197,210,210,38,38,49,80,130,130,130,149,166,185,219,236,236,236],"floor_reached":51,"playtime":5028,"items_purged":["Strike_R","Burning Pact","Pommel Strike"],"score":1383,"play_id":"ac757e9e-820e-4317-a36b-bf6f236a81fa","local_time":"20190225001406","is_ascension_mode":true,"campfire_choices":[{"data":"Iron Wave","floor":6.0,"key":"SMITH"},{"data":"Carnage","floor":15.0,"key":"SMITH"},{"floor":24.0,"key":"REST"},{"floor":27.0,"key":"REST"},{"data":"Limit Break","floor":29.0,"key":"SMITH"},{"data":"True Grit","floor":32.0,"key":"SMITH"},{"data":"Demon Form","floor":42.0,"key":"SMITH"},{"data":"Corruption","floor":49,"key":"SMITH"}],"neow_cost":"NONE","seed_source_timestamp":24758267481883,"circlet_count":0,"master_deck":["AscendersBane","Bash","Iron Wave+1","Carnage+1","Armaments+1","Battle Trance","Reaper","Thunderclap","True Grit+1","Pommel Strike","Evolve","Uppercut","Demon Form+1","Burning Pact","Iron Wave","Feel No Pain","Whirlwind","Pummel","Fiend Fire","Power Through","Limit Break+1","Juggernaut","Flame Barrier","Finesse","Reaper","Twin Strike+1","Seeing Red","Corruption+1","Armaments","Shrug It Off","Reaper"],"special_seed":0,"relics":["Burning Blood","Oddly Smooth Stone","Pantograph","Smiling Mask","Odd Mushroom","Bottled Flame","Pandora\u0027s Box","Enchiridion","Charon\u0027s Ashes","Matryoshka","Centennial Puzzle","Orichalcum","Paper Frog","Pen Nib","Coffee Dripper","Darkstone Periapt","Blood Vial","Bottled Tornado","Gremlin Horn"],"potions_floor_usage":[47,50,50],"damage_taken":[{"damage":9.0,"enemies":"Jaw Worm","floor":1.0,"turns":4.0},{"damage":2.0,"enemies":"2 Louse","floor":3.0,"turns":3.0},{"damage":1.0,"enemies":"Small Slimes","floor":4.0,"turns":3.0},{"damage":26.0,"enemies":"Gremlin Nob","floor":8.0,"turns":4.0},{"damage":13.0,"enemies":"3 Sentries","floor":10.0,"turns":7.0},{"damage":8.0,"enemies":"Looter","floor":11.0,"turns":3.0},{"damage":26.0,"enemies":"The Mushroom Lair","floor":12.0,"turns":5.0},{"damage":9.0,"enemies":"Large Slime","floor":13.0,"turns":8.0},{"damage":11.0,"enemies":"Lagavulin","floor":14.0,"turns":7.0},{"damage":49.0,"enemies":"The Guardian","floor":16.0,"turns":15.0},{"damage":13.0,"enemies":"2 Thieves","floor":18.0,"turns":4.0},{"damage":29.0,"enemies":"Book of Stabbing","floor":23.0,"turns":6.0},{"damage":40.0,"enemies":"Gremlin Leader","floor":25.0,"turns":10.0},{"damage":79.0,"enemies":"Collector","floor":33.0,"turns":7.0},{"damage":0.0,"enemies":"Orb Walker","floor":35.0,"turns":2.0},{"damage":25.0,"enemies":"3 Darklings","floor":39.0,"turns":5.0},{"damage":56.0,"enemies":"Reptomancer","floor":40.0,"turns":6.0},{"damage":10.0,"enemies":"Writhing Mass","floor":44.0,"turns":4.0},{"damage":20,"enemies":"Transient","floor":45,"turns":6},{"damage":28,"enemies":"4 Shapes","floor":46,"turns":4},{"damage":26,"enemies":"Giant Head","floor":47,"turns":7},{"damage":0,"enemies":"Sphere and 2 Shapes","floor":48,"turns":3},{"damage":49,"enemies":"Donu and Deca","floor":50,"turns":6}],"seed_played":"-3203272398392259125","potions_obtained":[{"floor":4.0,"key":"Poison Potion"},{"floor":11.0,"key":"SkillPotion"},{"floor":13.0,"key":"LiquidBronze"},{"floor":14.0,"key":"SpeedPotion"},{"floor":16.0,"key":"Weak Potion"},{"floor":23.0,"key":"SteroidPotion"},{"floor":39.0,"key":"AttackPotion"},{"floor":45,"key":"Block Potion"},{"floor":46,"key":"Energy Potion"},{"floor":47,"key":"Dexterity Potion"}],"is_trial":false,"path_per_floor":["M","$","M","M","?","R","?","E","T","E","M","?","M","E","R","B",null,"M","?","?","?","?","E","R","E","T","R","$","R","$","?","R","B",null,"M","$","$","?","M","E","?","R","T","M","M","M","E","M","R","B",null],"character_chosen":"IRONCLAD","items_purchased":["Carnage","Armaments","Pen Nib","Flame Barrier","Finesse"],"campfire_rested":2,"item_purchase_floors":[2,2,30,37,37],"current_hp_per_floor":[65,65,69,74,74,74,79,59,59,62,60,48,55,50,50,38,70,63,42,42,42,42,19,43,46,46,70,70,70,70,70,70,7,62,68,68,68,68,80,49,49,49,49,66,80,80,80,80,80,80],"gold":236,"neow_bonus":"HUNDRED_GOLD","is_prod":false,"is_daily":false,"chose_seed":false,"campfire_upgraded":6,"win_rate":0,"timestamp":1551075246,"path_taken":["M","$","M","M","?","R","?","E","T","E","M","?","M","E","R","BOSS","M","?","?","?","?","E","R","E","T","R","$","R","$","?","R","BOSS","M","?","$","?","?","E","?","R","T","?","M","M","E","M","R","BOSS"],"build_version":"2019-01-23","purchased_purges":3,"victory":true,"max_hp_per_floor":[75,75,75,75,75,75,80,80,80,80,80,80,80,80,80,80,80,80,80,80,80,80,80,80,80,80,80,80,80,80,80,80,80,80,80,80,80,80,80,80,80,80,80,80,80,80,80,80,80,80],"card_choices":[{"not_picked":["Pommel Strike","Heavy Blade"],"picked":"Iron Wave","floor":1.0},{"not_picked":["Rage","True Grit"],"picked":"Battle Trance","floor":3.0},{"not_picked":["Sword Boomerang","Shrug It Off"],"picked":"Reaper","floor":4.0},{"not_picked":["Hemokinesis","Armaments"],"picked":"Thunderclap","floor":8.0},{"not_picked":["Berserk","Anger"],"picked":"True Grit","floor":10.0},{"not_picked":["Intimidate","True Grit"],"picked":"Pommel Strike","floor":11.0},{"not_picked":["Corruption","Heavy Blade"],"picked":"Evolve","floor":13.0},{"not_picked":["Rupture","Wild Strike"],"picked":"Uppercut","floor":14.0},{"not_picked":["Offering","Feed"],"picked":"Demon Form","floor":16.0},{"not_picked":["Fire Breathing","Searing Blow"],"picked":"Power Through","floor":18.0},{"not_picked":["Perfected Strike","Cleave"],"picked":"Limit Break","floor":23.0},{"not_picked":["Cleave","Twin Strike","Perfected Strike"],"picked":"SKIP","floor":25.0},{"not_picked":["Brutality","Berserk"],"picked":"Juggernaut","floor":33.0},{"not_picked":["Thunderclap+1","Combust+1","Pommel Strike+1"],"picked":"SKIP","floor":35.0},{"not_picked":["Iron Wave","Pommel Strike+1"],"picked":"Twin Strike+1","floor":39.0},{"not_picked":["Fire Breathing","Second Wind"],"picked":"Seeing Red","floor":40.0},{"not_picked":["Power Through","Clash"],"picked":"Corruption","floor":44.0},{"not_picked":["Pommel Strike+1","Anger+1","Cleave+1"],"picked":"SKIP","floor":45},{"not_picked":["Iron Wave","Heavy Blade"],"picked":"Armaments","floor":46},{"not_picked":["Iron Wave+1","Heavy Blade"],"picked":"Shrug It Off","floor":47},{"not_picked":["Havoc","Flex+1"],"picked":"Reaper","floor":48}],"player_experience":499324,"relics_obtained":[{"floor":8.0,"key":"Oddly Smooth Stone"},{"floor":9.0,"key":"Pantograph"},{"floor":10.0,"key":"Smiling Mask"},{"floor":12.0,"key":"Odd Mushroom"},{"floor":14.0,"key":"Bottled Flame"},{"floor":19.0,"key":"Enchiridion"},{"floor":23.0,"key":"Matryoshka"},{"floor":25.0,"key":"Centennial Puzzle"},{"floor":26.0,"key":"Orichalcum"},{"floor":26.0,"key":"Paper Frog"},{"floor":40.0,"key":"Darkstone Periapt"},{"floor":43.0,"key":"Blood Vial"},{"floor":43.0,"key":"Bottled Tornado"},{"floor":47,"key":"Gremlin Horn"}],"event_choices":[{"damage_healed":0.0,"max_hp_gain":0.0,"max_hp_loss":0.0,"gold_gain":0.0,"event_name":"Living Wall","player_choice":"Grow","floor":5.0,"gold_loss":0.0,"damage_taken":0.0,"cards_upgraded":["Armaments"]},{"damage_healed":0.0,"max_hp_gain":5.0,"max_hp_loss":0.0,"gold_gain":0.0,"event_name":"Big Fish","player_choice":"Donut","floor":7.0,"gold_loss":0.0,"damage_taken":0.0},{"damage_healed":0.0,"max_hp_gain":0.0,"max_hp_loss":0.0,"gold_gain":0.0,"event_name":"Mushrooms","player_choice":"Fought Mushrooms","floor":12.0,"gold_loss":0.0,"damage_taken":0.0},{"damage_healed":0.0,"max_hp_gain":0.0,"max_hp_loss":0.0,"gold_gain":0.0,"event_name":"Cursed Tome","player_choice":"Obtained Book","floor":19.0,"gold_loss":0.0,"damage_taken":21.0},{"damage_healed":0.0,"max_hp_gain":0.0,"max_hp_loss":0.0,"gold_gain":50.0,"event_name":"Nest","player_choice":"Stole From Cult","floor":20.0,"gold_loss":0.0,"damage_taken":0.0},{"damage_healed":0.0,"max_hp_gain":0.0,"max_hp_loss":0.0,"gold_gain":0.0,"event_name":"Addict","player_choice":"Obtained Relic","floor":21.0,"gold_loss":85.0,"damage_taken":0.0,"relics_obtained":["Charon\u0027s Ashes"]},{"damage_healed":0.0,"max_hp_gain":0.0,"max_hp_loss":0.0,"gold_gain":0.0,"event_name":"Vampires","player_choice":"Ignored","floor":22.0,"gold_loss":0.0,"damage_taken":0.0},{"damage_healed":0.0,"max_hp_gain":0.0,"max_hp_loss":0.0,"gold_gain":100.0,"event_name":"The Joust","player_choice":"Bet on Murderer","floor":31.0,"gold_loss":50.0,"damage_taken":0.0},{"damage_healed":0.0,"max_hp_gain":0.0,"max_hp_loss":0.0,"gold_gain":0.0,"event_name":"Duplicator","player_choice":"Copied","floor":38.0,"gold_loss":0.0,"damage_taken":0.0,"cards_obtained":["Reaper"]},{"damage_healed":0.0,"max_hp_gain":0.0,"max_hp_loss":0.0,"gold_gain":50.0,"event_name":"Golden Shrine","player_choice":"Pray","floor":41.0,"gold_loss":0.0,"damage_taken":0.0}],"is_beta":false,"boss_relics":[{"not_picked":["Runic Dome","Empty Cage"],"picked":"Pandora\u0027s Box"},{"not_picked":["Calling Bell","Tiny House"],"picked":"Coffee Dripper"}],"items_purged_floors":[2,28,30],"is_endless":false,"potions_floor_spawned":[4,11,13,14,16,23,39,45,46,47],"ascension_level":17}