{"path_per_floor":["M","M","?","?","$","M","R","E","T","R","M","R","$","M","R","B",null,"M","M","?"],"character_chosen":"IRONCLAD","items_purchased":["Bloodletting","Flex"],"gold_per_floor":[118,136,136,136,58,78,78,111,136,136,149,149,99,113,113,218,218,238,250,165],"floor_reached":21,"campfire_rested":4,"playtime":2010,"current_hp_per_floor":[88,85,85,60,60,49,75,46,46,72,49,75,75,57,83,26,88,60,20,20],"items_purged":[],"gold":165,"play_id":"3bc8e83e-a236-4399-bd1e-9b8544135e6b","is_prod":false,"is_daily":false,"campfire_rituals":0,"campfire_upgraded":0,"is_hardmode":false,"path_taken":["M","M","?","?","$","M","R","E","T","R","?","R","$","M","R","BOSS","M","M","?","?"],"build_version":"2017-12-21-PROD1","purchased_purges":0,"victory":false,"master_deck":["Strike_R","Strike_R","Strike_R","Strike_R","Strike_R","Defend_R","Defend_R","Defend_R","Defend_R","Bash","Rupture","Hemokinesis","Bloodletting","Flex","Bloodletting","Shrug It Off","Flex","Rupture","Reaper","Rupture","Battle Trance"],"max_hp_per_floor":[88,88,88,88,88,88,88,88,88,88,88,88,88,88,88,88,88,88,88,88],"relics":["Burning Blood","Dodecahedron","Vajra","Happy Flower","Torii"],"campfire_meditates":0,"card_choices":[{"not_picked":["Combust","Body Slam"],"picked":"Rupture"},{"not_picked":["Armaments","Warcry"],"picked":"Hemokinesis"},{"not_picked":["Feel No Pain","Thunderclap"],"picked":"Flex"},{"not_picked":["Heavy Blade","True Grit"],"picked":"Bloodletting"},{"not_picked":["True Grit","Body Slam"],"picked":"Shrug It Off"},{"not_picked":["Dropkick","Spot Weakness"],"picked":"Rupture"},{"not_picked":["Fiend Fire","Impervious"],"picked":"Reaper"},{"not_picked":["Iron Wave","Wild Strike"],"picked":"Rupture"},{"not_picked":["Corruption","Burning Pact"],"picked":"Battle Trance"}],"player_experience":25937,"potions_floor_usage":[],"damage_taken":[{"damage":5,"enemies":"Cultist","floor":1,"turns":4},{"damage":9,"enemies":"Jaw Worm","floor":2,"turns":5},{"damage":17,"enemies":"Looter","floor":6,"turns":5},{"damage":35,"enemies":"Lagavulin","floor":8,"turns":5},{"damage":29,"enemies":"Large Slime","floor":11,"turns":6},{"damage":24,"enemies":"Exordium Thugs","floor":14,"turns":4},{"damage":63,"enemies":"Slime Boss","floor":16,"turns":9},{"damage":34,"enemies":"Chosen","floor":18,"turns":7},{"damage":58,"enemies":"3 Byrds","floor":19,"turns":8},{"damage":22,"enemies":"Centurion and Healer","floor":21,"turns":3}],"event_choices":[{"event_name":"Living Wall","player_choice":"Grow","floor":3,"damage_taken":0},{"event_name":"Scrap Ooze","player_choice":"success","floor":4,"damage_taken":25},{"event_name":"Addict","player_choice":"Obtained Relic","floor":20,"damage_taken":0}],"boss_relics":[{"not_picked":[]}],"potions_floor_spawned":[1,2,11,16,19],"seed_played":"2097531448145568424","killed_by":"Centurion and Healer","is_trial":false}