{"gold_per_floor":[119,119,119,134,134,134,166,131,131,34,34,48,66,100,100,171,171,190,202,119,119,119,152,162,162,162,212,79,93,93,121,121,197,197,214,265,265,275,287,319,319,336,336,351,167,167,180,180,180,180,180],"floor_reached":51,"playtime":2840,"items_purged":["Strike_G","Strike_G"],"score":1546,"play_id":"96cb6705-366b-4075-80ed-98aa6d295e41","local_time":"20181130170135","is_ascension_mode":true,"campfire_choices":[{"data":"Neutralize","floor":6.0,"key":"SMITH"},{"data":"A Thousand Cuts","floor":11.0,"key":"SMITH"},{"data":"Cloak And Dagger","floor":15.0,"key":"SMITH"},{"floor":25,"key":"REST"},{"floor":30,"key":"REST"},{"data":"Footwork","floor":32,"key":"SMITH"},{"floor":41,"key":"REST"},{"floor":46,"key":"REST"},{"floor":49,"key":"RECALL"}],"neow_cost":"NONE","seed_source_timestamp":534895246119504,"circlet_count":0,"master_deck":["AscendersBane","Defend_G","Defend_G","Defend_G","Defend_G","Defend_G","Strike_G","Survivor","Neutralize+1","Endless Agony","Quick Slash","A Thousand Cuts+1","Cloak And Dagger+1","Blade Dance","Burst","PiercingWail","Leg Sweep","Footwork+1","Finisher","Endless Agony","Cloak And Dagger","Dodge and Roll","Burst","Cloak And Dagger","Footwork+1","PiercingWail+1","Acrobatics+1","PiercingWail+1","Cloak And Dagger+1","Footwork"],"special_seed":0,"relics":["Ring of the Serpent","NeowsBlessing","Bronze Scales","Happy Flower","Paper Crane","Pen Nib","Shuriken","Sozu","Du-Vu Doll","Ornamental Fan","Dead Branch","Unceasing Top","Gremlin Horn","Calipers"],"potions_floor_usage":[40],"damage_taken":[{"damage":0.0,"enemies":"Small Slimes","floor":1.0,"turns":1.0},{"damage":0.0,"enemies":"Cultist","floor":4.0,"turns":1.0},{"damage":0.0,"enemies":"3 Sentries","floor":7.0,"turns":1.0},{"damage":0.0,"enemies":"2 Louse","floor":12.0,"turns":3.0},{"damage":0.0,"enemies":"2 Fungi Beasts","floor":13.0,"turns":3.0},{"damage":8.0,"enemies":"Lagavulin","floor":14.0,"turns":5.0},{"damage":25.0,"enemies":"The Guardian","floor":16.0,"turns":10.0},{"damage":11.0,"enemies":"Spheric Guardian","floor":18.0,"turns":2.0},{"damage":0.0,"enemies":"Shell Parasite","floor":19.0,"turns":3.0},{"damage":22,"enemies":"Slavers","floor":23,"turns":4},{"damage":3,"enemies":"Snecko","floor":24,"turns":5},{"damage":13,"enemies":"Sentry and Sphere","floor":29,"turns":4},{"damage":10,"enemies":"Gremlin Leader","floor":31,"turns":4},{"damage":0,"enemies":"Champ","floor":33,"turns":10},{"damage":0,"enemies":"Orb Walker","floor":35,"turns":1},{"damage":26,"enemies":"2 Orb Walkers","floor":36,"turns":4},{"damage":0,"enemies":"3 Darklings","floor":38,"turns":4},{"damage":1,"enemies":"4 Shapes","floor":39,"turns":5},{"damage":16,"enemies":"Giant Head","floor":40,"turns":8},{"damage":6,"enemies":"Transient","floor":42,"turns":6},{"damage":0,"enemies":"Sphere and 2 Shapes","floor":44,"turns":4},{"damage":0,"enemies":"Maw","floor":47,"turns":5},{"damage":28,"enemies":"Donu and Deca","floor":50,"turns":10},{"damage":29,"enemies":"Time Eater","floor":51,"turns":6}],"seed_played":"-8010353590743917889","potions_obtained":[{"floor":7.0,"key":"GhostInAJar"},{"floor":12.0,"key":"SkillPotion"}],"is_trial":false,"path_per_floor":["M","?","?","M","?","R","E","?","T","?","R","M","M","E","R","B",null,"M","M","$","?","?","E","M","R","T","?","$","M","R","E","R","B",null,"M","?","?","M","M","E","R","M","T","M","$","R","M","T","R","B","B"],"character_chosen":"THE_SILENT","items_purchased":["Footwork","Cloak And Dagger","Footwork"],"campfire_rested":4,"item_purchase_floors":[20,28,45],"current_hp_per_floor":[59,52,52,52,41,41,41,57,57,57,57,57,57,49,49,24,56,45,45,45,45,50,28,25,44,44,38,38,25,44,34,34,34,58,58,32,32,32,31,15,34,28,28,28,28,47,47,47,47,19,0],"gold":180,"neow_bonus":"THREE_ENEMY_KILL","is_prod":false,"is_daily":false,"chose_seed":false,"campfire_upgraded":4,"win_rate":0,"timestamp":1543615295,"path_taken":["M","?","?","?","?","R","E","?","T","?","R","?","M","E","R","BOSS","M","M","$","?","?","E","?","R","T","?","?","M","R","E","R","BOSS","M","?","?","M","M","E","R","M","T","M","$","R","M","?","R","BOSS","BOSS"],"build_version":"2018-11-15","purchased_purges":2,"victory":false,"max_hp_per_floor":[66,66,66,66,66,66,66,66,66,66,66,66,66,66,66,66,66,66,66,66,66,66,66,66,66,66,66,66,66,66,66,66,66,66,66,66,66,66,66,66,66,66,66,66,66,66,66,66,66,66,66],"card_choices":[{"not_picked":["Dagger Throw","Flying Knee"],"picked":"Endless Agony","floor":1.0},{"not_picked":["Prepared","Dagger Throw"],"picked":"Quick Slash","floor":4.0},{"not_picked":["Finisher","Dagger Throw"],"picked":"A Thousand Cuts","floor":7.0},{"not_picked":["Quick Slash","Dagger Throw"],"picked":"Deadly Poison","floor":12.0},{"not_picked":["Acrobatics","Predator"],"picked":"Cloak And Dagger","floor":13.0},{"not_picked":["Expertise","Dodge and Roll"],"picked":"Blade Dance","floor":14.0},{"not_picked":["A Thousand Cuts","Envenom"],"picked":"Burst","floor":16.0},{"not_picked":["Sucker Punch","Blade Dance"],"picked":"PiercingWail","floor":18.0},{"not_picked":["Reflex","Blade Dance"],"picked":"Leg Sweep","floor":19.0},{"not_picked":["All Out Attack","Choke","Bane"],"picked":"SKIP","floor":23},{"not_picked":["Prepared","Underhanded Strike"],"picked":"Endless Agony","floor":24},{"not_picked":["Dagger Throw","PiercingWail","Slice+1"],"picked":"SKIP","floor":29},{"not_picked":["Bouncing Flask","PiercingWail"],"picked":"Dodge and Roll","floor":31},{"not_picked":["Storm of Steel","Bullet Time"],"picked":"Burst","floor":33},{"not_picked":["PiercingWail+1","Flying Knee"],"picked":"Cloak And Dagger","floor":35},{"not_picked":["Poisoned Stab","Dagger Throw"],"picked":"Footwork+1","floor":36},{"not_picked":["Dagger Spray","Dagger Throw+1"],"picked":"PiercingWail+1","floor":38},{"not_picked":["Catalyst","PiercingWail"],"picked":"Acrobatics+1","floor":39},{"not_picked":["Underhanded Strike","Slice","Setup"],"picked":"SKIP","floor":40},{"not_picked":["Bouncing Flask","Flying Knee"],"picked":"PiercingWail+1","floor":42},{"not_picked":["Outmaneuver","Slice"],"picked":"Cloak And Dagger+1","floor":44},{"not_picked":["Predator+1","Escape Plan","Poisoned Stab+1"],"picked":"SKIP","floor":47}],"player_experience":647052,"relics_obtained":[{"floor":7.0,"key":"Happy Flower"},{"floor":9.0,"key":"Paper Crane"},{"floor":14.0,"key":"Shuriken"},{"floor":23,"key":"Du-Vu Doll"},{"floor":26,"key":"Ornamental Fan"},{"floor":31,"key":"Dead Branch"},{"floor":36,"key":"Unceasing Top"},{"floor":40,"key":"Gremlin Horn"},{"floor":48,"key":"Calipers"}],"event_choices":[{"cards_removed":["Strike_G"],"damage_healed":0.0,"max_hp_gain":0.0,"max_hp_loss":0.0,"gold_gain":0.0,"event_name":"Golden Wing","player_choice":"Card Removal","floor":2.0,"gold_loss":0.0,"damage_taken":7.0},{"cards_removed":["Strike_G"],"damage_healed":0.0,"max_hp_gain":0.0,"max_hp_loss":0.0,"gold_gain":0.0,"event_name":"Purifier","player_choice":"Purged","floor":3.0,"gold_loss":0.0,"damage_taken":0.0},{"damage_healed":0.0,"max_hp_gain":0.0,"max_hp_loss":0.0,"gold_gain":0.0,"event_name":"Scrap Ooze","player_choice":"Success","floor":5.0,"gold_loss":0.0,"damage_taken":11.0,"relics_obtained":["Bronze Scales"]},{"damage_healed":16.0,"max_hp_gain":0.0,"max_hp_loss":0.0,"gold_gain":0.0,"event_name":"The Cleric","player_choice":"Healed","floor":8.0,"gold_loss":35.0,"damage_taken":0.0},{"damage_healed":0.0,"max_hp_gain":0.0,"max_hp_loss":0.0,"gold_gain":0.0,"event_name":"WeMeetAgain","player_choice":"Paid Gold","floor":10.0,"gold_loss":97.0,"damage_taken":0.0,"relics_obtained":["Pen Nib"]},{"damage_healed":0.0,"max_hp_gain":0.0,"max_hp_loss":0.0,"gold_gain":0.0,"event_name":"The Library","player_choice":"Read","floor":21.0,"gold_loss":0.0,"damage_taken":0.0,"cards_obtained":["Finisher"]},{"cards_removed":["Deadly Poison"],"damage_healed":5,"gold_gain":0,"player_choice":"Offered Common","damage_taken":0,"max_hp_gain":0,"max_hp_loss":0,"event_name":"Bonfire Elementals","floor":22,"gold_loss":0},{"cards_removed":["Deadly Poison"],"damage_healed":5,"gold_gain":0,"player_choice":"Offered Special","damage_taken":0,"max_hp_gain":0,"max_hp_loss":0,"event_name":"Bonfire Elementals","floor":22,"gold_loss":0},{"damage_healed":0,"gold_gain":50,"player_choice":"Touch","damage_taken":6,"max_hp_gain":0,"max_hp_loss":0,"event_name":"FaceTrader","floor":27,"gold_loss":0},{"damage_healed":0,"gold_gain":0,"player_choice":"Fight","damage_taken":0,"max_hp_gain":0,"max_hp_loss":0,"event_name":"Mysterious Sphere","floor":36,"gold_loss":0},{"damage_healed":0,"gold_gain":0,"player_choice":"Memory 1","damage_taken":0,"max_hp_gain":0,"max_hp_loss":0,"event_name":"SensoryStone","floor":37,"gold_loss":0}],"is_beta":false,"boss_relics":[{"not_picked":["Empty Cage","Orrery"],"picked":"Sozu"},{"not_picked":["Astrolabe","Black Star"],"picked":"Ring of the Serpent"}],"items_purged_floors":[28,45],"is_endless":false,"potions_floor_spawned":[7,12,23,24,31,33,35,42,44],"killed_by":"Time Eater","ascension_level":20}