{"gold_per_floor":[111,111,129,40,58,58,83,99,99,274,320,6,6,6,6,101,101,116,116,132,145,156,156,170,182,182,182,213,233,233,41,41,144,144,157,157],"floor_reached":36,"playtime":2172,"items_purged":["Doubt"],"score":518,"play_id":"1a9c7870-74a2-47e4-9dc4-f6979e9b6957","local_time":"20181205112324","is_ascension_mode":true,"campfire_choices":[{"data":"Zap","floor":6.0,"key":"SMITH"},{"data":"Dualcast","floor":15.0,"key":"SMITH"},{"data":"Consume","floor":23.0,"key":"SMITH"},{"floor":27.0,"key":"REST"},{"floor":32.0,"key":"REST"}],"neow_cost":"NONE","seed_source_timestamp":582716728393013,"circlet_count":0,"master_deck":["Strike_B","Strike_B","Strike_B","Defend_B","Defend_B","Defend_B","Defend_B","Zap+1","Dualcast+1","Self Repair","White Noise","Go for the Eyes","Dark Shackles","Steam","All For One","Consume+1","Coolheaded","Coolheaded","Loop+1","Go for the Eyes","Conserve Battery","Stack","All For One","Skim+1","Capacitor","Hologram","Madness","Electrodynamics","Go for the Eyes+1"],"special_seed":0,"relics":["Cracked Core","NeowsBlessing","Juzu Bracelet","Gremlin Horn","Blood Vial","Cables","Black Star","StoneCalendar","Torii","Emotion Chip","Inserter"],"potions_floor_usage":[33],"damage_taken":[{"damage":0.0,"enemies":"Jaw Worm","floor":1.0,"turns":1.0},{"damage":0.0,"enemies":"Cultist","floor":3.0,"turns":1.0},{"damage":0.0,"enemies":"2 Louse","floor":5.0,"turns":1.0},{"damage":32.0,"enemies":"Lagavulin","floor":7.0,"turns":8.0},{"damage":7.0,"enemies":"Exordium Wildlife","floor":8.0,"turns":4.0},{"damage":13.0,"enemies":"Slime Boss","floor":16.0,"turns":6.0},{"damage":14.0,"enemies":"3 Byrds","floor":18.0,"turns":4.0},{"damage":10.0,"enemies":"2 Thieves","floor":20.0,"turns":4.0},{"damage":4.0,"enemies":"Snecko","floor":21.0,"turns":6.0},{"damage":37.0,"enemies":"Snake Plant","floor":22.0,"turns":5.0},{"damage":7.0,"enemies":"Centurion and Healer","floor":24.0,"turns":8.0},{"damage":24.0,"enemies":"Sentry and Sphere","floor":25.0,"turns":4.0},{"damage":13.0,"enemies":"Book of Stabbing","floor":28.0,"turns":6.0},{"damage":0.0,"enemies":"Snecko","floor":29.0,"turns":5.0},{"damage":19,"enemies":"Champ","floor":33,"turns":9},{"damage":70,"enemies":"3 Shapes","floor":35,"turns":4},{"damage":13,"enemies":"3 Darklings","floor":36,"turns":2}],"seed_played":"8763015622175886064","potions_obtained":[{"floor":3.0,"key":"Energy Potion"},{"floor":16.0,"key":"Fire Potion"},{"floor":18.0,"key":"SteroidPotion"},{"floor":20.0,"key":"EssenceOfSteel"},{"floor":25.0,"key":"Dexterity Potion"},{"floor":33,"key":"GamblersBrew"},{"floor":35,"key":"Weak Potion"}],"is_trial":false,"path_per_floor":["M","?","M","$","M","R","E","M","T","?","T","$","?","$","R","B",null,"M","?","M","M","M","R","M","M","T","R","E","M","?","$","R","B",null,"M","M"],"character_chosen":"DEFECT","items_purchased":["Dark Shackles","Cables","Capacitor","Hologram","Madness"],"campfire_rested":2,"item_purchase_floors":[4,12,31,31,31],"current_hp_per_floor":[68,68,75,75,75,75,50,50,50,50,50,50,75,75,75,69,74,68,68,67,72,44,44,46,31,31,53,49,58,58,58,75,63,72,11,0],"gold":157,"neow_bonus":"THREE_ENEMY_KILL","is_prod":false,"is_daily":false,"chose_seed":false,"campfire_upgraded":3,"win_rate":0,"timestamp":1543983804,"path_taken":["M","?","M","$","?","R","E","M","T","?","?","$","?","?","R","BOSS","M","?","M","M","M","R","M","M","T","R","E","M","?","$","R","BOSS","M","M"],"build_version":"2018-11-15","purchased_purges":1,"victory":false,"max_hp_per_floor":[75,75,75,75,75,75,75,75,75,75,75,75,75,75,75,75,75,75,75,75,75,75,75,75,75,75,75,75,75,75,75,75,75,75,75,75],"card_choices":[{"not_picked":["Barrage","Redo"],"picked":"Self Repair","floor":1.0},{"not_picked":["Sweeping Beam","Ball Lightning"],"picked":"Go for the Eyes","floor":3.0},{"not_picked":["Leap","Self Repair"],"picked":"Steam","floor":5.0},{"not_picked":["Steam Power","Rebound"],"picked":"All For One","floor":7.0},{"not_picked":["Auto Shields","Sunder"],"picked":"Consume","floor":8.0},{"not_picked":["Auto Shields","Undo"],"picked":"Coolheaded","floor":18.0},{"not_picked":["Gash+1","Heatsinks"],"picked":"Coolheaded","floor":20.0},{"not_picked":["BootSequence","Leap+1"],"picked":"Loop+1","floor":21.0},{"not_picked":["Leap","Steam Power"],"picked":"Go for the Eyes","floor":22.0},{"not_picked":["Ball Lightning","Steam"],"picked":"Conserve Battery","floor":24.0},{"not_picked":["Undo","Reinforced Body+1"],"picked":"Stack","floor":25.0},{"not_picked":["Recycle+1","Sweeping Beam"],"picked":"All For One","floor":28.0},{"not_picked":["Barrage+1","Auto Shields"],"picked":"Skim+1","floor":29.0},{"not_picked":["Machine Learning","Biased Cognition"],"picked":"Electrodynamics","floor":33},{"not_picked":["Beam Cell","Sweeping Beam+1"],"picked":"Go for the Eyes+1","floor":35}],"player_experience":169449,"relics_obtained":[{"floor":7.0,"key":"Juzu Bracelet"},{"floor":9.0,"key":"Gremlin Horn"},{"floor":11.0,"key":"Blood Vial"},{"floor":26.0,"key":"StoneCalendar"},{"floor":28.0,"key":"Torii"},{"floor":28.0,"key":"Emotion Chip"}],"event_choices":[{"damage_healed":0.0,"max_hp_gain":0.0,"max_hp_loss":0.0,"gold_gain":0.0,"cards_transformed":["Strike_B"],"event_name":"Transmorgrifier","player_choice":"Transformed","floor":2.0,"gold_loss":0.0,"damage_taken":0.0,"cards_obtained":["White Noise"]},{"damage_healed":0.0,"max_hp_gain":0.0,"max_hp_loss":0.0,"gold_gain":175.0,"event_name":"Liars Game","player_choice":"AGREE","floor":10.0,"gold_loss":0.0,"damage_taken":0.0,"cards_obtained":["Doubt"]},{"damage_healed":25.0,"max_hp_gain":0.0,"max_hp_loss":0.0,"gold_gain":0.0,"event_name":"Big Fish","player_choice":"Banana","floor":13.0,"gold_loss":0.0,"damage_taken":0.0},{"damage_healed":0.0,"max_hp_gain":0.0,"max_hp_loss":0.0,"gold_gain":0.0,"event_name":"Ghosts","player_choice":"Ignored","floor":19.0,"gold_loss":0.0,"damage_taken":0.0},{"damage_healed":0.0,"max_hp_gain":0.0,"max_hp_loss":0.0,"gold_gain":0.0,"event_name":"Beggar","player_choice":"Ignored","floor":30.0,"gold_loss":0.0,"damage_taken":0.0}],"is_beta":false,"boss_relics":[{"not_picked":["Runic Pyramid","Astrolabe"],"picked":"Black Star"},{"not_picked":["Philosopher\u0027s Stone","Coffee Dripper"],"picked":"Inserter"}],"items_purged_floors":[12],"is_endless":false,"potions_floor_spawned":[3,16,18,20,21,25,33,35],"killed_by":"3 Darklings","ascension_level":7}