{"gold_per_floor":[109,109,109,59,79,119,119,143,143,56,74,74,117,137,137,263,263,276,276,276,297,316,316,355,355,385,418,117,32,32],"floor_reached":30,"playtime":1547,"items_purged":["Injury","Zap+1"],"score":276,"play_id":"313c1dfc-eaa6-45cf-af4b-1a6a770ae5d3","local_time":"20190131020959","is_ascension_mode":false,"campfire_choices":[{"floor":7,"key":"RECALL"},{"floor":15,"key":"REST"},{"floor":23,"key":"REST"},{"floor":25,"key":"REST"}],"neow_cost":"NONE","seed_source_timestamp":164844564880800,"circlet_count":0,"master_deck":["Strike_B+1","Strike_B+1","Strike_B+1","Strike_B+1","Defend_B+1","Defend_B+1","Defend_B+1","Defend_B+1","Dualcast","Go for the Eyes","Go for the Eyes","Defragment","Beam Cell","Beam Cell","Gash+1","FTL"],"relics":["FrozenCore","Whetstone","Matryoshka","Golden Idol","Anchor","Smiling Mask","Bag of Preparation","Juzu Bracelet","Tiny Chest","Molten Egg 2","The Courier","Calipers","Kunai"],"potions_floor_usage":[13,16,30],"damage_taken":[{"damage":0,"enemies":"Cultist","floor":1,"turns":2},{"damage":2,"enemies":"2 Louse","floor":5,"turns":2},{"damage":30,"enemies":"Gremlin Nob","floor":6,"turns":4},{"damage":0,"enemies":"Jaw Worm","floor":8,"turns":3},{"damage":0,"enemies":"2 Fungi Beasts","floor":11,"turns":3},{"damage":19,"enemies":"3 Sentries","floor":13,"turns":6},{"damage":0,"enemies":"Looter","floor":14,"turns":2},{"damage":35,"enemies":"The Guardian","floor":16,"turns":11},{"damage":14,"enemies":"3 Byrds","floor":18,"turns":7},{"damage":5,"enemies":"Colosseum Slavers","floor":19,"turns":8},{"damage":0,"enemies":"Chosen","floor":21,"turns":4},{"damage":9,"enemies":"Snake Plant","floor":22,"turns":8},{"damage":35,"enemies":"Slavers","floor":24,"turns":13},{"damage":16,"enemies":"Book of Stabbing","floor":27,"turns":8},{"damage":49,"enemies":"Gremlin Leader","floor":30,"turns":6}],"seed_played":"-6057720820705537712","potions_obtained":[{"floor":11,"key":"Regen Potion"},{"floor":14,"key":"PowerPotion"},{"floor":18,"key":"Energy Potion"}],"is_trial":false,"path_per_floor":["M","?","?","?","M","E","R","M","T","$","M","?","E","M","R","B",null,"M","?","?","M","M","R","E","R","T","E","$","?","E"],"character_chosen":"DEFECT","items_purchased":["Defragment","Calipers"],"campfire_rested":3,"item_purchase_floors":[10,28],"current_hp_per_floor":[75,75,75,75,73,43,43,43,43,43,43,28,24,24,46,11,75,61,56,56,56,47,69,34,56,56,40,40,40,0],"gold":32,"neow_bonus":"RANDOM_COMMON_RELIC","is_prod":false,"is_daily":false,"chose_seed":false,"campfire_upgraded":0,"win_rate":0,"timestamp":1548896999,"path_taken":["M","?","?","?","M","E","R","M","T","$","M","?","E","M","R","BOSS","M","?","?","M","?","R","E","R","T","E","$","?","E"],"build_version":"2019-01-23","purchased_purges":2,"victory":false,"max_hp_per_floor":[75,75,75,75,75,75,75,75,75,75,75,75,75,75,75,75,75,75,75,75,75,75,75,75,75,75,75,75,75,75],"card_choices":[{"not_picked":["Compile Driver","Sweeping Beam","Hello World"],"picked":"SKIP","floor":1},{"not_picked":["Chaos","Beam Cell"],"picked":"Go for the Eyes","floor":5},{"not_picked":["Hyperbeam","Heatsinks"],"picked":"Go for the Eyes","floor":6},{"not_picked":["Redo","Coolheaded","Blizzard"],"picked":"SKIP","floor":8},{"not_picked":["Cold Snap","Stack"],"picked":"Beam Cell","floor":11},{"not_picked":["Biased Cognition","Rebound","Ball Lightning"],"picked":"SKIP","floor":13},{"not_picked":["Compile Driver","Streamline"],"picked":"Beam Cell","floor":14},{"not_picked":["Darkness+1","Rip and Tear+1","Compile Driver+1"],"picked":"SKIP","floor":18},{"not_picked":["Hologram+1","Leap+1"],"picked":"Gash+1","floor":21},{"not_picked":["Creative AI","Ball Lightning+1","Streamline"],"picked":"SKIP","floor":22},{"not_picked":["Barrage","Streamline"],"picked":"FTL","floor":24},{"not_picked":["Melter+1","Beam Cell+1","Turbo"],"picked":"SKIP","floor":27}],"player_experience":163695,"relics_obtained":[{"floor":6,"key":"Anchor"},{"floor":9,"key":"Smiling Mask"},{"floor":13,"key":"Bag of Preparation"},{"floor":24,"key":"Juzu Bracelet"},{"floor":26,"key":"Tiny Chest"},{"floor":26,"key":"Molten Egg 2"},{"floor":27,"key":"The Courier"}],"event_choices":[{"damage_healed":0,"gold_gain":0,"player_choice":"Box","damage_taken":0,"relics_obtained":["Matryoshka"],"max_hp_gain":0,"max_hp_loss":0,"event_name":"Big Fish","floor":2,"gold_loss":0,"cards_obtained":["Regret"]},{"damage_healed":0,"gold_gain":0,"player_choice":"Take Wound","damage_taken":0,"relics_obtained":["Golden Idol"],"max_hp_gain":0,"max_hp_loss":0,"event_name":"Golden Idol","floor":3,"gold_loss":0,"cards_obtained":["Injury"]},{"cards_removed":["Regret"],"damage_healed":0,"gold_gain":0,"player_choice":"Card Removal","damage_taken":0,"max_hp_gain":0,"max_hp_loss":0,"event_name":"The Cleric","floor":4,"gold_loss":50},{"damage_healed":0,"gold_gain":0,"player_choice":"Entered Light","damage_taken":15,"max_hp_gain":0,"max_hp_loss":0,"event_name":"Shining Light","floor":12,"gold_loss":0,"cards_upgraded":["Zap","Defend_B"]},{"damage_healed":0,"gold_gain":0,"player_choice":"Fight","damage_taken":0,"max_hp_gain":0,"max_hp_loss":0,"event_name":"Colosseum","floor":19,"gold_loss":0},{"damage_healed":0,"gold_gain":0,"player_choice":"Fled From Nobs","damage_taken":0,"max_hp_gain":0,"max_hp_loss":0,"event_name":"Colosseum","floor":19,"gold_loss":0},{"damage_healed":0,"gold_gain":0,"player_choice":"Simplicity","damage_taken":0,"max_hp_gain":0,"max_hp_loss":0,"event_name":"Back to Basics","floor":20,"gold_loss":0,"cards_upgraded":["Strike_B","Strike_B","Defend_B","Defend_B","Defend_B"]},{"damage_healed":0,"gold_gain":0,"player_choice":"Obtained Relic","damage_taken":0,"relics_obtained":["Kunai"],"max_hp_gain":0,"max_hp_loss":0,"event_name":"Addict","floor":29,"gold_loss":85}],"is_beta":true,"boss_relics":[{"not_picked":["Ectoplasm","Snecko Eye"],"picked":"FrozenCore"}],"items_purged_floors":[10,28],"is_endless":false,"potions_floor_spawned":[11,14,18],"killed_by":"Gremlin Leader","ascension_level":0}