{"gold_per_floor":[114,189,205,47,47,47,65,65,65,90,90,90,90,100,100,195,195,210,125,50,50,69,69,69],"floor_reached":24,"playtime":1051,"items_purged":["Strike_R"],"score":288,"play_id":"cf91f73e-8569-41a4-9dbd-5879d9ac79fd","local_time":"20190825164356","is_ascension_mode":true,"campfire_choices":[{"floor":6,"key":"REST"},{"data":"Bludgeon","floor":8,"key":"SMITH"},{"data":"Bash","floor":11,"key":"SMITH"},{"floor":15,"key":"REST"},{"floor":23,"key":"REST"}],"neow_cost":"PERCENT_DAMAGE","seed_source_timestamp":888157884061100,"circlet_count":0,"master_deck":["AscendersBane","Strike_R","Strike_R","Defend_R+1","Defend_R","Defend_R+1","Bash+1","Bludgeon+1","Shrug It Off","Intimidate","Evolve","Shrug It Off","Feed","Twin Strike","Offering","Combust"],"relics":["Burning Blood","Letter Opener","War Paint","Bottled Lightning","Empty Cage","Paper Frog","Toxic Egg 2"],"potions_floor_usage":[10,16],"damage_taken":[{"damage":0,"enemies":"Small Slimes","floor":1,"turns":3},{"damage":12,"enemies":"Jaw Worm","floor":3,"turns":2},{"damage":1,"enemies":"Cultist","floor":7,"turns":3},{"damage":20,"enemies":"Lagavulin","floor":10,"turns":4},{"damage":10,"enemies":"Lots of Slimes","floor":14,"turns":6},{"damage":39,"enemies":"The Guardian","floor":16,"turns":10},{"damage":28,"enemies":"3 Byrds","floor":18,"turns":6},{"damage":15,"enemies":"Spheric Guardian","floor":22,"turns":4},{"damage":69,"enemies":"Book of Stabbing","floor":24,"turns":6}],"seed_played":"-6688742578406915088","potions_obtained":[{"floor":3,"key":"AttackPotion"},{"floor":7,"key":"Energy Potion"},{"floor":16,"key":"Strength Potion"}],"is_trial":false,"path_per_floor":["M","?","M","$","?","R","M","R","T","E","R","T","$","M","R","B",null,"M","?","?","T","M","R","E"],"character_chosen":"IRONCLAD","items_purchased":["Evolve","Shrug It Off"],"campfire_rested":3,"item_purchase_floors":[4,4],"current_hp_per_floor":[57,46,40,40,40,64,69,69,69,55,55,55,55,54,78,45,74,52,52,52,52,43,67,0],"gold":69,"neow_bonus":"THREE_RARE_CARDS","is_prod":false,"is_daily":false,"chose_seed":false,"campfire_upgraded":2,"win_rate":0,"timestamp":1566719036,"path_taken":["M","?","M","$","?","R","?","R","T","E","R","?","$","M","R","BOSS","M","?","?","?","M","R","E"],"build_version":"2019-07-17","purchased_purges":1,"victory":false,"max_hp_per_floor":[80,80,80,80,80,80,80,80,80,80,80,80,80,83,83,83,83,83,83,83,83,83,83,83],"card_choices":[{"not_picked":["Brutality","Dark Embrace"],"picked":"Bludgeon","floor":0},{"not_picked":["Iron Wave","Fire Breathing"],"picked":"Shrug It Off","floor":1},{"not_picked":["Thunderclap","Wild Strike"],"picked":"Intimidate","floor":3},{"not_picked":["Iron Wave","Seeing Red"],"picked":"Feed","floor":7},{"not_picked":["Body Slam","Headbutt"],"picked":"Twin Strike","floor":10},{"not_picked":["Shrug It Off","Clash","Warcry"],"picked":"SKIP","floor":14},{"not_picked":["Barricade","Impervious"],"picked":"Offering","floor":16},{"not_picked":["Carnage","Perfected Strike"],"picked":"Combust","floor":18},{"not_picked":["Iron Wave","Reckless Charge","Shrug It Off+1"],"picked":"SKIP","floor":22}],"player_experience":203869,"relics_obtained":[{"floor":9,"key":"Letter Opener"},{"floor":10,"key":"War Paint"},{"floor":12,"key":"Bottled Lightning"},{"floor":21,"key":"Toxic Egg 2"}],"event_choices":[{"damage_healed":0,"gold_gain":75,"player_choice":"Gather Gold","damage_taken":11,"max_hp_gain":0,"max_hp_loss":0,"event_name":"World of Goop","floor":2,"gold_loss":0},{"damage_healed":0,"gold_gain":0,"player_choice":"Ignored","damage_taken":0,"max_hp_gain":0,"max_hp_loss":0,"event_name":"Liars Game","floor":5,"gold_loss":0},{"damage_healed":0,"gold_gain":0,"player_choice":"Obtained Relic","damage_taken":0,"relics_obtained":["Paper Frog"],"max_hp_gain":0,"max_hp_loss":0,"event_name":"Addict","floor":19,"gold_loss":85},{"cards_removed":["Strike_R"],"damage_healed":0,"gold_gain":0,"player_choice":"Gave Gold","damage_taken":0,"max_hp_gain":0,"max_hp_loss":0,"event_name":"Beggar","floor":20,"gold_loss":75}],"is_beta":false,"boss_relics":[{"not_picked":["Eternal Feather","Calling Bell"],"picked":"Empty Cage"}],"items_purged_floors":[4],"is_endless":false,"potions_floor_spawned":[3,7,16],"killed_by":"Book of Stabbing","ascension_level":10}