{"gold_per_floor":[116,126,139,156,73,73,99,113,143,143],"floor_reached":10,"playtime":357,"items_purged":[],"score":137,"play_id":"89288e4d-8d5c-4f74-abe9-bcb29aded15f","local_time":"20190807031841","is_ascension_mode":true,"campfire_choices":[{"data":"Noxious Fumes","floor":6,"key":"SMITH"}],"neow_cost":"PERCENT_DAMAGE","seed_source_timestamp":352955193932400,"circlet_count":0,"master_deck":["AscendersBane","Strike_G","Strike_G","Strike_G","Strike_G","Strike_G","Defend_G","Defend_G","Defend_G","Defend_G","Defend_G","Survivor","Neutralize","After Image","Skewer","Backflip","Masterful Stab","Bouncing Flask","Noxious Fumes+1","Predator","Unload"],"relics":["Ring of the Snake","Incense Burner","Tiny Chest"],"potions_floor_usage":[7,7],"damage_taken":[{"damage":0,"enemies":"2 Louse","floor":1,"turns":3},{"damage":6,"enemies":"Cultist","floor":2,"turns":4},{"damage":1,"enemies":"Small Slimes","floor":3,"turns":5},{"damage":0,"enemies":"Looter","floor":4,"turns":3},{"damage":30,"enemies":"Gremlin Nob","floor":7,"turns":4},{"damage":6,"enemies":"Blue Slaver","floor":8,"turns":3},{"damage":3,"enemies":"Exordium Thugs","floor":10,"turns":2}],"seed_played":"-2641464859452004647","potions_obtained":[{"floor":1,"key":"SpeedPotion"},{"floor":2,"key":"LiquidBronze"}],"is_trial":false,"path_per_floor":["M","M","M","M","$","R","E","M","T","M"],"character_chosen":"THE_SILENT","items_purchased":["Noxious Fumes"],"campfire_rested":0,"item_purchase_floors":[5],"current_hp_per_floor":[44,38,37,37,37,37,7,1,1,0],"gold":143,"neow_bonus":"THREE_RARE_CARDS","is_prod":false,"is_daily":false,"chose_seed":false,"campfire_upgraded":1,"win_rate":0,"timestamp":1565115521,"path_taken":["M","M","M","M","$","R","E","M","T","M"],"build_version":"2019-07-17","purchased_purges":0,"victory":false,"max_hp_per_floor":[66,66,66,66,66,66,66,66,66,66],"card_choices":[{"not_picked":["Tools of the Trade","Envenom"],"picked":"After Image","floor":0},{"not_picked":["Bane","Slice"],"picked":"Skewer","floor":1},{"not_picked":["Prepared","Bane"],"picked":"Backflip","floor":2},{"not_picked":["Dagger Spray","Outmaneuver"],"picked":"Masterful Stab","floor":3},{"not_picked":["Terror","Deflect"],"picked":"Bouncing Flask","floor":4},{"not_picked":["Dagger Spray","Heel Hook"],"picked":"Predator","floor":7},{"not_picked":["Deadly Poison","Quick Slash"],"picked":"Unload","floor":8}],"player_experience":605330,"relics_obtained":[{"floor":7,"key":"Incense Burner"},{"floor":9,"key":"Tiny Chest"}],"event_choices":[],"is_beta":false,"boss_relics":[],"items_purged_floors":[],"is_endless":false,"potions_floor_spawned":[1,2],"killed_by":"Exordium Thugs","ascension_level":19}