{"gold_per_floor":[113,113,125,185,199,199,225,238,238],"floor_reached":9,"playtime":883,"items_purged":[],"score":98,"play_id":"4ad325f7-6332-4f83-8098-a112f0ad8e90","local_time":"20190825153804","is_ascension_mode":true,"campfire_choices":[{"data":"Corruption","floor":6,"key":"SMITH"}],"neow_cost":"TEN_PERCENT_HP_LOSS","seed_source_timestamp":496313909043000,"circlet_count":0,"master_deck":["AscendersBane","Strike_R","Strike_R","Strike_R","Strike_R","Strike_R","Defend_R","Defend_R","Defend_R","Defend_R","Bash","Deep Breath","Blind","Evolve","Armaments","Pummel","Corruption+1","Shrug It Off","Burning Pact"],"relics":["Burning Blood","SsserpentHead","WingedGreaves"],"potions_floor_usage":[],"damage_taken":[{"damage":9,"enemies":"2 Louse","floor":1,"turns":4},{"damage":0,"enemies":"Cultist","floor":3,"turns":4},{"damage":9,"enemies":"Small Slimes","floor":4,"turns":4},{"damage":12,"enemies":"Blue Slaver","floor":5,"turns":6},{"damage":30,"enemies":"3 Sentries","floor":7,"turns":11},{"damage":19,"enemies":"3 Louse","floor":8,"turns":6}],"seed_played":"4260264274831558163","potions_obtained":[{"floor":3,"key":"SpeedPotion"},{"floor":7,"key":"EssenceOfSteel"}],"is_trial":false,"path_per_floor":["M","?","M","M","M","R","E","M","T"],"character_chosen":"IRONCLAD","items_purchased":[],"campfire_rested":0,"item_purchase_floors":[],"current_hp_per_floor":[69,69,72,69,63,63,39,26,26],"gold":238,"neow_bonus":"RANDOM_COLORLESS_2","is_prod":false,"is_daily":false,"chose_seed":false,"campfire_upgraded":1,"win_rate":0,"timestamp":1566772684,"path_taken":["M","?","M","?","M","R","E","M","T"],"build_version":"2019-07-17","purchased_purges":0,"victory":false,"max_hp_per_floor":[72,72,72,72,72,72,72,72,72],"card_choices":[{"not_picked":["Thunderclap","Twin Strike"],"picked":"Evolve","floor":1},{"not_picked":["Twin Strike","Carnage"],"picked":"Armaments","floor":3},{"not_picked":["True Grit","Sword Boomerang"],"picked":"Pummel","floor":4},{"not_picked":["Body Slam","Fire Breathing"],"picked":"Corruption","floor":5},{"not_picked":["Heavy Blade","Clash"],"picked":"Shrug It Off","floor":7},{"not_picked":["Heavy Blade","Combust"],"picked":"Burning Pact","floor":8}],"player_experience":175549,"relics_obtained":[{"floor":7,"key":"WingedGreaves"}],"event_choices":[{"damage_healed":0,"gold_gain":0,"player_choice":"Trade","damage_taken":0,"relics_obtained":["SsserpentHead"],"max_hp_gain":0,"max_hp_loss":0,"event_name":"FaceTrader","floor":2,"gold_loss":0}],"is_beta":false,"boss_relics":[],"items_purged_floors":[],"is_endless":false,"potions_floor_spawned":[3,7],"ascension_level":10}