{"gold_per_floor":[113,130,130,145,161,174,174,98,98,98,133,147,147,159,159,260,260,278,278,297,142,142,142,154,154,207,207,225,244,244,254,254,351,351,363,383,283,303,323,350,350,350,431,431,206,222,222,251,251,251,251,251,25,58,58],"floor_reached":56,"playtime":10164,"items_purged":["Strike_B","Defend_B","Defend_B"],"score":1161,"play_id":"35cc3dba-ec64-480e-a447-cd8ab5c198ab","local_time":"20190702103816","is_ascension_mode":false,"campfire_choices":[{"data":"Recycle","floor":7.0,"key":"SMITH"},{"floor":10.0,"key":"REST"},{"floor":13.0,"key":"REST"},{"floor":15.0,"key":"REST"},{"data":"Creative AI","floor":23.0,"key":"SMITH"},{"data":"Seek","floor":25.0,"key":"SMITH"},{"data":"Go for the Eyes","floor":27.0,"key":"SMITH"},{"floor":30.0,"key":"REST"},{"data":"Glacier","floor":32.0,"key":"SMITH"},{"floor":42,"key":"REST"},{"data":"Capacitor","floor":47,"key":"SMITH"},{"floor":49,"key":"RECALL"},{"data":"Zap","floor":52,"key":"SMITH"}],"neow_cost":"NONE","seed_source_timestamp":0,"circlet_count":0,"master_deck":["Defend_B","Defend_B+1","Zap+1","Dualcast","Melter+1","All For One+1","Consume+1","Rebound","White Noise+1","Gash","Recycle+1","Sweeping Beam","Creative AI+1","Seek+1","Leap","Reprogram","Leap","Glacier+1","Auto Shields+1","Go for the Eyes+1","Gash","Blizzard+1","Loop+1","Cold Snap+1","Gash+1","Capacitor+1","Redo+1","Coolheaded+1","Coolheaded+1","Capacitor+1","Cold Snap","Undo+1","Reboot","Capacitor","Core Surge"],"special_seed":0,"relics":["Astrolabe","Pantograph","Bottled Tornado","Busted Crown","Lantern","Nuclear Battery","Kunai","Turnip","Centennial Puzzle"],"potions_floor_usage":[35,36,38,40,50,55],"damage_taken":[{"damage":0.0,"enemies":"2 Louse","floor":1.0,"turns":3.0},{"damage":0.0,"enemies":"Small Slimes","floor":2.0,"turns":3.0},{"damage":0.0,"enemies":"Cultist","floor":4.0,"turns":2.0},{"damage":7.0,"enemies":"Looter","floor":5.0,"turns":3.0},{"damage":8.0,"enemies":"Exordium Thugs","floor":6.0,"turns":4.0},{"damage":37.0,"enemies":"Gremlin Nob","floor":11.0,"turns":4.0},{"damage":16.0,"enemies":"Large Slime","floor":12.0,"turns":4.0},{"damage":6.0,"enemies":"3 Louse","floor":14.0,"turns":3.0},{"damage":23.0,"enemies":"Slime Boss","floor":16.0,"turns":9.0},{"damage":13.0,"enemies":"Shell Parasite","floor":18.0,"turns":6.0},{"damage":18.0,"enemies":"3 Byrds","floor":20.0,"turns":11.0},{"damage":4.0,"enemies":"Centurion and Healer","floor":24.0,"turns":7.0},{"damage":0.0,"enemies":"Snecko","floor":28.0,"turns":5.0},{"damage":2.0,"enemies":"Sentry and Sphere","floor":29.0,"turns":5.0},{"damage":0.0,"enemies":"Centurion and Healer","floor":31.0,"turns":7.0},{"damage":5.0,"enemies":"Automaton","floor":33.0,"turns":11.0},{"damage":0,"enemies":"Orb Walker","floor":35,"turns":3},{"damage":0,"enemies":"3 Shapes","floor":36,"turns":6},{"damage":5,"enemies":"3 Darklings","floor":38,"turns":6},{"damage":7,"enemies":"Spire Growth","floor":39,"turns":6},{"damage":4,"enemies":"Giant Head","floor":40,"turns":10},{"damage":14,"enemies":"Maw","floor":46,"turns":11},{"damage":14,"enemies":"Reptomancer","floor":48,"turns":10},{"damage":22,"enemies":"Donu and Deca","floor":50,"turns":9},{"damage":6,"enemies":"Shield and Spear","floor":54,"turns":12},{"damage":39,"enemies":"The Heart","floor":55,"turns":17}],"seed_played":"-4342112582557304600","potions_obtained":[{"floor":1.0,"key":"PowerPotion"},{"floor":4.0,"key":"Fire Potion"},{"floor":5.0,"key":"Regen Potion"},{"floor":12.0,"key":"SteroidPotion"},{"floor":16.0,"key":"Swift Potion"},{"floor":18.0,"key":"Ancient Potion"},{"floor":28.0,"key":"SkillPotion"},{"floor":31.0,"key":"GamblersBrew"},{"floor":33.0,"key":"SpeedPotion"},{"floor":35,"key":"EssenceOfSteel"},{"floor":38,"key":"SteroidPotion"},{"floor":48,"key":"EssenceOfSteel"}],"is_trial":false,"path_per_floor":["M","M","?","M","M","M","R","$","T","R","E","M","R","M","R","B",null,"M","?","M","$","?","R","M","R","T","R","M","M","R","M","R","B",null,"M","M","$","M","M","E","?","R","T","?","$","M","R","E","R","B",null,"R","$","E","B",null],"character_chosen":"DEFECT","items_purchased":["Creative AI","Go for the Eyes","Gash","Capacitor","Cold Snap","Reboot","Capacitor"],"campfire_rested":5,"item_purchase_floors":[8,21,21,45,45,53,53],"current_hp_per_floor":[75,75,60,60,53,45,45,45,45,67,41,25,47,41,63,52,75,62,62,44,44,44,44,40,40,40,40,40,38,60,60,60,70,75,75,75,75,70,63,59,49,71,71,71,71,57,57,43,43,46,75,75,75,69,36],"gold":58,"neow_bonus":"BOSS_RELIC","is_prod":false,"is_daily":false,"chose_seed":false,"campfire_upgraded":7,"win_rate":0,"timestamp":1562031496,"path_taken":["M","M","?","M","M","M","R","$","T","R","E","M","R","M","R","BOSS","M","?","M","$","?","R","M","R","T","R","M","M","R","?","R","BOSS","M","M","$","M","M","E","?","R","T","?","$","M","R","E","R","BOSS","R","$","E","BOSS"],"build_version":"2019-07-01","purchased_purges":3,"victory":true,"max_hp_per_floor":[75,75,75,75,75,75,75,75,75,75,75,75,75,75,75,75,75,75,75,75,75,75,75,75,75,75,75,75,75,75,75,75,75,75,75,75,75,75,75,75,75,75,75,75,75,75,75,75,75,75,75,75,75,75,75],"card_choices":[{"not_picked":["Ball Lightning","Redo"],"picked":"Rebound","floor":1.0},{"not_picked":["Coolheaded","Heatsinks"],"picked":"White Noise","floor":2.0},{"not_picked":["Tempest","Hologram"],"picked":"Gash","floor":4.0},{"not_picked":["Rebound","Loop"],"picked":"Recycle","floor":5.0},{"not_picked":["Steam","Compile Driver"],"picked":"Sweeping Beam","floor":6.0},{"not_picked":["Reprogram","Blizzard"],"picked":"Seek","floor":11.0},{"not_picked":["Darkness","Turbo"],"picked":"Leap","floor":12.0},{"not_picked":["Blizzard","Leap"],"picked":"Reprogram","floor":14.0},{"not_picked":["Creative AI","Rainbow"],"picked":"Biased Cognition","floor":16.0},{"not_picked":[],"picked":"Leap","floor":18.0},{"not_picked":[],"picked":"Auto Shields+1","floor":20.0},{"not_picked":[],"picked":"Blizzard+1","floor":24.0},{"not_picked":[],"picked":"Loop+1","floor":28.0},{"not_picked":[],"picked":"Cold Snap+1","floor":29.0},{"not_picked":[],"picked":"Gash+1","floor":31.0},{"not_picked":["Beam Cell+1"],"picked":"SKIP","floor":35},{"not_picked":[],"picked":"Capacitor+1","floor":36},{"not_picked":[],"picked":"Redo+1","floor":38},{"not_picked":[],"picked":"Coolheaded+1","floor":39},{"not_picked":[],"picked":"Coolheaded+1","floor":40},{"not_picked":["Hologram+1"],"picked":"SKIP","floor":46},{"not_picked":[],"picked":"Undo+1","floor":48},{"not_picked":[],"picked":"Core Surge","floor":54}],"player_experience":132330,"relics_obtained":[{"floor":9.0,"key":"Pantograph"},{"floor":11.0,"key":"Bottled Tornado"},{"floor":26.0,"key":"Lantern"},{"floor":40,"key":"Kunai"},{"floor":48,"key":"Turnip"},{"floor":54,"key":"Centennial Puzzle"}],"event_choices":[{"damage_healed":0.0,"max_hp_gain":0.0,"max_hp_loss":0.0,"gold_gain":0.0,"event_name":"Shining Light","player_choice":"Entered Light","floor":3.0,"gold_loss":0.0,"damage_taken":15.0,"cards_upgraded":["Defend_B","White Noise"]},{"damage_healed":0.0,"max_hp_gain":0.0,"max_hp_loss":0.0,"gold_gain":0.0,"event_name":"The Library","player_choice":"Read","floor":19.0,"gold_loss":0.0,"damage_taken":0.0,"cards_obtained":["Glacier"]},{"damage_healed":0.0,"max_hp_gain":0.0,"max_hp_loss":0.0,"gold_gain":0.0,"event_name":"The Woman in Blue","player_choice":"Bought 0 Potions","floor":22.0,"gold_loss":0.0,"damage_taken":0.0},{"damage_healed":0,"gold_gain":0,"player_choice":"Memory 3","damage_taken":10,"max_hp_gain":0,"max_hp_loss":0,"event_name":"SensoryStone","floor":41,"gold_loss":0},{"cards_removed":["Biased Cognition"],"damage_healed":0,"gold_gain":0,"player_choice":"Purged","damage_taken":0,"max_hp_gain":0,"max_hp_loss":0,"event_name":"Purifier","floor":44,"gold_loss":0}],"is_beta":false,"boss_relics":[{"not_picked":["Eternal Feather","Runic Dome"],"picked":"Busted Crown"},{"not_picked":["Tiny House","Philosopher\u0027s Stone"],"picked":"Nuclear Battery"}],"items_purged_floors":[21,37,45],"is_endless":false,"potions_floor_spawned":[1,4,5,12,16,18,28,31,33,35,38,48],"ascension_level":0}