{"gold_per_floor":[109,109,259,259,4,4,69,69,115,164,205,246,294,37,37,133,133,179,179,192,85,85,85,105,380,460,485],"floor_reached":27,"playtime":956,"items_purged":["Doubt","Strike_B"],"score":548,"play_id":"be3b3030-9378-4353-b224-1c6fcf562ea9","local_time":"20190822084955","is_ascension_mode":true,"campfire_choices":[{"data":"HandOfGreed","floor":6,"key":"SMITH"},{"data":"Zap","floor":8,"key":"SMITH"},{"floor":15,"key":"REST"},{"floor":23,"key":"REST"}],"neow_cost":"NONE","seed_source_timestamp":94486422962300,"circlet_count":0,"master_deck":["AscendersBane","Defend_B+1","Defend_B+1","Defend_B+1","Defend_B+1","Zap+1","Dualcast","Ball Lightning","HandOfGreed+1","Cold Snap","Redo","Seek","Seek","Fusion","Compile Driver","Gash","Steam","FTL","Leap","Defragment","Bite","Bite","Bite","Bite","Bite","Conserve Battery","Regret"],"relics":["Cracked Core","NeowsBlessing","Golden Idol","PreservedInsect","Oddly Smooth Stone","Ancient Tea Set","Darkstone Periapt","Orrery","Shuriken"],"potions_floor_usage":[12,12,16,18,27,27],"damage_taken":[{"damage":0,"enemies":"Jaw Worm","floor":1,"turns":1},{"damage":0,"enemies":"Lagavulin","floor":7,"turns":3},{"damage":0,"enemies":"2 Louse","floor":10,"turns":1},{"damage":6,"enemies":"Small Slimes","floor":11,"turns":2},{"damage":0,"enemies":"Gremlin Nob","floor":12,"turns":2},{"damage":3,"enemies":"Looter","floor":13,"turns":3},{"damage":38,"enemies":"Hexaghost","floor":16,"turns":10},{"damage":16,"enemies":"2 Thieves","floor":18,"turns":3},{"damage":29,"enemies":"Shell Parasite","floor":20,"turns":7},{"damage":8,"enemies":"Centurion and Healer","floor":24,"turns":7},{"damage":57,"enemies":"3 Cultists","floor":27,"turns":5}],"seed_played":"5303579316920076090","potions_obtained":[{"floor":10,"key":"AttackPotion"},{"floor":11,"key":"Weak Potion"},{"floor":12,"key":"SkillPotion"},{"floor":13,"key":"Fire Potion"},{"floor":16,"key":"Strength Potion"},{"floor":24,"key":"Weak Potion"}],"is_trial":false,"path_per_floor":["M","?","?","T","$","R","E","R","T","M","M","E","M","$","R","B",null,"M","?","M","$","?","R","M","?","T","M"],"character_chosen":"DEFECT","items_purchased":["HandOfGreed","Seek","Leap","Defragment"],"campfire_rested":2,"item_purchase_floors":[5,14,21,21],"current_hp_per_floor":[64,40,40,40,40,40,40,40,40,40,34,34,31,31,52,14,57,41,41,12,12,12,26,34,40,40,0],"gold":485,"neow_bonus":"THREE_ENEMY_KILL","is_prod":false,"is_daily":false,"chose_seed":false,"campfire_upgraded":2,"win_rate":0,"timestamp":1566431395,"path_taken":["M","?","?","?","$","R","E","R","T","M","M","E","M","$","R","BOSS","M","?","M","$","?","R","M","?","T","?"],"build_version":"2019-07-17","purchased_purges":2,"victory":false,"max_hp_per_floor":[71,71,71,71,71,71,71,71,71,71,71,71,71,71,71,71,71,71,71,71,71,49,49,49,55,55,55],"card_choices":[{"not_picked":["Gash","Stack"],"picked":"Ball Lightning","floor":1},{"not_picked":["Barrage","Creative AI","Stack"],"picked":"SKIP","floor":7},{"not_picked":["Lockon","Stack","Streamline"],"picked":"SKIP","floor":10},{"not_picked":["Recycle","Gash"],"picked":"Cold Snap","floor":11},{"not_picked":["Sweeping Beam","Barrage"],"picked":"Redo","floor":12},{"not_picked":["Doom and Gloom","Streamline","Steam"],"picked":"SKIP","floor":13},{"not_picked":["Reboot","Biased Cognition"],"picked":"Seek","floor":16},{"not_picked":["Streamline","Sweeping Beam"],"picked":"Fusion","floor":17},{"not_picked":["Sweeping Beam","Ball Lightning"],"picked":"Compile Driver","floor":17},{"not_picked":["Barrage","Ball Lightning"],"picked":"Gash","floor":17},{"not_picked":["Aggregate","Chaos"],"picked":"Steam","floor":17},{"not_picked":["Loop","Coolheaded","Redo"],"picked":"SKIP","floor":18},{"not_picked":["Ball Lightning","Genetic Algorithm"],"picked":"FTL","floor":20},{"not_picked":["Rainbow","Coolheaded"],"picked":"Conserve Battery","floor":24}],"player_experience":736287,"relics_obtained":[{"floor":4,"key":"PreservedInsect"},{"floor":7,"key":"Oddly Smooth Stone"},{"floor":9,"key":"Ancient Tea Set"},{"floor":12,"key":"Darkstone Periapt"},{"floor":26,"key":"Shuriken"}],"event_choices":[{"damage_healed":0,"gold_gain":0,"player_choice":"Take Damage","damage_taken":24,"relics_obtained":["Golden Idol"],"max_hp_gain":0,"max_hp_loss":0,"event_name":"Golden Idol","floor":2,"gold_loss":0},{"damage_healed":0,"gold_gain":150,"player_choice":"AGREE","damage_taken":0,"max_hp_gain":0,"max_hp_loss":0,"event_name":"Liars Game","floor":3,"gold_loss":0,"cards_obtained":["Doubt"]},{"damage_healed":0,"gold_gain":0,"player_choice":"Simplicity","damage_taken":0,"max_hp_gain":0,"max_hp_loss":0,"event_name":"Back to Basics","floor":19,"gold_loss":0,"cards_upgraded":["Strike_B","Strike_B","Strike_B","Defend_B","Defend_B","Defend_B","Defend_B"]},{"damage_healed":0,"gold_gain":0,"player_choice":"Became a vampire","damage_taken":0,"max_hp_gain":0,"max_hp_loss":22,"event_name":"Vampires","floor":22,"gold_loss":0,"cards_obtained":["Bite","Bite","Bite","Bite","Bite"]},{"damage_healed":0,"gold_gain":275,"player_choice":"Desecrate","damage_taken":0,"max_hp_gain":0,"max_hp_loss":0,"event_name":"Golden Shrine","floor":25,"gold_loss":0,"cards_obtained":["Regret"]}],"is_beta":false,"boss_relics":[{"not_picked":["Velvet Choker","Ectoplasm"],"picked":"Orrery"}],"items_purged_floors":[5,14],"is_endless":false,"potions_floor_spawned":[10,11,12,13,16,24],"killed_by":"3 Cultists","ascension_level":17}