{"gold_per_floor":[111,131,131,151,47,47,81,106,106,17,17,32,32,32,32,156,156,174,160,179,139,154,154],"floor_reached":23,"playtime":1515,"items_purged":[],"score":193,"play_id":"eb44623e-c63d-486f-a517-543683ef8b74","local_time":"20190810215006","is_ascension_mode":false,"campfire_choices":[{"floor":6,"key":"REST"},{"floor":11,"key":"REST"},{"data":"Corruption","floor":15,"key":"SMITH"}],"neow_cost":"NONE","seed_source_timestamp":550667546324300,"circlet_count":0,"master_deck":["Strike_R","Strike_R","Strike_R","Strike_R","Strike_R","Defend_R","Defend_R","Defend_R","Defend_R","Bash","Second Wind","Spot Weakness","Headbutt","Corruption+1","Clothesline","Heavy Blade","Perfected Strike","Dark Shackles","Iron Wave","Limit Break+1","Wild Strike+1","Entrench+1","Blood for Blood+1","Battle Trance"],"relics":["Burning Blood","Bag of Preparation","Golden Idol","Omamori","Bronze Scales","Philosopher\u0027s Stone"],"potions_floor_usage":[12,16,16,23,23],"damage_taken":[{"damage":7,"enemies":"2 Louse","floor":1,"turns":3},{"damage":9,"enemies":"Jaw Worm","floor":2,"turns":5},{"damage":8,"enemies":"Small Slimes","floor":4,"turns":4},{"damage":45,"enemies":"3 Sentries","floor":7,"turns":7},{"damage":7,"enemies":"2 Fungi Beasts","floor":8,"turns":4},{"damage":13,"enemies":"Lots of Slimes","floor":12,"turns":1},{"damage":32,"enemies":"Hexaghost","floor":16,"turns":7},{"damage":10,"enemies":"Shell Parasite","floor":18,"turns":5},{"damage":28,"enemies":"2 Thieves","floor":19,"turns":4},{"damage":11,"enemies":"Shelled Parasite and Fungi","floor":20,"turns":4},{"damage":35,"enemies":"Chosen and Byrds","floor":22,"turns":5},{"damage":27,"enemies":"Slavers","floor":23,"turns":4}],"seed_played":"-3896135220893189117","potions_obtained":[{"floor":1,"key":"Explosive Potion"},{"floor":4,"key":"FearPotion"},{"floor":12,"key":"Strength Potion"},{"floor":16,"key":"AttackPotion"},{"floor":22,"key":"SkillPotion"}],"is_trial":false,"path_per_floor":["M","M","?","M","$","R","E","M","T","$","R","M","?","?","R","B",null,"M","M","M","?","M","E"],"character_chosen":"IRONCLAD","items_purchased":["Corruption","Clothesline","Dark Shackles"],"campfire_rested":2,"item_purchase_floors":[5,5,10],"current_hp_per_floor":[79,76,56,54,54,78,39,38,38,38,62,55,55,75,75,49,80,76,54,49,49,20,0],"gold":154,"neow_bonus":"RANDOM_COMMON_RELIC","is_prod":false,"is_daily":false,"chose_seed":false,"campfire_upgraded":1,"win_rate":0.0,"timestamp":1565466606,"path_taken":["M","M","?","M","$","R","E","M","T","?","R","M","?","?","R","BOSS","M","M","M","?","M","E"],"build_version":"2019-07-17","purchased_purges":0,"victory":false,"max_hp_per_floor":[80,80,80,80,80,80,80,80,80,80,80,80,80,80,80,80,80,80,80,80,80,80,80],"card_choices":[{"not_picked":["Body Slam","Warcry"],"picked":"Second Wind","floor":1},{"not_picked":["Power Through","Shockwave"],"picked":"Spot Weakness","floor":2},{"not_picked":["Warcry","Power Through"],"picked":"Headbutt","floor":4},{"not_picked":["Wild Strike","Sword Boomerang"],"picked":"Heavy Blade","floor":7},{"not_picked":["Offering","Intimidate"],"picked":"Perfected Strike","floor":8},{"not_picked":["Pommel Strike","Perfected Strike"],"picked":"Iron Wave","floor":12},{"not_picked":["Double Tap","Bludgeon"],"picked":"Limit Break","floor":16},{"not_picked":["Shrug It Off","Body Slam"],"picked":"Wild Strike+1","floor":18},{"not_picked":["Warcry+1","Heavy Blade"],"picked":"Entrench+1","floor":19},{"not_picked":["Dropkick","Reckless Charge+1"],"picked":"Blood for Blood+1","floor":20},{"not_picked":["Body Slam","Evolve"],"picked":"Battle Trance","floor":22}],"player_experience":24552,"relics_obtained":[{"floor":7,"key":"Omamori"},{"floor":9,"key":"Bronze Scales"}],"event_choices":[{"damage_healed":0,"gold_gain":0,"player_choice":"Take Damage","damage_taken":20,"relics_obtained":["Golden Idol"],"max_hp_gain":0,"max_hp_loss":0,"event_name":"Golden Idol","floor":3,"gold_loss":0},{"damage_healed":0,"gold_gain":0,"player_choice":"Ignored","damage_taken":0,"max_hp_gain":0,"max_hp_loss":0,"event_name":"Liars Game","floor":13,"gold_loss":0},{"damage_healed":20,"gold_gain":0,"player_choice":"Healed and dodged fight","damage_taken":0,"max_hp_gain":0,"max_hp_loss":0,"event_name":"Mushrooms","floor":14,"gold_loss":0,"cards_obtained":["Parasite"]},{"damage_healed":0,"gold_gain":0,"player_choice":"Upgrade","damage_taken":0,"max_hp_gain":0,"max_hp_loss":0,"event_name":"Designer","floor":21,"gold_loss":40,"cards_upgraded":["Limit Break"]}],"is_beta":false,"boss_relics":[{"not_picked":["Coffee Dripper","Ectoplasm"],"picked":"Philosopher\u0027s Stone"}],"items_purged_floors":[],"is_endless":false,"potions_floor_spawned":[1,4,12,16,22],"killed_by":"Slavers","ascension_level":0}