{"gold_per_floor":[117,192,192,152,169,169,195,195,195,210,223,236,236,266,266,364,364,377,37,51,69,69,69,87,107,107,7,19,29,29,4,4,106,106,116,171,191,191,271,271],"floor_reached":40,"playtime":3547,"items_purged":["Streamline","Aggregate"],"score":545,"play_id":"1b7e0b00-6367-445f-ab12-e2f8754e4e51","local_time":"20190705001506","is_ascension_mode":true,"campfire_choices":[{"data":"Go for the Eyes","floor":6,"key":"SMITH"},{"data":"1","floor":8,"key":"LIFT"},{"data":"Static Discharge","floor":13,"key":"SMITH"},{"data":"Buffer","floor":15,"key":"SMITH"},{"floor":23,"key":"REST"},{"data":"Fusion","floor":32,"key":"SMITH"}],"neow_cost":"NONE","seed_source_timestamp":301448712732800,"circlet_count":0,"master_deck":["Zap","Double Energy","Go for the Eyes+1","Conserve Battery","Static Discharge+1","Capacitor","Buffer+1","Electrodynamics","Capacitor","BootSequence","Defragment","Machine Learning","Tempest","Auto Shields","Steam","Skim","Leap","Go for the Eyes","Reboot","Double Energy","Conserve Battery","Fusion+1","Ghostly","Ghostly","Ghostly","Ghostly","Ghostly","Leap","Core Surge","Undo"],"relics":["Cracked Core","NeowsBlessing","Girya","Pantograph","Bag of Marbles","Pandora\u0027s Box","Omamori","Art of War","Philosopher\u0027s Stone","Unceasing Top","Pear"],"potions_floor_usage":[11,12,14,14,33,33,33],"damage_taken":[{"damage":0,"enemies":"2 Louse","floor":1,"turns":1},{"damage":0,"enemies":"Small Slimes","floor":5,"turns":1},{"damage":0,"enemies":"Lagavulin","floor":7,"turns":1},{"damage":0,"enemies":"Cultist","floor":10,"turns":3},{"damage":0,"enemies":"Lots of Slimes","floor":11,"turns":1},{"damage":0,"enemies":"Blue Slaver","floor":12,"turns":3},{"damage":5,"enemies":"3 Sentries","floor":14,"turns":7},{"damage":62,"enemies":"Slime Boss","floor":16,"turns":11},{"damage":23,"enemies":"2 Thieves","floor":18,"turns":2},{"damage":11,"enemies":"Spheric Guardian","floor":20,"turns":4},{"damage":11,"enemies":"Snecko","floor":21,"turns":7},{"damage":4,"enemies":"Shelled Parasite and Fungi","floor":24,"turns":7},{"damage":8,"enemies":"Snake Plant","floor":25,"turns":6},{"damage":1,"enemies":"Centurion and Healer","floor":28,"turns":6},{"damage":20,"enemies":"Snecko","floor":29,"turns":9},{"damage":0,"enemies":"Automaton","floor":33,"turns":11},{"damage":0,"enemies":"3 Darklings","floor":35,"turns":5},{"damage":31,"enemies":"2 Orb Walkers","floor":36,"turns":7},{"damage":0,"enemies":"3 Shapes","floor":37,"turns":5},{"damage":24,"enemies":"Nemesis","floor":40,"turns":6}],"seed_played":"6213013059196965383","potions_obtained":[{"floor":4,"key":"Explosive Potion"},{"floor":4,"key":"LiquidBronze"},{"floor":4,"key":"EssenceOfSteel"},{"floor":10,"key":"Explosive Potion"},{"floor":11,"key":"Energy Potion"},{"floor":16,"key":"FocusPotion"},{"floor":21,"key":"FocusPotion"},{"floor":25,"key":"Fire Potion"},{"floor":28,"key":"PowerPotion"},{"floor":33,"key":"Strength Potion"},{"floor":36,"key":"Strength Potion"}],"is_trial":false,"path_per_floor":["M","?","?","?","M","R","E","R","T","M","M","M","R","E","R","B",null,"M","$","M","M","?","R","M","M","T","$","M","M","?","$","R","B",null,"M","?","M","?","T","E"],"character_chosen":"DEFECT","items_purchased":["Auto Shields","Steam","Omamori","Leap"],"campfire_rested":1,"item_purchase_floors":[19,19,19,31],"current_hp_per_floor":[75,64,69,69,69,69,69,69,69,69,69,69,69,64,64,18,80,57,57,46,35,35,59,55,47,47,47,46,26,26,26,26,40,40,40,9,9,9,19,0],"gold":271,"neow_bonus":"THREE_ENEMY_KILL","is_prod":false,"is_daily":false,"chose_seed":false,"campfire_upgraded":4,"win_rate":0,"timestamp":1562253306,"path_taken":["M","?","?","?","?","R","E","R","T","M","M","M","R","E","R","BOSS","M","$","?","M","?","R","M","M","T","$","M","M","?","$","R","BOSS","M","?","M","?","?","E"],"build_version":"2019-07-01","purchased_purges":2,"victory":false,"max_hp_per_floor":[75,75,80,80,80,80,80,80,80,80,80,80,80,80,80,80,80,80,80,80,80,80,80,80,80,80,80,80,80,40,40,40,40,40,40,40,40,40,50,50],"card_choices":[{"not_picked":["Gash","Compile Driver"],"picked":"Double Energy","floor":1},{"not_picked":["Static Discharge","Redo"],"picked":"Go for the Eyes","floor":5},{"not_picked":["Barrage","Go for the Eyes"],"picked":"Conserve Battery","floor":7},{"not_picked":["Rebound","Heatsinks"],"picked":"Static Discharge","floor":10},{"not_picked":["Turbo","Beam Cell"],"picked":"Capacitor","floor":11},{"not_picked":["Compile Driver","Hologram","Ball Lightning"],"picked":"SKIP","floor":12},{"not_picked":["Stack","Conserve Battery"],"picked":"Buffer","floor":14},{"not_picked":["Echo Form","Machine Learning"],"picked":"Electrodynamics","floor":16},{"not_picked":["Redo","Streamline","Turbo"],"picked":"SKIP","floor":18},{"not_picked":["Hello World","Turbo"],"picked":"Skim","floor":20},{"not_picked":["Genetic Algorithm","Streamline"],"picked":"Leap","floor":21},{"not_picked":["Rip and Tear","Coolheaded+1"],"picked":"Double Energy","floor":24},{"not_picked":["Beam Cell","Hologram"],"picked":"Conserve Battery","floor":25},{"not_picked":["Coolheaded","Sweeping Beam"],"picked":"Fusion","floor":28},{"not_picked":["Go for the Eyes+1","Meteor Strike","Hologram"],"picked":"SKIP","floor":29},{"not_picked":["Meteor Strike","Echo Form"],"picked":"Core Surge","floor":33},{"not_picked":["Compile Driver","Streamline+1","Melter+1"],"picked":"SKIP","floor":35},{"not_picked":["Beam Cell","Scrape"],"picked":"Undo","floor":36},{"not_picked":["Redo","Coolheaded","Rebound"],"picked":"SKIP","floor":37}],"player_experience":204182,"relics_obtained":[{"floor":7,"key":"Girya"},{"floor":9,"key":"Pantograph"},{"floor":14,"key":"Bag of Marbles"},{"floor":26,"key":"Art of War"},{"floor":36,"key":"Unceasing Top"},{"floor":39,"key":"Pear"}],"event_choices":[{"damage_healed":0,"gold_gain":75,"player_choice":"Gather Gold","damage_taken":11,"max_hp_gain":0,"max_hp_loss":0,"event_name":"World of Goop","floor":2,"gold_loss":0},{"damage_healed":0,"gold_gain":0,"player_choice":"Donut","damage_taken":0,"max_hp_gain":5,"max_hp_loss":0,"event_name":"Big Fish","floor":3,"gold_loss":0},{"damage_healed":0,"gold_gain":0,"player_choice":"Bought 3 Potions","damage_taken":0,"max_hp_gain":0,"max_hp_loss":0,"event_name":"The Woman in Blue","floor":4,"gold_loss":0},{"damage_healed":0,"gold_gain":0,"cards_transformed":["Turbo","Dualcast"],"player_choice":"Became Test Subject","damage_taken":0,"max_hp_gain":0,"max_hp_loss":0,"event_name":"Drug Dealer","floor":22,"gold_loss":0,"cards_obtained":["Go for the Eyes","Reboot"]},{"damage_healed":0,"gold_gain":0,"player_choice":"Became a Ghost","damage_taken":0,"max_hp_gain":0,"max_hp_loss":40,"event_name":"Ghosts","floor":30,"gold_loss":0,"cards_obtained":["Ghostly","Ghostly","Ghostly","Ghostly","Ghostly"]},{"damage_healed":0,"gold_gain":0,"player_choice":"Fight","damage_taken":0,"max_hp_gain":0,"max_hp_loss":0,"event_name":"Mysterious Sphere","floor":36,"gold_loss":0},{"damage_healed":0,"gold_gain":0,"player_choice":"Ignored","damage_taken":0,"max_hp_gain":0,"max_hp_loss":0,"event_name":"Tomb of Lord Red Mask","floor":38,"gold_loss":0}],"is_beta":false,"boss_relics":[{"not_picked":["Runic Pyramid","Calling Bell"],"picked":"Pandora\u0027s Box"},{"not_picked":["White Beast Statue","Snecko Eye"],"picked":"Philosopher\u0027s Stone"}],"items_purged_floors":[19,27],"is_endless":false,"potions_floor_spawned":[10,11,16,21,25,28,33,36],"killed_by":"Nemesis","ascension_level":2}