{"gold_per_floor":[115,126,139,149,165,165,176,176,203,9,9,36,36,36,36,159,159,179,125,138,158,158,158,199,199,199,199,2,22,37,57,57,176,176,192,210,42,42,61,61,81,97,124,124,148,148,2,16,16,16],"floor_reached":51,"playtime":9164,"items_purged":["Strike_G"],"score":638,"play_id":"32088d5d-9ec3-4073-946a-eda89cc40a6b","local_time":"20190630050919","is_ascension_mode":false,"campfire_choices":[{"floor":6,"key":"REST"},{"floor":11,"key":"REST"},{"data":"Apotheosis","floor":13,"key":"SMITH"},{"data":"Prepared","floor":15,"key":"SMITH"},{"floor":23,"key":"REST"},{"data":"Backflip","floor":25,"key":"SMITH"},{"floor":32,"key":"REST"},{"floor":40,"key":"REST"},{"floor":44,"key":"REST"},{"data":"Finesse","floor":46,"key":"SMITH"},{"floor":49,"key":"REST"}],"neow_cost":"PERCENT_DAMAGE","seed_source_timestamp":73377539073300,"circlet_count":0,"master_deck":["Defend_G+1","Defend_G","Defend_G","Defend_G","Defend_G+1","Strike_G","Strike_G","Survivor","Neutralize","Skewer","Storm of Steel","Prepared+1","Noxious Fumes","Deflect","Sucker Punch","Cloak And Dagger","Burst","Apotheosis+1","PiercingWail","Unload","Quick Slash+1","Backflip+1","Bouncing Flask","Catalyst+1","RitualDagger","All Out Attack+1","Quick Slash+1","Escape Plan","Backflip","Malaise","Deflect","Dagger Throw+1","Slice","Finesse+1","Backflip+1","Poisoned Stab+1","Calculated Gamble","Prepared+1"],"relics":["Ring of the Snake","Golden Idol","Oddly Smooth Stone","Anchor","WristBlade","Ancient Tea Set","Strawberry","War Paint","Runic Pyramid","Bag of Preparation","Vajra"],"potions_floor_usage":[16,16,16,21,27,33,33,48,50,50],"damage_taken":[{"damage":0,"enemies":"2 Louse","floor":1,"turns":3},{"damage":5,"enemies":"Jaw Worm","floor":2,"turns":4},{"damage":2,"enemies":"Small Slimes","floor":3,"turns":3},{"damage":5,"enemies":"Looter","floor":4,"turns":4},{"damage":3,"enemies":"Exordium Wildlife","floor":5,"turns":5},{"damage":9,"enemies":"Exordium Thugs","floor":7,"turns":6},{"damage":21,"enemies":"Hexaghost","floor":16,"turns":12},{"damage":5,"enemies":"3 Byrds","floor":18,"turns":5},{"damage":3,"enemies":"Shell Parasite","floor":20,"turns":6},{"damage":3,"enemies":"Snake Plant","floor":21,"turns":6},{"damage":2,"enemies":"Book of Stabbing","floor":24,"turns":4},{"damage":12,"enemies":"Colosseum Slavers","floor":27,"turns":4},{"damage":3,"enemies":"Centurion and Healer","floor":29,"turns":6},{"damage":5,"enemies":"3 Cultists","floor":30,"turns":6},{"damage":18,"enemies":"Snake Plant","floor":31,"turns":5},{"damage":54,"enemies":"Automaton","floor":33,"turns":10},{"damage":2,"enemies":"Orb Walker","floor":35,"turns":4},{"damage":25,"enemies":"3 Darklings","floor":36,"turns":5},{"damage":15,"enemies":"Jaw Worm Horde","floor":39,"turns":4},{"damage":3,"enemies":"Writhing Mass","floor":41,"turns":4},{"damage":1,"enemies":"Maw","floor":42,"turns":7},{"damage":16,"enemies":"4 Shapes","floor":45,"turns":9},{"damage":12,"enemies":"Transient","floor":48,"turns":5},{"damage":11,"enemies":"Donu and Deca","floor":50,"turns":10}],"seed_played":"7380908123268296433","potions_obtained":[{"floor":1,"key":"Swift Potion"},{"floor":2,"key":"Weak Potion"},{"floor":7,"key":"SpeedPotion"},{"floor":16,"key":"Block Potion"},{"floor":18,"key":"Dexterity Potion"},{"floor":29,"key":"Swift Potion"},{"floor":33,"key":"Dexterity Potion"},{"floor":35,"key":"Regen Potion"},{"floor":36,"key":"Explosive Potion"}],"is_trial":false,"path_per_floor":["M","M","M","M","M","R","M","?","T","$","R","T","R","$","R","B",null,"M","$","M","M","?","R","E","R","T","?","$","M","M","M","R","B",null,"M","M","$","?","M","R","M","M","T","R","M","R","$","M","R","B",null],"character_chosen":"THE_SILENT","items_purchased":["Apotheosis","PiercingWail","Backflip","War Paint","Dexterity Potion","Bag of Preparation","Slice","Calculated Gamble"],"campfire_rested":7,"item_purchase_floors":[10,10,19,28,28,37,37,47],"current_hp_per_floor":[49,44,42,37,34,55,46,29,29,29,50,50,50,50,50,29,70,65,65,62,59,53,70,68,68,75,63,63,60,55,37,60,6,77,75,50,50,50,35,58,55,54,54,77,61,61,61,49,72,69],"gold":16,"neow_bonus":"TRANSFORM_TWO_CARDS","is_prod":false,"is_daily":false,"chose_seed":false,"campfire_upgraded":4,"win_rate":0.0,"timestamp":1561838959,"path_taken":["M","M","M","M","M","R","M","?","T","$","R","?","R","$","R","BOSS","M","$","M","M","?","R","E","R","T","?","?","M","?","M","R","BOSS","M","M","$","?","M","R","M","M","T","R","M","R","$","M","R","BOSS"],"build_version":"2019-01-23","purchased_purges":1,"victory":true,"max_hp_per_floor":[70,70,70,70,70,70,70,70,70,70,70,70,70,70,70,70,70,70,70,70,70,70,70,70,70,77,77,77,77,77,77,77,77,77,77,77,77,77,77,77,77,77,77,77,77,77,77,77,77,77],"card_choices":[{"not_picked":["Eviscerate","Acrobatics"],"picked":"Prepared","floor":1},{"not_picked":["Dagger Throw","Caltrops"],"picked":"Noxious Fumes","floor":2},{"not_picked":["Underhanded Strike","Dodge and Roll"],"picked":"Deflect","floor":3},{"not_picked":["Caltrops","Eviscerate"],"picked":"Sucker Punch","floor":4},{"not_picked":["Slice","Bane"],"picked":"Cloak And Dagger","floor":5},{"not_picked":["Poisoned Stab","Tactician"],"picked":"Burst","floor":7},{"not_picked":["Tools of the Trade","Phantasmal Killer"],"picked":"Unload","floor":16},{"not_picked":["PiercingWail+1","Flying Knee"],"picked":"Quick Slash+1","floor":18},{"not_picked":["Blade Dance","Crippling Poison"],"picked":"Bouncing Flask","floor":20},{"not_picked":["Dash","Well Laid Plans"],"picked":"Catalyst+1","floor":21},{"not_picked":["Tactician","Sucker Punch"],"picked":"All Out Attack+1","floor":24},{"not_picked":["PiercingWail","Night Terror"],"picked":"Quick Slash+1","floor":29},{"not_picked":["Dagger Spray","Tactician"],"picked":"Escape Plan","floor":30},{"not_picked":["Flying Knee","Poisoned Stab"],"picked":"Backflip","floor":31},{"not_picked":["Corpse Explosion","Phantasmal Killer"],"picked":"Malaise","floor":33},{"not_picked":["Deadly Poison","Distraction"],"picked":"Deflect","floor":35},{"not_picked":["Bane+1","Acrobatics"],"picked":"Dagger Throw+1","floor":36},{"not_picked":["Flash of Steel","Madness"],"picked":"Finesse","floor":38},{"not_picked":["Skewer+1","Underhanded Strike","Bane+1"],"picked":"SKIP","floor":39},{"not_picked":["Catalyst","Acrobatics+1"],"picked":"Backflip+1","floor":41},{"not_picked":["Acrobatics","Choke+1","Riddle With Holes"],"picked":"SKIP","floor":42},{"not_picked":["Burst","Dagger Spray+1"],"picked":"Poisoned Stab+1","floor":45},{"not_picked":["Blade Dance+1","Poisoned Stab+1"],"picked":"Prepared+1","floor":48}],"player_experience":47510,"relics_obtained":[{"floor":9,"key":"Oddly Smooth Stone"},{"floor":12,"key":"Anchor"},{"floor":24,"key":"Ancient Tea Set"},{"floor":26,"key":"Strawberry"},{"floor":43,"key":"Vajra"}],"event_choices":[{"damage_healed":0,"gold_gain":0,"player_choice":"Take Damage","damage_taken":17,"relics_obtained":["Golden Idol"],"max_hp_gain":0,"max_hp_loss":0,"event_name":"Golden Idol","floor":8,"gold_loss":0},{"damage_healed":0,"gold_gain":0,"player_choice":"Joined the Cult","damage_taken":6,"max_hp_gain":0,"max_hp_loss":0,"event_name":"Nest","floor":22,"gold_loss":0,"cards_obtained":["RitualDagger"]},{"damage_healed":0,"gold_gain":0,"player_choice":"Fight","damage_taken":0,"max_hp_gain":0,"max_hp_loss":0,"event_name":"Colosseum","floor":27,"gold_loss":0},{"damage_healed":0,"gold_gain":0,"player_choice":"Fled From Nobs","damage_taken":0,"max_hp_gain":0,"max_hp_loss":0,"event_name":"Colosseum","floor":27,"gold_loss":0},{"damage_healed":0,"gold_gain":0,"player_choice":"Memory 1","damage_taken":0,"max_hp_gain":0,"max_hp_loss":0,"event_name":"SensoryStone","floor":38,"gold_loss":0}],"is_beta":false,"boss_relics":[{"not_picked":["Philosopher\u0027s Stone","Coffee Dripper"],"picked":"WristBlade"},{"not_picked":["Lizard Tail","White Beast Statue"],"picked":"Runic Pyramid"}],"items_purged_floors":[47],"is_endless":false,"potions_floor_spawned":[1,2,7,16,18,27,29,33,35,36,39,42],"ascension_level":0}