{"gold_per_floor":[115,126,301,319,319,333,358,358,358,377,377,389,464,464,464,567,567,580,596,596,608,36,36],"floor_reached":23,"playtime":2508,"items_purged":["Strike_G"],"score":193,"play_id":"c5afc39e-9600-4440-983e-98f6586b6f4f","local_time":"20180923024156","is_ascension_mode":false,"campfire_choices":[{"floor":15.0,"key":"REST"}],"neow_cost":"NONE","seed_source_timestamp":0,"circlet_count":0,"master_deck":["Defend_G","Defend_G","Defend_G","Defend_G","Defend_G","Strike_G+1","Strike_G","Strike_G+1","Survivor","Neutralize","Blade Dance","Footwork","Infinite Blades","Doubt","Prepared","Backstab","Footwork","Accuracy","Prepared","Blade Dance","Adrenaline","Quick Slash"],"special_seed":0,"relics":["Ring of the Snake","Regal Pillow","Bottled Lightning","Calipers","Runic Pyramid","Du-Vu Doll","TwistedFunnel"],"potions_floor_usage":[],"damage_taken":[{"damage":1.0,"enemies":"Cultist","floor":1.0,"turns":5.0},{"damage":1.0,"enemies":"Jaw Worm","floor":2.0,"turns":4.0},{"damage":0.0,"enemies":"Small Slimes","floor":4.0,"turns":5.0},{"damage":3.0,"enemies":"Looter","floor":6.0,"turns":4.0},{"damage":15.0,"enemies":"Lagavulin","floor":7.0,"turns":13.0},{"damage":0.0,"enemies":"Blue Slaver","floor":10.0,"turns":5.0},{"damage":0.0,"enemies":"Gremlin Gang","floor":12.0,"turns":6.0},{"damage":27.0,"enemies":"Hexaghost","floor":16.0,"turns":12.0},{"damage":3.0,"enemies":"Shell Parasite","floor":18.0,"turns":7.0},{"damage":13.0,"enemies":"Spheric Guardian","floor":19.0,"turns":6.0},{"damage":12.0,"enemies":"Chosen and Byrds","floor":21.0,"turns":8.0},{"damage":35,"enemies":"Book of Stabbing","floor":23,"turns":8}],"seed_played":"4289922352798387910","potions_obtained":[{"floor":4.0,"key":"Weak Potion"},{"floor":6.0,"key":"Fruit Juice"},{"floor":7.0,"key":"Energy Potion"},{"floor":12.0,"key":"Swift Potion"},{"floor":21.0,"key":"Ancient Potion"}],"is_trial":false,"path_per_floor":["M","M","?","M","?","M","E","?","T","M","?","M","?","?","R","B",null,"M","M","?","M","$"],"character_chosen":"THE_SILENT","items_purchased":["Du-Vu Doll","TwistedFunnel"],"campfire_rested":1,"item_purchase_floors":[22,22],"current_hp_per_floor":[69,68,68,68,68,70,55,40,40,40,33,33,22,22,59,32,75,72,59,45,33,33,0],"gold":36,"neow_bonus":"THREE_CARDS","is_prod":false,"is_daily":false,"chose_seed":false,"campfire_upgraded":0,"win_rate":0.0,"timestamp":1537695716,"path_taken":["M","M","?","M","?","M","E","?","T","M","?","?","?","?","R","BOSS","M","M","?","M","$","E"],"build_version":"2018-09-20","purchased_purges":1,"victory":false,"max_hp_per_floor":[70,70,70,70,70,75,75,75,75,75,75,75,75,75,75,75,75,75,75,80,80,80,80],"card_choices":[{"not_picked":["Flying Knee","Acrobatics"],"picked":"Blade Dance","floor":0.0},{"not_picked":["Acrobatics","Quick Slash"],"picked":"Footwork","floor":1.0},{"not_picked":["Blade Dance","Underhanded Strike"],"picked":"Infinite Blades","floor":2.0},{"not_picked":["Reflex","Outmaneuver"],"picked":"Prepared","floor":4.0},{"not_picked":["Dagger Spray","Terror"],"picked":"Footwork","floor":6.0},{"not_picked":["Reflex","Wraith Form v2"],"picked":"Accuracy","floor":7.0},{"not_picked":["Deflect","Bane"],"picked":"Prepared","floor":10.0},{"not_picked":["Bane","Outmaneuver"],"picked":"Blade Dance","floor":12.0},{"not_picked":["Doppelganger","Corpse Explosion"],"picked":"Adrenaline","floor":16.0},{"not_picked":["Acrobatics","Escape Plan","Catalyst"],"picked":"SKIP","floor":18.0},{"not_picked":["Dodge and Roll","Bane","Well Laid Plans"],"picked":"SKIP","floor":19.0},{"not_picked":["Dodge and Roll","PiercingWail"],"picked":"Quick Slash","floor":21.0}],"player_experience":51863,"relics_obtained":[{"floor":7.0,"key":"Regal Pillow"},{"floor":9.0,"key":"Bottled Lightning"}],"event_choices":[{"event_name":"Liars Game","player_choice":"agreed","floor":3.0,"damage_taken":0.0},{"event_name":"Living Wall","player_choice":"Change","floor":5.0,"damage_taken":0.0},{"event_name":"Shining Light","player_choice":"Entered Light","floor":8.0,"damage_taken":0.0},{"event_name":"Scrap Ooze","player_choice":"success","floor":11.0,"damage_taken":7.0},{"event_name":"World of Goop","player_choice":"Gather Gold","floor":13.0,"damage_taken":0.0},{"event_name":"The Cleric","player_choice":"Leave","floor":14.0,"damage_taken":0.0},{"event_name":"Forgotten Altar","player_choice":"Shed Blood","floor":20.0,"damage_taken":0.0}],"is_beta":false,"boss_relics":[{"not_picked":["Runic Dome","Snecko Eye"],"picked":"Runic Pyramid"}],"items_purged_floors":[22],"is_endless":false,"potions_floor_spawned":[4,6,7,12,21],"killed_by":"Book of Stabbing","ascension_level":0}