{"gold_per_floor":[117,137,150,165,179,212,226,197,197,224,224,239,269,269,269,373,373,386,402,434,105,20,20,55,67],"floor_reached":25,"playtime":2516,"items_purged":["Regret"],"score":258,"play_id":"09dbd069-20df-43a8-b224-94a467a24f31","local_time":"20181028201232","is_ascension_mode":false,"campfire_choices":[{"floor":11.0,"key":"REST"},{"floor":15.0,"key":"REST"},{"floor":23,"key":"REST"}],"neow_cost":"NONE","seed_source_timestamp":0,"circlet_count":0,"master_deck":["Strike_B","Strike_B","Strike_B","Strike_B","Defend_B","Defend_B","Defend_B","Zap","Dualcast","Leap","Conserve Battery","Defragment","Hello World","Conserve Battery","Reinforced Body","Loop","Rebound","Undo","Buffer","Loop+1","Steam+1","Leap"],"special_seed":0,"relics":["Cracked Core","Juzu Bracelet","Bottled Lightning","Happy Flower","Tiny Chest","White Beast Statue","Red Mask","Letter Opener","Calipers","MawBank"],"potions_floor_usage":[20,24,24,25],"damage_taken":[{"damage":4.0,"enemies":"Cultist","floor":1.0,"turns":4.0},{"damage":0.0,"enemies":"Small Slimes","floor":2.0,"turns":3.0},{"damage":9.0,"enemies":"2 Louse","floor":3.0,"turns":4.0},{"damage":2.0,"enemies":"Blue Slaver","floor":4.0,"turns":4.0},{"damage":23.0,"enemies":"Lots of Slimes","floor":5.0,"turns":5.0},{"damage":17.0,"enemies":"Gremlin Nob","floor":6.0,"turns":4.0},{"damage":0.0,"enemies":"3 Louse","floor":7.0,"turns":5.0},{"damage":0.0,"enemies":"3 Sentries","floor":10.0,"turns":5.0},{"damage":3.0,"enemies":"Looter","floor":12.0,"turns":3.0},{"damage":33.0,"enemies":"The Guardian","floor":16.0,"turns":12.0},{"damage":7.0,"enemies":"Chosen","floor":18.0,"turns":5.0},{"damage":24.0,"enemies":"3 Byrds","floor":19.0,"turns":5.0},{"damage":13,"enemies":"Masked Bandits","floor":20,"turns":3},{"damage":41,"enemies":"Slavers","floor":24,"turns":6},{"damage":26,"enemies":"3 Cultists","floor":25,"turns":5}],"seed_played":"2231852243004283576","potions_obtained":[{"floor":1.0,"key":"AttackPotion"},{"floor":4.0,"key":"Strength Potion"},{"floor":6.0,"key":"SteroidPotion"},{"floor":12.0,"key":"PowerPotion"},{"floor":18.0,"key":"PowerPotion"},{"floor":19.0,"key":"GamblersBrew"},{"floor":20,"key":"LiquidBronze"},{"floor":24,"key":"Block Potion"}],"is_trial":false,"path_per_floor":["M","M","M","M","M","E","M","?","T","E","R","M","?","?","R","B",null,"M","M","?","$","?","R","E"],"character_chosen":"DEFECT","items_purchased":["Letter Opener"],"campfire_rested":3,"item_purchase_floors":[21],"current_hp_per_floor":[78,78,69,67,44,27,27,27,27,27,51,48,48,41,65,32,82,75,51,38,38,38,62,21,0],"gold":67,"neow_bonus":"TEN_PERCENT_HP_BONUS","is_prod":false,"is_daily":false,"chose_seed":false,"campfire_upgraded":0,"win_rate":0,"timestamp":1540782752,"path_taken":["M","M","M","M","?","E","M","?","T","E","R","M","?","?","R","BOSS","M","M","?","$","?","R","E","M"],"build_version":"2018-10-25v2","purchased_purges":1,"victory":false,"max_hp_per_floor":[82,82,82,82,82,82,82,82,82,82,82,82,82,82,82,82,82,82,82,82,82,82,82,82,82],"card_choices":[{"not_picked":["Force Field","Coolheaded"],"picked":"Leap","floor":1.0},{"not_picked":["Beam Cell","Leap"],"picked":"Conserve Battery","floor":2.0},{"not_picked":["Steam","Stack"],"picked":"Defragment","floor":3.0},{"not_picked":["Core Surge","Redo"],"picked":"Hello World","floor":4.0},{"not_picked":["Reprogram","Go for the Eyes"],"picked":"Conserve Battery","floor":5.0},{"not_picked":["Rebound","Steam Power"],"picked":"Reinforced Body","floor":6.0},{"not_picked":["Skim","Compile Driver"],"picked":"Loop","floor":7.0},{"not_picked":["Gash","Rip and Tear"],"picked":"Rebound","floor":10.0},{"not_picked":["Scrape","Rebound"],"picked":"Undo","floor":12.0},{"not_picked":["Amplify","Rainbow"],"picked":"Buffer","floor":16.0},{"not_picked":["Gash","Coolheaded"],"picked":"Loop+1","floor":18.0},{"not_picked":["Redo","Hologram","Scrape"],"picked":"SKIP","floor":19.0},{"not_picked":["Compile Driver","Stack"],"picked":"Steam+1","floor":20},{"not_picked":["Biased Cognition","Recycle"],"picked":"Leap","floor":24}],"player_experience":190029,"relics_obtained":[{"floor":6.0,"key":"Juzu Bracelet"},{"floor":9.0,"key":"Bottled Lightning"},{"floor":10.0,"key":"Happy Flower"},{"floor":20,"key":"Red Mask"},{"floor":24,"key":"MawBank"}],"event_choices":[{"damage_healed":0.0,"max_hp_gain":0.0,"max_hp_loss":0.0,"gold_gain":0.0,"event_name":"World of Goop","player_choice":"Left Gold","floor":8.0,"gold_loss":29.0,"damage_taken":0.0},{"damage_healed":0.0,"max_hp_gain":0.0,"max_hp_loss":0.0,"gold_gain":0.0,"event_name":"Big Fish","player_choice":"Box","floor":13.0,"gold_loss":0.0,"damage_taken":0.0,"relics_obtained":["Tiny Chest"],"cards_obtained":["Regret"]},{"cards_removed":["Defend_B"],"damage_healed":0.0,"max_hp_gain":0.0,"max_hp_loss":0.0,"gold_gain":0.0,"event_name":"Golden Wing","player_choice":"Card Removal","floor":14.0,"gold_loss":0.0,"damage_taken":7.0},{"damage_healed":0,"gold_gain":0,"player_choice":"Fought Bandits","damage_taken":0,"max_hp_gain":0,"max_hp_loss":0,"event_name":"Masked Bandits","floor":20,"gold_loss":0},{"damage_healed":0,"gold_gain":0,"player_choice":"Obtained Relic","damage_taken":0,"relics_obtained":["Calipers"],"max_hp_gain":0,"max_hp_loss":0,"event_name":"Addict","floor":22,"gold_loss":85}],"is_beta":false,"boss_relics":[{"not_picked":["Cursed Key","Orrery"],"picked":"White Beast Statue"}],"items_purged_floors":[21],"is_endless":false,"potions_floor_spawned":[1,4,6,12,18,19,20,24],"killed_by":"3 Cultists","ascension_level":0}