{"gold_per_floor":[360,360,360,47,47,47,12,12,12,27,45,63,77,92,92,211,211,199,218,243,243,243,243,263,295,318,330,8,24,24,24,24,24],"floor_reached":33,"playtime":1408,"items_purged":["Strike_B"],"score":259,"play_id":"0de6aee9-7b18-4b0e-9fa6-dfaa1a93c241","local_time":"20190811172806","is_ascension_mode":false,"campfire_choices":[{"data":"Zap","floor":6.0,"key":"SMITH"},{"data":"Dualcast","floor":8.0,"key":"SMITH"},{"data":"Defend_B","floor":15.0,"key":"SMITH"},{"data":"Ball Lightning","floor":23.0,"key":"SMITH"},{"data":"Defend_B","floor":30,"key":"SMITH"},{"floor":32,"key":"REST"}],"neow_cost":"CURSE","seed_source_timestamp":0,"circlet_count":0,"master_deck":["Strike_B","Strike_B","Strike_B","Defend_B+1","Defend_B","Defend_B","Defend_B+1","Zap+1","Dualcast+1","Ball Lightning+1","Coolheaded+1","Darkness+1","Glacier+1","Glacier+1","Darkness+1","Reboot+1","Conserve Battery+1","Glacier+1","Fusion+1","Hologram+1","Skim+1","Fusion+1","Conserve Battery+1","Hello World+1","Steam+1","Go for the Eyes+1","Transmutation+1","Reinforced Body+1","Conserve Battery+1"],"special_seed":0,"relics":["Cracked Core","Bloody Idol","Toxic Egg 2","Kunai","Pen Nib","Orrery","Matryoshka","DataDisk","Dream Catcher"],"potions_floor_usage":[],"damage_taken":[{"damage":4.0,"enemies":"2 Louse","floor":1.0,"turns":3.0},{"damage":6.0,"enemies":"Jaw Worm","floor":10.0,"turns":2.0},{"damage":0.0,"enemies":"Small Slimes","floor":11.0,"turns":3.0},{"damage":0.0,"enemies":"Blue Slaver","floor":12.0,"turns":3.0},{"damage":0.0,"enemies":"Gremlin Gang","floor":13.0,"turns":4.0},{"damage":1.0,"enemies":"2 Fungi Beasts","floor":14.0,"turns":2.0},{"damage":19.0,"enemies":"Slime Boss","floor":16.0,"turns":7.0},{"damage":0.0,"enemies":"2 Thieves","floor":18.0,"turns":4.0},{"damage":7.0,"enemies":"Shell Parasite","floor":19.0,"turns":5.0},{"damage":12.0,"enemies":"Snake Plant","floor":20.0,"turns":4.0},{"damage":8.0,"enemies":"Centurion and Healer","floor":24.0,"turns":8.0},{"damage":18.0,"enemies":"Slavers","floor":25.0,"turns":9.0},{"damage":7.0,"enemies":"Chosen and Byrds","floor":27.0,"turns":7.0},{"damage":0.0,"enemies":"Snake Plant","floor":29.0,"turns":4.0},{"damage":69,"enemies":"Collector","floor":33,"turns":15}],"seed_played":"7403857562189433686","potions_obtained":[{"floor":1.0,"key":"FearPotion"},{"floor":12.0,"key":"SkillPotion"},{"floor":18.0,"key":"AttackPotion"},{"floor":24.0,"key":"EssenceOfSteel"},{"floor":27.0,"key":"SpeedPotion"}],"is_trial":false,"path_per_floor":["M","?","?","$","?","R","?","R","T","M","M","M","M","M","R","B",null,"M","M","M","?","?","R","M","E","T","M","$","M","R","$","R","B"],"character_chosen":"DEFECT","items_purchased":["Toxic Egg 2","Coolheaded+1","Transmutation+1","Reinforced Body+1"],"campfire_rested":1,"item_purchase_floors":[4,4,28,28],"current_hp_per_floor":[71,69,69,69,44,44,61,61,61,55,55,55,55,54,54,35,69,69,62,50,50,50,50,47,34,39,37,37,42,42,42,62,0],"gold":24,"neow_bonus":"TWO_FIFTY_GOLD","is_prod":false,"is_daily":false,"chose_seed":false,"campfire_upgraded":5,"win_rate":0,"timestamp":1565566086,"path_taken":["M","?","?","$","?","R","?","R","T","?","M","M","M","M","R","BOSS","M","?","M","?","?","R","M","E","T","M","$","?","R","$","R","BOSS"],"build_version":"2019-07-17","purchased_purges":1,"victory":false,"max_hp_per_floor":[75,69,69,69,69,69,69,69,69,69,69,69,69,69,69,69,69,69,69,69,69,69,69,69,69,69,69,69,69,69,69,69,69],"card_choices":[{"not_picked":["Steam Power","Streamline"],"picked":"Ball Lightning","floor":1.0},{"not_picked":["Coolheaded+1","Conserve Battery+1"],"picked":"Darkness+1","floor":10.0},{"not_picked":["Redo+1","Stack+1"],"picked":"Glacier+1","floor":11.0},{"not_picked":["Steam+1","Barrage"],"picked":"Glacier+1","floor":12.0},{"not_picked":["Scrape","Turbo+1"],"picked":"Darkness+1","floor":13.0},{"not_picked":["Go for the Eyes","Rip and Tear","Rebound"],"picked":"SKIP","floor":14.0},{"not_picked":["Amplify+1","Echo Form"],"picked":"Reboot+1","floor":16.0},{"not_picked":["Cold Snap","Sweeping Beam"],"picked":"Conserve Battery+1","floor":17.0},{"not_picked":["Ball Lightning","Turbo+1"],"picked":"Glacier+1","floor":17.0},{"not_picked":["Genetic Algorithm+1","Cold Snap"],"picked":"Fusion+1","floor":17.0},{"not_picked":["Defragment","Ball Lightning"],"picked":"Hologram+1","floor":17.0},{"not_picked":["Compile Driver","Reprogram+1"],"picked":"Skim+1","floor":18.0},{"not_picked":["Beam Cell","Hologram+1"],"picked":"Fusion+1","floor":19.0},{"not_picked":["Ball Lightning","Melter"],"picked":"Conserve Battery+1","floor":20.0},{"not_picked":["Aggregate+1","Blizzard"],"picked":"Hello World+1","floor":24.0},{"not_picked":["Rebound","Amplify+1"],"picked":"Steam+1","floor":25.0},{"not_picked":["Turbo+1","Ball Lightning"],"picked":"Go for the Eyes+1","floor":27.0},{"not_picked":["Cold Snap","Compile Driver+1","Turbo+1"],"picked":"SKIP","floor":29.0},{"not_picked":["BootSequence+1","Turbo+1"],"picked":"Conserve Battery+1","floor":32}],"player_experience":1671978,"relics_obtained":[{"floor":9.0,"key":"Pen Nib"},{"floor":25.0,"key":"Matryoshka"},{"floor":26.0,"key":"DataDisk"},{"floor":26.0,"key":"Dream Catcher"}],"event_choices":[{"damage_healed":0.0,"max_hp_gain":0.0,"max_hp_loss":6.0,"gold_gain":0.0,"event_name":"Golden Idol","player_choice":"Lose Max HP","floor":2.0,"gold_loss":0.0,"damage_taken":0.0,"relics_obtained":["Golden Idol"]},{"cards_removed":["Regret"],"damage_healed":0.0,"max_hp_gain":0.0,"max_hp_loss":0.0,"gold_gain":0.0,"event_name":"Living Wall","player_choice":"Forget","floor":3.0,"gold_loss":0.0,"damage_taken":0.0},{"damage_healed":0.0,"max_hp_gain":0.0,"max_hp_loss":0.0,"gold_gain":0.0,"event_name":"Scrap Ooze","player_choice":"Success","floor":5.0,"gold_loss":0.0,"damage_taken":25.0,"relics_obtained":["Kunai"]},{"damage_healed":17.0,"max_hp_gain":0.0,"max_hp_loss":0.0,"gold_gain":0.0,"event_name":"The Cleric","player_choice":"Healed","floor":7.0,"gold_loss":35.0,"damage_taken":0.0},{"damage_healed":0.0,"max_hp_gain":0.0,"max_hp_loss":0.0,"gold_gain":0.0,"event_name":"Vampires","player_choice":"Ignored","floor":21.0,"gold_loss":0.0,"damage_taken":0.0},{"damage_healed":0.0,"max_hp_gain":0.0,"max_hp_loss":0.0,"gold_gain":0.0,"event_name":"Forgotten Altar","player_choice":"Gave Idol","floor":22.0,"relics_lost":["Golden Idol"],"gold_loss":0.0,"damage_taken":0.0,"relics_obtained":["Bloody Idol"]}],"is_beta":false,"boss_relics":[{"not_picked":["Empty Cage","White Beast Statue"],"picked":"Orrery"}],"items_purged_floors":[28],"is_endless":false,"potions_floor_spawned":[1,12,18,24,27],"killed_by":"Collector","ascension_level":0}