{"gold_per_floor":[112,112,128,53,63,63,84,112,138,148,148,160,160,176,176,271,271,286,286,286,306,316,344,344,1,71,71,85,103,18,31,31,127,127,147,247,263,274,285,285,36,36,107,123,134,134,147,158,158,158],"floor_reached":50,"playtime":2461,"items_purged":["Strike_R","Parasite"],"score":693,"play_id":"7c56322c-d304-4943-bdcd-ed75dd7d197a","local_time":"20190827025113","is_ascension_mode":true,"campfire_choices":[{"data":"Body Slam","floor":6.0,"key":"SMITH"},{"data":"Body Slam","floor":13.0,"key":"SMITH"},{"data":"Spot Weakness","floor":15.0,"key":"SMITH"},{"data":"Barricade","floor":24.0,"key":"SMITH"},{"data":"Inflame","floor":27.0,"key":"SMITH"},{"data":"Heavy Blade","floor":32.0,"key":"SMITH"},{"floor":40.0,"key":"REST"},{"floor":46.0,"key":"REST"},{"floor":49,"key":"REST"}],"neow_cost":"NONE","seed_source_timestamp":377954472949671,"circlet_count":0,"master_deck":["Strike_R+1","Strike_R+1","Strike_R+1","Defend_R","Defend_R","Defend_R+1","Defend_R","Bash","Body Slam+1","Intimidate","Ghostly Armor","Reaper","Body Slam+1","Spot Weakness+1","Barricade+1","Warcry+1","Inflame+1","Thunderclap+1","Whirlwind","True Grit","Heavy Blade+1","Metallicize+1","Impervious","Rage","Disarm","Inflame","Parasite","Armaments+1"],"special_seed":0,"relics":["Burning Blood","Whetstone","Odd Mushroom","Bronze Scales","Happy Flower","Eternal Feather","Question Card","Paper Frog","Letter Opener","Sundial","Gremlin Horn","Fusion Hammer","Kunai"],"potions_floor_usage":[50],"damage_taken":[{"damage":4.0,"enemies":"Small Slimes","floor":1.0,"turns":3.0},{"damage":1.0,"enemies":"Cultist","floor":3.0,"turns":3.0},{"damage":0.0,"enemies":"2 Louse","floor":5.0,"turns":3.0},{"damage":11.0,"enemies":"The Mushroom Lair","floor":7.0,"turns":5.0},{"damage":24.0,"enemies":"Lagavulin","floor":8.0,"turns":7.0},{"damage":11.0,"enemies":"Large Slime","floor":10.0,"turns":5.0},{"damage":12.0,"enemies":"Gremlin Gang","floor":12.0,"turns":5.0},{"damage":0.0,"enemies":"Exordium Thugs","floor":14.0,"turns":4.0},{"damage":19.0,"enemies":"Hexaghost","floor":16.0,"turns":9.0},{"damage":7.0,"enemies":"3 Byrds","floor":18.0,"turns":3.0},{"damage":27.0,"enemies":"Shell Parasite","floor":21.0,"turns":6.0},{"damage":12.0,"enemies":"Snecko","floor":22.0,"turns":5.0},{"damage":22.0,"enemies":"Gremlin Leader","floor":23.0,"turns":8.0},{"damage":31.0,"enemies":"Centurion and Healer","floor":28.0,"turns":8.0},{"damage":17.0,"enemies":"Shelled Parasite and Fungi","floor":29.0,"turns":5.0},{"damage":28.0,"enemies":"Cultist and Chosen","floor":31.0,"turns":6.0},{"damage":32.0,"enemies":"Champ","floor":33.0,"turns":8.0},{"damage":8.0,"enemies":"Orb Walker","floor":35.0,"turns":4.0},{"damage":27.0,"enemies":"3 Shapes","floor":37.0,"turns":7.0},{"damage":59.0,"enemies":"Writhing Mass","floor":38.0,"turns":5.0},{"damage":26.0,"enemies":"Transient","floor":39.0,"turns":5.0},{"damage":34.0,"enemies":"Sphere and 2 Shapes","floor":44.0,"turns":7.0},{"damage":38.0,"enemies":"Spire Growth","floor":45.0,"turns":5.0},{"damage":69.0,"enemies":"Transient","floor":47.0,"turns":5.0},{"damage":20,"enemies":"Writhing Mass","floor":48,"turns":5},{"damage":75,"enemies":"Time Eater","floor":50,"turns":11}],"seed_played":"2327072013208645376","potions_obtained":[{"floor":5.0,"key":"SkillPotion"},{"floor":8.0,"key":"Poison Potion"},{"floor":10.0,"key":"BloodPotion"},{"floor":14.0,"key":"Energy Potion"},{"floor":18.0,"key":"Poison Potion"},{"floor":33.0,"key":"Regen Potion"},{"floor":35.0,"key":"EssenceOfSteel"},{"floor":48,"key":"Ancient Potion"}],"is_trial":false,"path_per_floor":["M","?","M","$","M","R","?","E","T","M","?","M","R","M","R","B",null,"M","$","?","M","M","E","R","$","T","R","M","M","?","M","R","B",null,"M","?","M","M","M","R","$","?","T","M","M","R","M","M","R","B"],"character_chosen":"IRONCLAD","items_purchased":["Letter Opener","Whirlwind","True Grit","Disarm","Inflame"],"campfire_rested":3,"item_purchase_floors":[25,25,25,41,41],"current_hp_per_floor":[74,58,63,63,69,69,64,46,46,49,49,49,49,63,63,56,74,79,79,79,58,64,66,75,75,75,80,55,44,44,44,56,30,68,66,66,62,16,35,74,74,74,74,54,58,77,14,19,57,0],"gold":158,"neow_bonus":"RANDOM_COMMON_RELIC","is_prod":false,"is_daily":false,"chose_seed":false,"campfire_upgraded":6,"win_rate":0,"timestamp":1566888673,"path_taken":["M","?","M","$","M","R","?","E","T","M","?","M","R","?","R","BOSS","M","$","?","M","M","E","R","$","T","R","M","?","?","M","R","BOSS","M","?","M","?","M","R","$","?","T","?","M","R","M","M","R","BOSS"],"build_version":"2019-07-17","purchased_purges":2,"victory":false,"max_hp_per_floor":[80,80,80,80,80,80,80,80,80,80,80,80,80,80,80,80,80,80,80,80,80,80,80,80,80,80,80,80,80,80,80,80,80,80,80,80,80,80,80,80,77,77,77,77,77,77,77,77,77,77],"card_choices":[{"not_picked":["Wild Strike","Perfected Strike","Searing Blow"],"picked":"SKIP","floor":1.0},{"not_picked":["Reckless Charge","Havoc"],"picked":"Body Slam","floor":3.0},{"not_picked":["Body Slam","Headbutt"],"picked":"Intimidate","floor":5.0},{"not_picked":["Perfected Strike","Body Slam"],"picked":"Ghostly Armor","floor":7.0},{"not_picked":["Havoc","Evolve"],"picked":"Reaper","floor":8.0},{"not_picked":["Body Slam","Thunderclap","Fire Breathing"],"picked":"SKIP","floor":10.0},{"not_picked":["Flex","Perfected Strike"],"picked":"Body Slam","floor":12.0},{"not_picked":["Clash","Iron Wave"],"picked":"Spot Weakness","floor":14.0},{"not_picked":["Impervious","Berserk"],"picked":"Barricade","floor":16.0},{"not_picked":["Iron Wave","True Grit"],"picked":"Warcry+1","floor":18.0},{"not_picked":["Clash","Headbutt","Bloodletting","Flex+1"],"picked":"SKIP","floor":21.0},{"not_picked":["Body Slam+1","Intimidate","Havoc"],"picked":"Inflame","floor":22.0},{"not_picked":["Carnage","Rupture","Power Through+1"],"picked":"Thunderclap+1","floor":23.0},{"not_picked":["Clothesline+1","True Grit","Reaper"],"picked":"Heavy Blade","floor":28.0},{"not_picked":["Twin Strike+1","Evolve","Headbutt"],"picked":"Metallicize+1","floor":29.0},{"not_picked":["Body Slam","Clothesline","Carnage+1","Heavy Blade"],"picked":"SKIP","floor":31.0},{"not_picked":["Offering","Immolate","Barricade"],"picked":"Impervious","floor":33.0},{"not_picked":["Heavy Blade+1","Dropkick","Perfected Strike","Sever Soul+1"],"picked":"SKIP","floor":35.0},{"not_picked":["Flex","Sword Boomerang","Clothesline+1","Clash"],"picked":"SKIP","floor":37.0},{"not_picked":["Battle Trance","Intimidate","Thunderclap+1"],"picked":"Rage","floor":38.0},{"not_picked":["Twin Strike+1","Havoc","Thunderclap","Perfected Strike+1"],"picked":"SKIP","floor":39.0},{"not_picked":["True Grit","Second Wind+1","Infernal Blade","Thunderclap"],"picked":"SKIP","floor":44.0},{"not_picked":["Infernal Blade","Twin Strike+1","Shrug It Off","Body Slam+1"],"picked":"SKIP","floor":45.0},{"not_picked":["Reaper","Iron Wave","Havoc+1","Headbutt"],"picked":"SKIP","floor":47.0},{"not_picked":["Rampage+1","Anger","Pommel Strike+1"],"picked":"Armaments+1","floor":48}],"player_experience":584397,"relics_obtained":[{"floor":7.0,"key":"Odd Mushroom"},{"floor":8.0,"key":"Bronze Scales"},{"floor":9.0,"key":"Happy Flower"},{"floor":23.0,"key":"Paper Frog"},{"floor":26.0,"key":"Sundial"},{"floor":43.0,"key":"Kunai"}],"event_choices":[{"damage_healed":0.0,"max_hp_gain":0.0,"max_hp_loss":0.0,"gold_gain":0.0,"event_name":"Shining Light","player_choice":"Entered Light","floor":2.0,"gold_loss":0.0,"damage_taken":16.0,"cards_upgraded":["Defend_R","Strike_R"]},{"damage_healed":0.0,"max_hp_gain":0.0,"max_hp_loss":0.0,"gold_gain":0.0,"event_name":"Mushrooms","player_choice":"Fought Mushrooms","floor":7.0,"gold_loss":0.0,"damage_taken":0.0},{"cards_removed":["Strike_R"],"damage_healed":0.0,"max_hp_gain":0.0,"max_hp_loss":0.0,"gold_gain":0.0,"event_name":"Bonfire Elementals","player_choice":"Offered Basic","floor":11.0,"gold_loss":0.0,"damage_taken":0.0},{"damage_healed":0.0,"max_hp_gain":0.0,"max_hp_loss":0.0,"gold_gain":0.0,"event_name":"WeMeetAgain","player_choice":"Gave Potion","floor":20.0,"gold_loss":0.0,"damage_taken":0.0,"relics_obtained":["Question Card"]},{"damage_healed":0.0,"max_hp_gain":0.0,"max_hp_loss":0.0,"gold_gain":0.0,"event_name":"Addict","player_choice":"Obtained Relic","floor":30.0,"gold_loss":85.0,"damage_taken":0.0,"relics_obtained":["Gremlin Horn"]},{"damage_healed":0.0,"max_hp_gain":0.0,"max_hp_loss":0.0,"gold_gain":100.0,"event_name":"Golden Shrine","player_choice":"Pray","floor":36.0,"gold_loss":0.0,"damage_taken":0.0},{"damage_healed":0.0,"max_hp_gain":0.0,"max_hp_loss":0.0,"gold_gain":0.0,"event_name":"SecretPortal","player_choice":"Ignored","floor":42.0,"gold_loss":0.0,"damage_taken":0.0}],"is_beta":false,"boss_relics":[{"not_picked":["Empty Cage","Runic Cube"],"picked":"Eternal Feather"},{"not_picked":["Black Blood","Tiny House"],"picked":"Fusion Hammer"}],"items_purged_floors":[4,41],"is_endless":false,"potions_floor_spawned":[5,8,10,14,18,33,35,38,48],"killed_by":"Time Eater","ascension_level":8}