{"gold_per_floor":[114,114,129,99,114,114,144,144,144,174,194,209,224,239,239,339,339,354,14,29,44,8,38,38,368,368,368,283,298,328,343,343,443,443,458,473,335,350,0,0,100,25,100,100,115,145,160,175,175,175],"floor_reached":51,"playtime":2668,"items_purged":[],"score":899,"play_id":"d6cf3ea4-0fb4-4d70-9241-118cb1f12f16","local_time":"20181116101702","daily_mods":["Insanity","Red Cards","Lethality"],"is_ascension_mode":false,"campfire_choices":[{"data":"Battle Trance","floor":6,"key":"SMITH"},{"data":"Wraith Form v2","floor":8,"key":"SMITH"},{"data":"Corruption","floor":15,"key":"SMITH"},{"data":"Corruption","floor":24,"key":"SMITH"},{"floor":32,"key":"REST"},{"data":"Limit Break","floor":40,"key":"SMITH"},{"floor":44,"key":"REST"},{"data":"Crippling Poison","floor":49,"key":"SMITH"}],"neow_cost":"","seed_source_timestamp":0,"circlet_count":0,"master_deck":["Masterful Stab","Flex","Poisoned Stab","Deflect","Dagger Spray","Battle Trance+1","Slice","Cleave","Clothesline","Anger","Anger","Dodge and Roll","Searing Blow","Perfected Strike","Flex","Warcry","Dodge and Roll","Wild Strike","Corruption+1","Acrobatics","Poisoned Stab","Dagger Throw","Quick Slash","Bane","Expertise","Sucker Punch","Sword Boomerang","Deadly Poison","Twin Strike","Clash","Tactician","Skewer","Sword Boomerang","Armaments","Disarm","Bane","Second Wind","Cloak And Dagger","Cleave","Body Slam","Havoc","Sucker Punch","Calculated Gamble+1","Iron Wave","Finisher","Escape Plan","Backflip","Dagger Spray","Corruption+1","Wraith Form v2+1","Crippling Poison+1","Accuracy","Pommel Strike+1","Pummel+1","Anger+1","Immolate+1","Dagger Throw+1","Feel No Pain","Heel Hook+1","Immolate+1","Noxious Fumes","Well Laid Plans","Cloak And Dagger+1","All Out Attack+1","Headbutt+1","Inflame","Distraction","Offering","Decay","Decay","Parasite","Bloodletting","Shockwave","Concentrate","Infinite Blades","Limit Break+1","Battle Trance","Shrug It Off+1","PiercingWail+1","Venomology","Expertise+1","Pommel Strike+1","Bloodletting+1","All Out Attack+1","Reflex+1","Battle Trance"],"special_seed":17851,"relics":["Ring of the Snake","Bag of Marbles","Potion Belt","Molten Egg 2","Odd Mushroom","Empty Cage","Tough Bandages","Prayer Wheel","Old Coin","Mercury Hourglass","Ninja Scroll","Happy Flower","Calling Bell","Snake Skull","Du-Vu Doll","Question Card","Paper Crane","Tingsha","Pantograph","Gambling Chip"],"potions_floor_usage":[16,18,23,23,25,33,33,33,33,33,33,39,41,41,46,48,48,50,50,50,50,50],"damage_taken":[{"damage":0,"enemies":"2 Louse","floor":1,"turns":1},{"damage":0,"enemies":"Cultist","floor":3,"turns":2},{"damage":0,"enemies":"Small Slimes","floor":5,"turns":1},{"damage":0,"enemies":"Lagavulin","floor":7,"turns":4},{"damage":0,"enemies":"Gremlin Nob","floor":10,"turns":1},{"damage":0,"enemies":"The Mushroom Lair","floor":11,"turns":2},{"damage":0,"enemies":"2 Fungi Beasts","floor":12,"turns":1},{"damage":0,"enemies":"Blue Slaver","floor":13,"turns":1},{"damage":0,"enemies":"Looter","floor":14,"turns":1},{"damage":32,"enemies":"The Guardian","floor":16,"turns":9},{"damage":0,"enemies":"Shell Parasite","floor":18,"turns":1},{"damage":0,"enemies":"2 Thieves","floor":20,"turns":1},{"damage":14,"enemies":"Centurion and Healer","floor":21,"turns":4},{"damage":0,"enemies":"Book of Stabbing","floor":23,"turns":2},{"damage":13,"enemies":"Slavers","floor":25,"turns":2},{"damage":0,"enemies":"Shelled Parasite and Fungi","floor":29,"turns":2},{"damage":16,"enemies":"Gremlin Leader","floor":30,"turns":5},{"damage":0,"enemies":"Snecko","floor":31,"turns":1},{"damage":4,"enemies":"Collector","floor":33,"turns":5},{"damage":0,"enemies":"3 Darklings","floor":35,"turns":2},{"damage":0,"enemies":"Orb Walker","floor":36,"turns":1},{"damage":0,"enemies":"Jaw Worm Horde","floor":38,"turns":1},{"damage":43,"enemies":"Mind Bloom Boss Battle","floor":41,"turns":4},{"damage":0,"enemies":"Sphere and 2 Shapes","floor":45,"turns":2},{"damage":11,"enemies":"Giant Head","floor":46,"turns":4},{"damage":3,"enemies":"Transient","floor":47,"turns":5},{"damage":9,"enemies":"3 Darklings","floor":48,"turns":3},{"damage":40,"enemies":"Donu and Deca","floor":50,"turns":4}],"seed_played":"6904533978699419916","potions_obtained":[{"floor":1,"key":"GamblersBrew"},{"floor":4,"key":"SteroidPotion"},{"floor":4,"key":"EntropicBrew"},{"floor":11,"key":"Regen Potion"},{"floor":12,"key":"Ancient Potion"},{"floor":14,"key":"Poison Potion"},{"floor":21,"key":"Fire Potion"},{"floor":23,"key":"Dexterity Potion"},{"floor":29,"key":"GhostInAJar"},{"floor":33,"key":"Strength Potion"},{"floor":35,"key":"Explosive Potion"},{"floor":45,"key":"Weak Potion"},{"floor":47,"key":"Poison Potion"},{"floor":48,"key":"LiquidBronze"}],"is_trial":false,"path_per_floor":["M","?","M","?","M","R","E","R","T","E","?","M","M","M","R","B",null,"M","$","M","M","$","E","R","E","T","?","?","M","E","M","R","B",null,"M","M","$","M","$","R","?","$","T","R","M","E","M","M","R","B",null],"character_chosen":"THE_SILENT","items_purchased":["Tough Bandages","Feel No Pain","Noxious Fumes","Limit Break","Paper Crane","Fruit Juice","Regen Potion"],"campfire_rested":2,"item_purchase_floors":[19,19,22,37,39,39,42],"current_hp_per_floor":[70,70,70,70,70,70,70,70,70,70,70,70,70,70,70,38,70,70,70,70,56,56,61,61,48,48,48,48,48,32,32,53,49,70,70,70,70,70,75,75,32,32,32,54,54,55,52,43,43,40],"gold":175,"neow_bonus":"","is_prod":false,"is_daily":true,"chose_seed":false,"campfire_upgraded":6,"win_rate":0,"timestamp":1542331022,"path_taken":["M","?","M","?","?","R","E","R","T","E","?","M","M","M","R","BOSS","M","$","M","M","$","E","R","E","T","?","?","M","E","M","R","BOSS","M","M","$","M","$","R","?","$","T","R","M","E","M","M","R","BOSS"],"build_version":"2018-11-08","purchased_purges":0,"victory":true,"max_hp_per_floor":[70,70,70,70,70,70,70,70,70,70,70,70,70,70,70,70,70,70,70,70,70,70,70,70,70,70,70,70,70,70,70,70,70,70,70,70,70,70,75,75,75,75,75,75,75,75,75,75,75,75],"card_choices":[{"not_picked":["Heavy Blade","Warcry","Slice"],"picked":"SKIP","floor":1},{"not_picked":["PiercingWail","Deadly Poison"],"picked":"Dagger Spray","floor":3},{"not_picked":["Perfected Strike","Wild Strike"],"picked":"Corruption","floor":5},{"not_picked":["Choke","Clothesline"],"picked":"Wraith Form v2","floor":7},{"not_picked":["Outmaneuver","Reaper"],"picked":"Crippling Poison","floor":10},{"not_picked":["Footwork","Poisoned Stab+1"],"picked":"Accuracy","floor":11},{"not_picked":["Slice+1","Calculated Gamble"],"picked":"Pommel Strike+1","floor":12},{"not_picked":["Havoc","Masterful Stab+1"],"picked":"Pummel+1","floor":13},{"not_picked":["Caltrops","Dropkick+1"],"picked":"Anger+1","floor":14},{"not_picked":["Exhume","Feed+1"],"picked":"Immolate+1","floor":16},{"not_picked":["Bane+1","All Out Attack+1"],"picked":"Dagger Throw+1","floor":18},{"not_picked":["Clash+1","Deadly Poison+1"],"picked":"Heel Hook+1","floor":20},{"not_picked":["Poisoned Stab+1","Dropkick+1"],"picked":"Immolate+1","floor":21},{"not_picked":["Clash+1","Disarm+1"],"picked":"Well Laid Plans","floor":23},{"not_picked":["Searing Blow+1","Cleave+1"],"picked":"Cloak And Dagger+1","floor":25},{"not_picked":["Slice+1","Setup"],"picked":"All Out Attack+1","floor":29},{"not_picked":["Cleave+1","Spot Weakness","Flex"],"picked":"SKIP","floor":29},{"not_picked":["Corruption","Heavy Blade+1"],"picked":"Headbutt+1","floor":30},{"not_picked":["Setup+1","Poisoned Stab+1"],"picked":"Inflame","floor":31},{"not_picked":["Footwork+1","Havoc"],"picked":"Distraction","floor":31},{"not_picked":["Venomology","Corpse Explosion"],"picked":"Offering","floor":33},{"not_picked":["Headbutt+1","Combust+1","Quick Slash+1"],"picked":"Bloodletting","floor":35},{"not_picked":["Disarm+1","Infinite Blades+1","Backflip"],"picked":"Shockwave","floor":35},{"not_picked":["Inflame+1","Perfected Strike+1","Searing Blow+1"],"picked":"Concentrate","floor":36},{"not_picked":["Accuracy","Thunderclap+1","Warcry"],"picked":"Infinite Blades","floor":36},{"not_picked":["Bane+1","Endless Agony+1","Deflect"],"picked":"Battle Trance","floor":38},{"not_picked":["Poisoned Stab+1","Sucker Punch+1","Distraction"],"picked":"Shrug It Off+1","floor":38},{"not_picked":["Disarm","Flying Knee+1","Searing Blow+1"],"picked":"PiercingWail+1","floor":41},{"not_picked":["Pummel+1","Clash+1","Catalyst"],"picked":"Venomology","floor":45},{"not_picked":["Prepared+1","Perfected Strike+1","Ghostly Armor"],"picked":"Expertise+1","floor":45},{"not_picked":["Slice+1","Well Laid Plans","Power Through+1"],"picked":"Pommel Strike+1","floor":46},{"not_picked":["Thunderclap+1","Twin Strike+1","Reflex"],"picked":"Bloodletting+1","floor":47},{"not_picked":["Demon Form","Deadly Poison","Iron Wave+1"],"picked":"All Out Attack+1","floor":47},{"not_picked":["True Grit","Dodge and Roll","Armaments"],"picked":"Reflex+1","floor":48},{"not_picked":["Blur","PiercingWail","Blade Dance+1"],"picked":"Battle Trance","floor":48}],"player_experience":443299,"relics_obtained":[{"floor":7,"key":"Bag of Marbles"},{"floor":9,"key":"Potion Belt"},{"floor":10,"key":"Molten Egg 2"},{"floor":11,"key":"Odd Mushroom"},{"floor":23,"key":"Prayer Wheel"},{"floor":25,"key":"Old Coin"},{"floor":26,"key":"Mercury Hourglass"},{"floor":30,"key":"Happy Flower"},{"floor":34,"key":"Snake Skull"},{"floor":34,"key":"Du-Vu Doll"},{"floor":34,"key":"Question Card"},{"floor":41,"key":"Tingsha"},{"floor":43,"key":"Pantograph"},{"floor":46,"key":"Gambling Chip"}],"event_choices":[{"damage_healed":0,"gold_gain":0,"player_choice":"Grow","damage_taken":0,"max_hp_gain":0,"max_hp_loss":0,"event_name":"Living Wall","floor":2,"gold_loss":0,"cards_upgraded":["Calculated Gamble"]},{"damage_healed":0,"gold_gain":0,"player_choice":"Bought 2 Potions","damage_taken":0,"max_hp_gain":0,"max_hp_loss":0,"event_name":"The Woman in Blue","floor":4,"gold_loss":0},{"damage_healed":0,"gold_gain":0,"player_choice":"Fought Mushrooms","damage_taken":0,"max_hp_gain":0,"max_hp_loss":0,"event_name":"Mushrooms","floor":11,"gold_loss":0},{"cards_removed":["Twin Strike"],"damage_healed":0,"gold_gain":0,"player_choice":"Elegance","damage_taken":0,"max_hp_gain":0,"max_hp_loss":0,"event_name":"Back to Basics","floor":27,"gold_loss":0},{"damage_healed":0,"gold_gain":0,"player_choice":"Obtained Relic","damage_taken":0,"relics_obtained":["Ninja Scroll"],"max_hp_gain":0,"max_hp_loss":0,"event_name":"Addict","floor":28,"gold_loss":85},{"damage_healed":0,"gold_gain":0,"player_choice":"Fight","damage_taken":0,"max_hp_gain":0,"max_hp_loss":0,"event_name":"MindBloom","floor":41,"gold_loss":0}],"is_beta":false,"boss_relics":[{"not_picked":["Runic Pyramid","Sozu"],"picked":"Empty Cage"},{"not_picked":["Snecko Eye","White Beast Statue"],"picked":"Calling Bell"}],"items_purged_floors":[],"is_endless":false,"potions_floor_spawned":[1,11,12,14,21,23,29,33,35,45,47,48],"ascension_level":0}