{"gold_per_floor":[115,126,137,97,110,110,123,154,154,64,64,29,44,44,44,146,146,157,72,72,49,49,49,49,75,75,85,85,104,31,47,47,151,151,164,164,264,73,73,73,93,93,93,106,106,4,4,4,4,4,4,4,4,4],"floor_reached":54,"playtime":2924,"items_purged":["Defend_R","Decay","Perfected Strike","Writhe"],"score":801,"play_id":"704f2498-3a7e-4da4-b3f7-ef76c6da34ff","local_time":"20190709143636","is_ascension_mode":true,"campfire_choices":[{"data":"Body Slam","floor":6,"key":"SMITH"},{"floor":11,"key":"REST"},{"floor":15,"key":"REST"},{"data":"Limit Break","floor":23,"key":"SMITH"},{"floor":28,"key":"REST"},{"data":"Armaments","floor":32,"key":"SMITH"},{"data":"Offering","floor":40,"key":"SMITH"},{"data":"Second Wind","floor":42,"key":"SMITH"},{"data":"True Grit","floor":47,"key":"SMITH"},{"floor":49,"key":"RECALL"},{"data":"Flex","floor":52,"key":"SMITH"}],"neow_cost":"PERCENT_DAMAGE","seed_source_timestamp":7451246135100,"circlet_count":0,"master_deck":["Defend_R","Defend_R","Bash","Offering+1","Heavy Blade","Body Slam+1","Fiend Fire","True Grit+1","Inflame+1","Wild Strike","Limit Break+1","Thunderclap+1","Bite","Bite","Bite","Bite","Bite","Flex+1","Second Wind+1","Inflame+1","Reaper","Armaments+1","Heavy Blade","Reaper","Seeing Red","Shrug It Off","Forethought","Shrug It Off"],"special_seed":0,"relics":["Burning Blood","Smiling Mask","Frozen Egg 2","Cursed Key","Orichalcum","Enchiridion","Thread and Needle","Meat on the Bone","Busted Crown","Torii"],"potions_floor_usage":[16,16,25,25,29,33,41,50,50],"damage_taken":[{"damage":0.0,"enemies":"Small Slimes","floor":1.0,"turns":5.0},{"damage":0,"enemies":"Cultist","floor":2,"turns":2},{"damage":2,"enemies":"Jaw Worm","floor":3,"turns":3},{"damage":14,"enemies":"Red Slaver","floor":5,"turns":2},{"damage":10,"enemies":"2 Fungi Beasts","floor":7,"turns":3},{"damage":41,"enemies":"Lagavulin","floor":8,"turns":4},{"damage":14,"enemies":"Blue Slaver","floor":13,"turns":3},{"damage":68,"enemies":"Hexaghost","floor":16,"turns":8},{"damage":20,"enemies":"Shell Parasite","floor":18,"turns":2},{"damage":27,"enemies":"Gremlin Leader","floor":25,"turns":5},{"damage":6,"enemies":"Chosen","floor":27,"turns":3},{"damage":21,"enemies":"Snake Plant","floor":29,"turns":2},{"damage":0,"enemies":"Sentry and Sphere","floor":31,"turns":3},{"damage":27,"enemies":"Automaton","floor":33,"turns":6},{"damage":31,"enemies":"3 Shapes","floor":35,"turns":5},{"damage":6,"enemies":"Mind Bloom Boss Battle","floor":37,"turns":2},{"damage":1,"enemies":"3 Darklings","floor":41,"turns":4},{"damage":16,"enemies":"Jaw Worm Horde","floor":44,"turns":5},{"damage":116,"enemies":"Time Eater","floor":50,"turns":10},{"damage":69,"enemies":"Shield and Spear","floor":54,"turns":3}],"seed_played":"-348221992207088033","potions_obtained":[{"floor":4,"key":"LiquidBronze"},{"floor":4,"key":"BloodPotion"},{"floor":4,"key":"Explosive Potion"},{"floor":13,"key":"Dexterity Potion"},{"floor":16,"key":"GamblersBrew"},{"floor":18,"key":"EssenceOfSteel"},{"floor":31,"key":"LiquidBronze"},{"floor":33,"key":"FearPotion"},{"floor":37,"key":"AttackPotion"},{"floor":41,"key":"LiquidBronze"}],"is_trial":false,"path_per_floor":["M","M","M","?","M","R","M","E","T","$","R","$","M","?","R","B",null,"M","?","?","$","?","R","?","E","T","M","R","M","$","M","R","B",null,"M","?","?","$","?","R","M","R","T","M","?","$","R","?","R","B",null,"R","$","E"],"character_chosen":"IRONCLAD","items_purchased":["Inflame+1","Feel No Pain+1","Flex","Armaments","Shrug It Off","Forethought","Shrug It Off"],"campfire_rested":3,"item_purchase_floors":[10,12,21,30,38,38,46],"current_hp_per_floor":[62,68,72,72,64,64,60,25,25,25,49,49,41,41,65,23,80,66,66,56,56,40,40,31,22,22,38,56,43,43,55,55,54,61,61,61,61,61,61,61,61,61,61,61,58,58,58,58,58,24,58,58,58,0],"gold":4,"neow_bonus":"THREE_RARE_CARDS","is_prod":false,"is_daily":false,"chose_seed":false,"campfire_upgraded":7,"win_rate":0,"timestamp":1562650596,"path_taken":["M","M","M","?","M","R","M","E","T","?","R","$","M","?","R","BOSS","M","?","?","$","?","R","?","E","T","M","R","M","?","M","R","BOSS","M","?","?","$","?","R","M","R","T","?","?","?","R","?","R","BOSS","R","$","E"],"build_version":"2019-07-05","purchased_purges":4,"victory":false,"max_hp_per_floor":[80,80,80,80,80,80,80,80,80,80,80,80,80,80,80,80,80,80,80,56,56,56,56,61,61,61,61,61,61,61,61,61,61,61,61,61,61,61,61,61,61,61,61,61,58,58,58,58,58,58,58,58,58,58],"card_choices":[{"not_picked":["Exhume","Feed"],"picked":"Offering","floor":0.0},{"not_picked":["Twin Strike","Clash"],"picked":"Perfected Strike","floor":1},{"not_picked":["Headbutt","Twin Strike"],"picked":"Perfected Strike","floor":2},{"not_picked":["Seeing Red","Hemokinesis"],"picked":"Heavy Blade","floor":3},{"not_picked":["Infernal Blade","Anger"],"picked":"Body Slam","floor":5},{"not_picked":["Pommel Strike","Rage"],"picked":"Fiend Fire","floor":7},{"not_picked":["Clash","Thunderclap"],"picked":"True Grit","floor":8},{"not_picked":["Clash","Hemokinesis"],"picked":"Wild Strike","floor":13},{"not_picked":["Feed","Bludgeon"],"picked":"Limit Break","floor":16},{"not_picked":["Perfected Strike","Anger+1"],"picked":"Thunderclap+1","floor":18},{"not_picked":["Metallicize+1","Pommel Strike"],"picked":"Second Wind","floor":25},{"not_picked":["Twin Strike","Whirlwind"],"picked":"Inflame+1","floor":27},{"not_picked":["Clothesline","Disarm+1"],"picked":"Reaper","floor":29},{"not_picked":["Sword Boomerang","Power Through"],"picked":"Heavy Blade","floor":31},{"not_picked":["Limit Break","Feed"],"picked":"Reaper","floor":33},{"not_picked":[],"picked":"Seeing Red","floor":35},{"not_picked":["Pommel Strike"],"picked":"SKIP","floor":41},{"not_picked":["Havoc+1"],"picked":"SKIP","floor":44}],"player_experience":325684,"relics_obtained":[{"floor":8,"key":"Smiling Mask"},{"floor":9,"key":"Frozen Egg 2"},{"floor":22,"key":"Enchiridion"},{"floor":25,"key":"Thread and Needle"},{"floor":26,"key":"Meat on the Bone"},{"floor":37,"key":"Torii"}],"event_choices":[{"damage_healed":0,"gold_gain":0,"player_choice":"Bought 3 Potions","damage_taken":0,"max_hp_gain":0,"max_hp_loss":0,"event_name":"The Woman in Blue","floor":4,"gold_loss":0},{"cards_removed":["Defend_R"],"damage_healed":0,"gold_gain":0,"player_choice":"Purged","damage_taken":0,"max_hp_gain":0,"max_hp_loss":0,"event_name":"Purifier","floor":14,"gold_loss":0},{"damage_healed":0,"gold_gain":0,"player_choice":"Obtained Relic","damage_taken":0,"relics_obtained":["Orichalcum"],"max_hp_gain":0,"max_hp_loss":0,"event_name":"Addict","floor":19,"gold_loss":85},{"damage_healed":0,"gold_gain":0,"player_choice":"Became a vampire","damage_taken":0,"max_hp_gain":0,"max_hp_loss":24,"event_name":"Vampires","floor":20,"gold_loss":0,"cards_obtained":["Bite","Bite","Bite","Bite","Bite"]},{"damage_healed":0,"gold_gain":0,"player_choice":"Obtained Book","damage_taken":16,"max_hp_gain":0,"max_hp_loss":0,"event_name":"Cursed Tome","floor":22,"gold_loss":0},{"damage_healed":0,"gold_gain":0,"player_choice":"Shed Blood","damage_taken":14,"max_hp_gain":5,"max_hp_loss":0,"event_name":"Forgotten Altar","floor":24,"gold_loss":0},{"damage_healed":0,"gold_gain":0,"player_choice":"Ignored","damage_taken":0,"max_hp_gain":0,"max_hp_loss":0,"event_name":"Mysterious Sphere","floor":36,"gold_loss":0},{"damage_healed":0,"gold_gain":0,"player_choice":"Fight","damage_taken":0,"max_hp_gain":0,"max_hp_loss":0,"event_name":"MindBloom","floor":37,"gold_loss":0},{"cards_removed":["Perfected Strike"],"damage_healed":5,"gold_gain":0,"player_choice":"Offered Common","damage_taken":0,"max_hp_gain":0,"max_hp_loss":0,"event_name":"Bonfire Elementals","floor":39,"gold_loss":0},{"cards_removed":["Perfected Strike"],"damage_healed":5,"gold_gain":0,"player_choice":"Offered Special","damage_taken":0,"max_hp_gain":0,"max_hp_loss":0,"event_name":"Bonfire Elementals","floor":39,"gold_loss":0},{"damage_healed":0,"gold_gain":0,"player_choice":"Max HP","damage_taken":0,"max_hp_gain":0,"max_hp_loss":3,"event_name":"Winding Halls","floor":45,"gold_loss":0},{"cards_removed":["Feel No Pain"],"damage_healed":0,"gold_gain":0,"player_choice":"Removed Power","damage_taken":0,"max_hp_gain":0,"max_hp_loss":0,"event_name":"Falling","floor":48,"gold_loss":0}],"is_beta":false,"boss_relics":[{"not_picked":["Calling Bell","Fusion Hammer"],"picked":"Cursed Key"},{"not_picked":["Philosopher\u0027s Stone","Lizard Tail"],"picked":"Busted Crown"}],"items_purged_floors":[10,30,38,46],"is_endless":false,"potions_floor_spawned":[5,13,16,18,31,33,37,41],"killed_by":"Shield and Spear","ascension_level":4}