{"gold_per_floor":[116,116,134,44,44,77,77,106,106,106,106,125,137,155,155,232,232,250,21,38,38,88,88,123,138,162,162,162,162,61,74,74,149,149,167,186,111,111,131,131,148,48,71,88,88,88,88,99,99,99],"floor_reached":51,"playtime":4355,"items_purged":["Strike_B","Strike_B"],"score":1303,"play_id":"3fb58255-3acd-43b5-b61c-b1f166294198","local_time":"20190822100624","is_ascension_mode":true,"campfire_choices":[{"data":"Zap","floor":7,"key":"SMITH"},{"data":"Dualcast","floor":10,"key":"SMITH"},{"data":"Fusion","floor":15,"key":"SMITH"},{"data":"Skim","floor":23,"key":"SMITH"},{"data":"Echo Form","floor":27,"key":"SMITH"},{"floor":32,"key":"REST"},{"data":"1","floor":40,"key":"LIFT"},{"data":"2","floor":45,"key":"LIFT"},{"floor":49,"key":"REST"}],"neow_cost":"NONE","seed_source_timestamp":95665568116900,"circlet_count":0,"master_deck":["AscendersBane","Strike_B","Defend_B","Defend_B","Defend_B","Defend_B","Zap+1","Dualcast+1","Glacier","Go for the Eyes+1","Bandage Up","Doom and Gloom","Consume","Fusion+1","Skim+1","Buffer+1","Streamline","Force Field","Echo Form+1","Cold Snap","Defragment","Biased Cognition","Creative AI"],"relics":["Cracked Core","NeowsBlessing","Torii","Regal Pillow","Bird Faced Urn","Snecko Eye","OrangePellets","Centennial Puzzle","Vajra","Girya","Inserter","Smiling Mask"],"potions_floor_usage":[8,16,18,33,33,48,48,50],"damage_taken":[{"damage":0,"enemies":"2 Louse","floor":1,"turns":1},{"damage":0,"enemies":"Jaw Worm","floor":3,"turns":1},{"damage":0,"enemies":"Lagavulin","floor":6,"turns":1},{"damage":17,"enemies":"Gremlin Nob","floor":8,"turns":5},{"damage":1,"enemies":"Cultist","floor":12,"turns":4},{"damage":30,"enemies":"Large Slime","floor":13,"turns":5},{"damage":8,"enemies":"Exordium Wildlife","floor":14,"turns":3},{"damage":26,"enemies":"The Guardian","floor":16,"turns":13},{"damage":16,"enemies":"Chosen","floor":18,"turns":8},{"damage":0,"enemies":"Spheric Guardian","floor":20,"turns":6},{"damage":31,"enemies":"Slavers","floor":24,"turns":8},{"damage":8,"enemies":"Snecko","floor":25,"turns":9},{"damage":1,"enemies":"Centurion and Healer","floor":31,"turns":7},{"damage":55,"enemies":"Collector","floor":33,"turns":13},{"damage":0,"enemies":"3 Darklings","floor":35,"turns":8},{"damage":55,"enemies":"Orb Walker","floor":36,"turns":8},{"damage":0,"enemies":"Spire Growth","floor":39,"turns":8},{"damage":22,"enemies":"Writhing Mass","floor":41,"turns":9},{"damage":11,"enemies":"Jaw Worm Horde","floor":44,"turns":11},{"damage":12,"enemies":"Transient","floor":48,"turns":6},{"damage":25,"enemies":"Time Eater","floor":50,"turns":14}],"seed_played":"3809098510634178524","potions_obtained":[{"floor":1,"key":"Weak Potion"},{"floor":8,"key":"Swift Potion"},{"floor":14,"key":"FocusPotion"},{"floor":25,"key":"GamblersBrew"},{"floor":33,"key":"SteroidPotion"},{"floor":35,"key":"FearPotion"},{"floor":44,"key":"Weak Potion"},{"floor":48,"key":"Weak Potion"}],"is_trial":false,"path_per_floor":["M","$","M","$","?","E","R","E","T","R","?","M","M","M","R","B",null,"M","$","M","$","?","R","E","M","T","R","T","?","$","M","R","B",null,"M","M","$","?","M","R","M","$","T","M","R","?","?","M","R","B",null],"character_chosen":"DEFECT","items_purchased":["Bandage Up","OrangePellets","Dexterity Potion","Defragment"],"campfire_rested":2,"item_purchase_floors":[4,19,30,30],"current_hp_per_floor":[64,64,64,64,64,64,64,47,47,47,71,70,44,40,40,18,58,48,48,54,54,54,54,29,27,27,27,27,27,27,40,71,30,61,71,19,19,19,33,33,25,25,25,30,30,30,30,24,59,67],"gold":99,"neow_bonus":"THREE_ENEMY_KILL","is_prod":false,"is_daily":false,"chose_seed":false,"campfire_upgraded":5,"win_rate":0,"timestamp":1566435984,"path_taken":["M","$","M","$","?","E","R","E","T","R","?","M","M","?","R","BOSS","M","$","M","$","?","R","E","M","T","R","?","?","$","M","R","BOSS","M","M","$","?","?","R","M","?","T","M","R","?","?","?","R","BOSS"],"build_version":"2019-07-17","purchased_purges":2,"victory":true,"max_hp_per_floor":[71,71,71,71,71,71,71,71,71,71,71,71,71,71,71,71,71,71,71,71,71,71,71,71,71,71,71,71,71,71,71,71,71,71,71,71,71,71,71,71,71,71,71,71,71,67,67,67,67,67],"card_choices":[{"not_picked":["Double Energy","Coolheaded"],"picked":"Glacier","floor":1},{"not_picked":["Cold Snap","Skim"],"picked":"Go for the Eyes","floor":3},{"not_picked":["Blizzard","Skim"],"picked":"Doom and Gloom","floor":6},{"not_picked":["Tempest","Gash"],"picked":"Consume","floor":8},{"not_picked":["Compile Driver","Reprogram"],"picked":"Fusion","floor":12},{"not_picked":["Force Field","Stack","Sweeping Beam"],"picked":"SKIP","floor":13},{"not_picked":["Force Field","Stack","Sweeping Beam"],"picked":"SKIP","floor":13},{"not_picked":["Beam Cell","Static Discharge"],"picked":"Skim","floor":14},{"not_picked":["Meteor Strike","Rainbow"],"picked":"Buffer","floor":16},{"not_picked":["Beam Cell","Hologram"],"picked":"Streamline","floor":18},{"not_picked":["Turbo","Conserve Battery","Beam Cell"],"picked":"SKIP","floor":20},{"not_picked":["Turbo","Ball Lightning"],"picked":"Force Field","floor":24},{"not_picked":["Stack","Undo"],"picked":"Echo Form","floor":25},{"not_picked":["Steam","Scrape","Beam Cell"],"picked":"SKIP","floor":31},{"not_picked":["Seek","Fission"],"picked":"Biased Cognition","floor":33},{"not_picked":["Tempest","Ball Lightning+1","Compile Driver"],"picked":"SKIP","floor":35},{"not_picked":["Gash","Barrage","Aggregate+1"],"picked":"SKIP","floor":36},{"not_picked":["Loop","Ball Lightning","Storm"],"picked":"SKIP","floor":39},{"not_picked":["Beam Cell","Recycle","Leap"],"picked":"SKIP","floor":41},{"not_picked":["Storm","Rebound","Steam+1"],"picked":"SKIP","floor":44},{"not_picked":["Recycle","Steam"],"picked":"Creative AI","floor":48}],"player_experience":737446,"relics_obtained":[{"floor":6,"key":"Torii"},{"floor":8,"key":"Regal Pillow"},{"floor":9,"key":"Bird Faced Urn"},{"floor":24,"key":"Centennial Puzzle"},{"floor":26,"key":"Vajra"},{"floor":28,"key":"Girya"},{"floor":43,"key":"Smiling Mask"}],"event_choices":[{"damage_healed":0,"gold_gain":0,"player_choice":"Grow","damage_taken":0,"max_hp_gain":0,"max_hp_loss":0,"event_name":"Living Wall","floor":5,"gold_loss":0,"cards_upgraded":["Go for the Eyes"]},{"damage_healed":24,"gold_gain":0,"player_choice":"Full Heal","damage_taken":0,"max_hp_gain":0,"max_hp_loss":0,"event_name":"Wheel of Change","floor":11,"gold_loss":0},{"damage_healed":0,"gold_gain":50,"player_choice":"Stole From Cult","damage_taken":0,"max_hp_gain":0,"max_hp_loss":0,"event_name":"Nest","floor":22,"gold_loss":0},{"damage_healed":0,"gold_gain":0,"cards_transformed":["Strike_B"],"player_choice":"Transformed","damage_taken":0,"max_hp_gain":0,"max_hp_loss":0,"event_name":"Transmorgrifier","floor":29,"gold_loss":0,"cards_obtained":["Cold Snap"]},{"damage_healed":0,"gold_gain":0,"player_choice":"Forge","damage_taken":0,"max_hp_gain":0,"max_hp_loss":0,"event_name":"Accursed Blacksmith","floor":38,"gold_loss":0,"cards_upgraded":["Buffer"]},{"damage_healed":0,"gold_gain":0,"player_choice":"Max HP","damage_taken":0,"max_hp_gain":0,"max_hp_loss":4,"event_name":"Winding Halls","floor":46,"gold_loss":0},{"damage_healed":0,"gold_gain":0,"player_choice":"Ignored","damage_taken":0,"max_hp_gain":0,"max_hp_loss":0,"event_name":"The Moai Head","floor":47,"gold_loss":0}],"is_beta":false,"boss_relics":[{"not_picked":["Lizard Tail","Coffee Dripper"],"picked":"Snecko Eye"},{"not_picked":["Astrolabe","Runic Dome"],"picked":"Inserter"}],"items_purged_floors":[37,42],"is_endless":false,"potions_floor_spawned":[1,8,14,25,31,33,35,44,48],"ascension_level":17}