{"gold_per_floor":[15,15,15,36,60,60,98,116,143,143,156,156,176,192,192,282,282,282,297,297,39,39,73,73,73,127,127,151,151,27,27,27,27],"floor_reached":33,"playtime":1320,"items_purged":["Pain"],"score":517,"play_id":"ff2402a0-7634-4c3f-a39b-f34340c74534","local_time":"20190823072452","is_ascension_mode":true,"campfire_choices":[{"data":"Consume","floor":6.0,"key":"SMITH"},{"data":"Redo","floor":10.0,"key":"SMITH"},{"data":"Defragment","floor":15.0,"key":"SMITH"},{"floor":24,"key":"REST"},{"floor":27,"key":"REST"},{"data":"Redo","floor":29,"key":"SMITH"},{"floor":32,"key":"REST"}],"neow_cost":"NO_GOLD","seed_source_timestamp":174022655916200,"circlet_count":0,"master_deck":["AscendersBane","Strike_B","Strike_B","Strike_B","Defend_B","Defend_B","Defend_B","Defend_B","Zap+1","Dualcast","Streamline","Rebound","Consume+1","Redo+1","Redo+1","Cold Snap","Defragment+1","Electrodynamics","Regret","Decay","Scrape","Bandage Up","Reboot","RitualDagger","Hologram","Conserve Battery","Defragment","Fusion+1"],"special_seed":0,"relics":["Cracked Core","Golden Idol","Bag of Preparation","Happy Flower","Calling Bell","Oddly Smooth Stone","Kunai","Emotion Chip","Bag of Marbles","Art of War"],"potions_floor_usage":[18,28,33],"damage_taken":[{"damage":1.0,"enemies":"Cultist","floor":1.0,"turns":3.0},{"damage":2.0,"enemies":"Jaw Worm","floor":4.0,"turns":3.0},{"damage":0.0,"enemies":"2 Louse","floor":5.0,"turns":2.0},{"damage":33.0,"enemies":"3 Sentries","floor":7.0,"turns":7.0},{"damage":2.0,"enemies":"Red Slaver","floor":8.0,"turns":3.0},{"damage":1.0,"enemies":"2 Fungi Beasts","floor":11.0,"turns":3.0},{"damage":6.0,"enemies":"Blue Slaver","floor":13.0,"turns":4.0},{"damage":0.0,"enemies":"Exordium Wildlife","floor":14.0,"turns":4.0},{"damage":8.0,"enemies":"Slime Boss","floor":16.0,"turns":7.0},{"damage":0,"enemies":"2 Thieves","floor":18,"turns":1},{"damage":31,"enemies":"Chosen","floor":19,"turns":4},{"damage":44,"enemies":"Gremlin Leader","floor":23,"turns":6},{"damage":21,"enemies":"Centurion and Healer","floor":28,"turns":3},{"damage":77,"enemies":"Collector","floor":33,"turns":7}],"seed_played":"918467640827900335","potions_obtained":[{"floor":4.0,"key":"Block Potion"},{"floor":7.0,"key":"Block Potion"},{"floor":8.0,"key":"SmokeBomb"},{"floor":13.0,"key":"Regen Potion"},{"floor":16.0,"key":"SpeedPotion"},{"floor":23,"key":"GamblersBrew"}],"is_trial":false,"path_per_floor":["M","?","?","M","M","R","E","M","T","R","M","?","M","M","R","B",null,"M","M","?","$","?","E","R","$","T","R","M","R","$","?","R","B"],"character_chosen":"DEFECT","items_purchased":["Bandage Up","Reboot","Defragment","Fusion"],"campfire_rested":3,"item_purchase_floors":[21,21,30,30],"current_hp_per_floor":[77,77,77,75,75,75,42,40,40,40,39,39,33,33,33,40,68,68,37,52,52,46,6,29,29,29,52,35,35,35,35,58,0],"gold":27,"neow_bonus":"TWENTY_PERCENT_HP_BONUS","is_prod":false,"is_daily":false,"chose_seed":false,"campfire_upgraded":4,"win_rate":0,"timestamp":1566512692,"path_taken":["M","?","?","M","M","R","E","M","T","R","M","?","?","M","R","BOSS","M","M","?","$","?","E","R","?","T","R","M","R","$","?","R","BOSS"],"build_version":"2019-07-17","purchased_purges":1,"victory":false,"max_hp_per_floor":[85,77,77,77,77,77,77,77,77,77,77,77,77,77,77,77,77,77,77,77,77,77,77,77,77,77,77,77,77,77,77,77,77],"card_choices":[{"not_picked":["Steam","Go for the Eyes"],"picked":"Streamline","floor":1.0},{"not_picked":["Streamline","Cold Snap"],"picked":"Rebound","floor":4.0},{"not_picked":["Rebound","Compile Driver"],"picked":"Consume","floor":5.0},{"not_picked":["Streamline","Melter"],"picked":"Redo","floor":7.0},{"not_picked":["Steam","Sweeping Beam"],"picked":"Redo","floor":8.0},{"not_picked":["Hologram","Aggregate"],"picked":"Cold Snap","floor":11.0},{"not_picked":["Compile Driver","Beam Cell","Go for the Eyes"],"picked":"SKIP","floor":13.0},{"not_picked":["Leap","Hello World"],"picked":"Defragment","floor":14.0},{"not_picked":["Echo Form","Biased Cognition"],"picked":"Electrodynamics","floor":16.0},{"not_picked":["Gash","Steam"],"picked":"Scrape","floor":19},{"not_picked":["Echo Form","Aggregate"],"picked":"Hologram","floor":23},{"not_picked":["Streamline","Sweeping Beam"],"picked":"Conserve Battery","floor":28}],"player_experience":758079,"relics_obtained":[{"floor":7.0,"key":"Bag of Preparation"},{"floor":9.0,"key":"Happy Flower"},{"floor":17,"key":"Oddly Smooth Stone"},{"floor":17,"key":"Kunai"},{"floor":17,"key":"Emotion Chip"},{"floor":23,"key":"Bag of Marbles"},{"floor":26,"key":"Art of War"}],"event_choices":[{"damage_healed":0.0,"max_hp_gain":0.0,"max_hp_loss":8.0,"gold_gain":0.0,"event_name":"Golden Idol","player_choice":"Lose Max HP","floor":2.0,"gold_loss":0.0,"damage_taken":0.0,"relics_obtained":["Golden Idol"]},{"damage_healed":0.0,"max_hp_gain":0.0,"max_hp_loss":0.0,"gold_gain":0.0,"event_name":"Living Wall","player_choice":"Grow","floor":3.0,"gold_loss":0.0,"damage_taken":0.0,"cards_upgraded":["Zap"]},{"cards_removed":["Strike_B"],"damage_healed":0.0,"max_hp_gain":0.0,"max_hp_loss":0.0,"gold_gain":0.0,"event_name":"Purifier","player_choice":"Purged","floor":12.0,"gold_loss":0.0,"damage_taken":0.0},{"damage_healed":15,"gold_gain":0,"player_choice":"Heal","damage_taken":0,"max_hp_gain":0,"max_hp_loss":0,"event_name":"The Library","floor":20,"gold_loss":0},{"damage_healed":0,"gold_gain":0,"player_choice":"Joined the Cult","damage_taken":6,"max_hp_gain":0,"max_hp_loss":0,"event_name":"Nest","floor":22,"gold_loss":0,"cards_obtained":["RitualDagger"]},{"damage_healed":0,"gold_gain":0,"player_choice":"Upgraded","damage_taken":0,"max_hp_gain":0,"max_hp_loss":0,"event_name":"Upgrade Shrine","floor":31,"gold_loss":0,"cards_upgraded":["Fusion"]}],"is_beta":false,"boss_relics":[{"not_picked":["White Beast Statue","Coffee Dripper"],"picked":"Calling Bell"}],"items_purged_floors":[21],"is_endless":false,"potions_floor_spawned":[4,7,8,13,16,23],"killed_by":"Collector","ascension_level":19}