{"gold_per_floor":[118,133,149,167,167,167,202,202,202,233,233,243,223,240,240,341,341,352,72,95,126,157,169,181,223,235,282,294,320,349,160,160,265,265,279,294,174,0,19,19,33,63,63,63,63,13,13,46,46,46],"floor_reached":50,"playtime":6798,"items_purged":["Defend_B","Strike_B","Writhe"],"score":662,"play_id":"31a19f6d-2e6a-4218-a956-40b3ae456758","local_time":"20181130150210","is_ascension_mode":true,"campfire_choices":[{"data":"Capacitor","floor":6.0,"key":"SMITH"},{"data":"Barrage","floor":8.0,"key":"SMITH"},{"data":"Chill","floor":11.0,"key":"SMITH"},{"data":"Ball Lightning","floor":15.0,"key":"SMITH"},{"data":"Creative AI","floor":23.0,"key":"SMITH"},{"data":"Consume","floor":28.0,"key":"SMITH"},{"floor":32.0,"key":"REST"},{"data":"Zap","floor":40.0,"key":"SMITH"},{"data":"Conserve Battery","floor":44.0,"key":"SMITH"},{"data":"Capacitor","floor":47.0,"key":"SMITH"},{"floor":49.0,"key":"REST"}],"neow_cost":"NONE","seed_source_timestamp":0,"circlet_count":0,"master_deck":["Strike_B","Strike_B","Defend_B","Defend_B+1","Defend_B","Zap+1","Dualcast","Go for the Eyes","Chill+1","Barrage+1","Capacitor+1","Coolheaded","Cold Snap","Conserve Battery","Ball Lightning+1","Creative AI+1","Capacitor+1","Ball Lightning","Steam+1","Consume+1","Rebound+1","Compile Driver","Loop","Amplify+1","Glacier","Conserve Battery+1","Self Repair","Barrage+1","White Noise+1"],"special_seed":0,"relics":["FrozenCore","NeowsBlessing","Blood Vial","Strawberry","Sundial","MawBank","Smiling Mask","Dodecahedron","Oddly Smooth Stone","Art of War","Sozu","Red Mask","Lantern","Matryoshka","War Paint"],"potions_floor_usage":[],"damage_taken":[{"damage":0.0,"enemies":"2 Louse","floor":1.0,"turns":1.0},{"damage":0.0,"enemies":"Cultist","floor":2.0,"turns":1.0},{"damage":0.0,"enemies":"Jaw Worm","floor":3.0,"turns":1.0},{"damage":5.0,"enemies":"Red Slaver","floor":4.0,"turns":3.0},{"damage":21.0,"enemies":"3 Sentries","floor":7.0,"turns":12.0},{"damage":26.0,"enemies":"Gremlin Nob","floor":10.0,"turns":4.0},{"damage":0.0,"enemies":"Lots of Slimes","floor":12.0,"turns":5.0},{"damage":0.0,"enemies":"Large Slime","floor":14.0,"turns":4.0},{"damage":4.0,"enemies":"Hexaghost","floor":16.0,"turns":9.0},{"damage":1.0,"enemies":"Chosen","floor":18.0,"turns":7.0},{"damage":9.0,"enemies":"Spheric Guardian","floor":20.0,"turns":4.0},{"damage":5.0,"enemies":"3 Cultists","floor":21.0,"turns":5.0},{"damage":8.0,"enemies":"Snecko","floor":22.0,"turns":7.0},{"damage":13.0,"enemies":"Book of Stabbing","floor":25.0,"turns":8.0},{"damage":35.0,"enemies":"Gremlin Leader","floor":27.0,"turns":9.0},{"damage":26.0,"enemies":"Snake Plant","floor":29.0,"turns":5.0},{"damage":10.0,"enemies":"Shelled Parasite and Fungi","floor":30.0,"turns":7.0},{"damage":13.0,"enemies":"Champ","floor":33.0,"turns":11.0},{"damage":12.0,"enemies":"Orb Walker","floor":35.0,"turns":4.0},{"damage":9.0,"enemies":"3 Darklings","floor":36.0,"turns":6.0},{"damage":10.0,"enemies":"Spire Growth","floor":39.0,"turns":6.0},{"damage":32.0,"enemies":"Maw","floor":41.0,"turns":10.0},{"damage":3.0,"enemies":"Giant Head","floor":42.0,"turns":9.0},{"damage":30.0,"enemies":"Nemesis","floor":48.0,"turns":9.0},{"damage":83,"enemies":"Awakened One","floor":50,"turns":5}],"seed_played":"-4554923943835054253","potions_obtained":[{"floor":1.0,"key":"Regen Potion"},{"floor":2.0,"key":"FearPotion"},{"floor":7.0,"key":"FearPotion"},{"floor":10.0,"key":"Regen Potion"},{"floor":13.0,"key":"Strength Potion"},{"floor":18.0,"key":"Explosive Potion"},{"floor":21.0,"key":"Weak Potion"},{"floor":33.0,"key":"FairyPotion"}],"is_trial":false,"path_per_floor":["M","M","M","M","?","R","E","R","T","E","R","M","?","M","R","B",null,"M","$","M","M","M","R","?","E","T","E","R","M","M","$","R","B",null,"M","M","$","?","M","R","M","E","T","R","?","$","R","E","R","B"],"character_chosen":"DEFECT","items_purchased":["Capacitor","Ball Lightning","MawBank","Art of War","Self Repair"],"campfire_rested":2,"item_purchase_floors":[19,19,19,31,37],"current_hp_per_floor":[75,75,75,70,70,70,49,49,56,32,32,48,48,50,50,48,82,81,81,73,70,64,64,64,68,68,35,35,11,3,3,27,16,82,70,63,63,63,55,55,32,45,45,45,66,66,66,45,69,0],"gold":46,"neow_bonus":"THREE_ENEMY_KILL","is_prod":false,"is_daily":false,"chose_seed":false,"campfire_upgraded":9,"win_rate":0,"timestamp":1543618930,"path_taken":["M","M","M","M","?","R","E","R","T","E","R","?","?","?","R","BOSS","M","$","M","M","M","R","?","E","T","E","R","?","M","$","R","BOSS","M","M","?","?","M","R","M","E","T","R","?","$","R","E","R","BOSS"],"build_version":"2018-11-15","purchased_purges":3,"victory":false,"max_hp_per_floor":[75,75,75,75,75,75,75,75,82,82,82,82,82,82,82,82,82,82,82,82,82,82,82,82,82,82,82,82,82,82,82,82,82,82,82,82,82,82,82,82,82,82,82,82,82,82,82,82,82,82],"card_choices":[{"not_picked":["Rip and Tear","Sweeping Beam"],"picked":"Go for the Eyes","floor":1.0},{"not_picked":["Genetic Algorithm","Doom and Gloom"],"picked":"Chill","floor":2.0},{"not_picked":["Sweeping Beam","Go for the Eyes"],"picked":"Barrage","floor":3.0},{"not_picked":["Chaos","Loop"],"picked":"Capacitor","floor":4.0},{"not_picked":["Gash","Sweeping Beam"],"picked":"Coolheaded","floor":7.0},{"not_picked":["All For One","Tempest"],"picked":"Cold Snap","floor":10.0},{"not_picked":["Compile Driver","Recycle"],"picked":"Conserve Battery","floor":12.0},{"not_picked":["BootSequence","Hologram"],"picked":"Ball Lightning","floor":14.0},{"not_picked":["Seek","Buffer"],"picked":"Creative AI","floor":16.0},{"not_picked":["Gash","Cold Snap","Hologram"],"picked":"SKIP","floor":18.0},{"not_picked":["Hologram+1","Conserve Battery"],"picked":"Steam+1","floor":20.0},{"not_picked":["Reinforced Body","Turbo+1"],"picked":"Consume","floor":21.0},{"not_picked":["Doom and Gloom","Redo"],"picked":"Rebound+1","floor":22.0},{"not_picked":["Streamline","Rip and Tear+1"],"picked":"Compile Driver","floor":25.0},{"not_picked":["Beam Cell","Streamline","Rebound"],"picked":"SKIP","floor":27.0},{"not_picked":["Gash","Aggregate","Melter"],"picked":"SKIP","floor":29.0},{"not_picked":["Heatsinks","Force Field+1"],"picked":"Loop","floor":30.0},{"not_picked":["Multi-Cast","Creative AI"],"picked":"Amplify","floor":33.0},{"not_picked":["Gash+1","Darkness+1"],"picked":"Glacier","floor":35.0},{"not_picked":["Leap","Auto Shields+1"],"picked":"Conserve Battery","floor":36.0},{"not_picked":["Turbo","Coolheaded+1"],"picked":"Barrage+1","floor":39.0},{"not_picked":["Ball Lightning","Beam Cell+1"],"picked":"White Noise+1","floor":41.0},{"not_picked":["Hologram+1","Sweeping Beam","Cold Snap"],"picked":"SKIP","floor":42.0},{"not_picked":["Glacier+1","Rip and Tear+1","Hyperbeam"],"picked":"SKIP","floor":48.0}],"player_experience":328655,"relics_obtained":[{"floor":7.0,"key":"Blood Vial"},{"floor":9.0,"key":"Strawberry"},{"floor":10.0,"key":"Sundial"},{"floor":25.0,"key":"Smiling Mask"},{"floor":26.0,"key":"Dodecahedron"},{"floor":27.0,"key":"Oddly Smooth Stone"},{"floor":42.0,"key":"Lantern"},{"floor":43.0,"key":"Matryoshka"},{"floor":48.0,"key":"War Paint"}],"event_choices":[{"cards_removed":["Strike_B"],"damage_healed":0.0,"max_hp_gain":0.0,"max_hp_loss":0.0,"gold_gain":0.0,"event_name":"Bonfire Elementals","player_choice":"Offered Basic","floor":5.0,"gold_loss":0.0,"damage_taken":0.0},{"damage_healed":0.0,"max_hp_gain":0.0,"max_hp_loss":0.0,"gold_gain":0.0,"event_name":"The Woman in Blue","player_choice":"Bought 1 Potion","floor":13.0,"gold_loss":0.0,"damage_taken":0.0},{"damage_healed":0.0,"max_hp_gain":0.0,"max_hp_loss":0.0,"gold_gain":0.0,"event_name":"FaceTrader","player_choice":"Leave","floor":24.0,"gold_loss":0.0,"damage_taken":0.0},{"damage_healed":0.0,"max_hp_gain":0.0,"max_hp_loss":0.0,"gold_gain":0.0,"event_name":"Tomb of Lord Red Mask","player_choice":"Paid","floor":38.0,"gold_loss":174.0,"damage_taken":0.0,"relics_obtained":["Red Mask"]},{"damage_healed":21.0,"max_hp_gain":0.0,"max_hp_loss":0.0,"gold_gain":0.0,"event_name":"Winding Halls","player_choice":"Writhe","floor":45.0,"gold_loss":0.0,"damage_taken":0.0,"cards_obtained":["Writhe"]}],"is_beta":false,"boss_relics":[{"not_picked":["Runic Pyramid","Velvet Choker"],"picked":"FrozenCore"},{"not_picked":["Eternal Feather","Lizard Tail"],"picked":"Sozu"}],"items_purged_floors":[31,37,46],"is_endless":false,"potions_floor_spawned":[1,2,7,10,18,21,33,35,39],"killed_by":"Awakened One","ascension_level":4}