{"gold_per_floor":[115,40,40,53,67,106,106,56,81,81,112,137,158,181,181,301,301,324,324,349,368,26,26,26,26,26,26,26,41,41,66,66,66],"floor_reached":33,"playtime":1967,"items_purged":["Strike_G","Defend_G"],"score":397,"play_id":"7cf4b703-41de-4039-a06d-0ffe7a8b4394","local_time":"20190722171755","is_ascension_mode":true,"campfire_choices":[{"floor":7,"key":"REST"},{"floor":10,"key":"REST"},{"data":"Neutralize","floor":15,"key":"SMITH"},{"data":"Apotheosis","floor":23,"key":"SMITH"},{"data":"Unload","floor":25,"key":"SMITH"},{"data":"Unload","floor":28,"key":"SMITH"},{"data":"Acrobatics","floor":32,"key":"SMITH"}],"neow_cost":"NONE","seed_source_timestamp":273059466730600,"circlet_count":0,"master_deck":["Defend_G","Defend_G","Defend_G","Defend_G","Survivor","Neutralize+1","Unload+1","Skewer","Sucker Punch","Blur","Predator","Backflip","Unload+1","Prepared+1","Bite","Bite","Bite","Bite","Bite","Heel Hook","Apotheosis+1","Footwork","Ghostly","Ghostly","Ghostly","Ghostly","Ghostly","Acrobatics+1","Catalyst+1"],"relics":["Ring of the Snake","Golden Idol","Lantern","Vajra","Omamori","Sozu","Happy Flower"],"potions_floor_usage":[6,16,16,33,33],"damage_taken":[{"damage":3,"enemies":"2 Louse","floor":1,"turns":3},{"damage":2,"enemies":"Jaw Worm","floor":4,"turns":5},{"damage":1,"enemies":"Small Slimes","floor":5,"turns":3},{"damage":22,"enemies":"Gremlin Nob","floor":6,"turns":5},{"damage":17,"enemies":"Lagavulin","floor":11,"turns":6},{"damage":0,"enemies":"Looter","floor":12,"turns":2},{"damage":7,"enemies":"3 Louse","floor":13,"turns":3},{"damage":0,"enemies":"2 Fungi Beasts","floor":14,"turns":2},{"damage":17,"enemies":"The Guardian","floor":16,"turns":17},{"damage":4,"enemies":"3 Byrds","floor":18,"turns":6},{"damage":11,"enemies":"2 Thieves","floor":20,"turns":4},{"damage":19,"enemies":"Cultist and Chosen","floor":21,"turns":7},{"damage":18,"enemies":"Snake Plant","floor":29,"turns":4},{"damage":3,"enemies":"Snecko","floor":31,"turns":6},{"damage":35,"enemies":"Champ","floor":33,"turns":10}],"seed_played":"7883474187307613271","potions_obtained":[{"floor":1,"key":"Dexterity Potion"},{"floor":5,"key":"Poison Potion"},{"floor":12,"key":"GamblersBrew"},{"floor":13,"key":"SpeedPotion"},{"floor":16,"key":"Strength Potion"}],"is_trial":false,"path_per_floor":["M","$","?","M","M","E","R","?","T","R","E","M","M","M","R","B",null,"M","?","M","M","$","R","?","R","T","?","R","M","?","M","R","B"],"character_chosen":"THE_SILENT","items_purchased":["Apotheosis","Footwork"],"campfire_rested":2,"item_purchase_floors":[22,22],"current_hp_per_floor":[60,60,43,41,40,18,39,39,39,60,43,43,36,36,36,19,57,53,49,46,35,35,35,24,24,24,24,24,9,9,23,23,0],"gold":66,"neow_bonus":"ONE_RANDOM_RARE_CARD","is_prod":false,"is_daily":false,"chose_seed":false,"campfire_upgraded":5,"win_rate":0,"timestamp":1563783475,"path_taken":["M","$","?","M","M","E","R","?","T","R","E","M","M","M","R","BOSS","M","?","M","M","$","R","?","R","T","?","R","M","?","M","R","BOSS"],"build_version":"2019-07-17","purchased_purges":2,"victory":false,"max_hp_per_floor":[70,70,70,70,70,70,70,70,70,70,70,70,70,70,70,70,70,70,49,49,49,49,49,24,24,24,24,24,24,24,24,24,24],"card_choices":[{"not_picked":["Poisoned Stab","Deflect"],"picked":"Skewer","floor":1},{"not_picked":["Bane","Deflect"],"picked":"Sucker Punch","floor":4},{"not_picked":["Deflect","Eviscerate"],"picked":"Blur","floor":5},{"not_picked":["PiercingWail","Bane"],"picked":"Predator","floor":6},{"not_picked":["Accuracy","PiercingWail","Prepared"],"picked":"SKIP","floor":11},{"not_picked":["Flechettes","Prepared","Dodge and Roll"],"picked":"SKIP","floor":12},{"not_picked":["Deflect","Expertise","Bane"],"picked":"SKIP","floor":13},{"not_picked":["A Thousand Cuts","Caltrops"],"picked":"Backflip","floor":14},{"not_picked":["A Thousand Cuts","Wraith Form v2"],"picked":"Unload","floor":16},{"not_picked":["Quick Slash","Dagger Spray"],"picked":"Prepared+1","floor":18},{"not_picked":["Underhanded Strike","Endless Agony+1"],"picked":"Heel Hook","floor":20},{"not_picked":["Slice","Underhanded Strike","Finisher"],"picked":"SKIP","floor":21},{"not_picked":["Flying Knee","Escape Plan"],"picked":"Acrobatics","floor":29},{"not_picked":["Backflip","Heel Hook"],"picked":"Catalyst+1","floor":31}],"player_experience":396831,"relics_obtained":[{"floor":6,"key":"Lantern"},{"floor":9,"key":"Vajra"},{"floor":11,"key":"Omamori"}],"event_choices":[{"damage_healed":0,"gold_gain":0,"player_choice":"Take Damage","damage_taken":17,"relics_obtained":["Golden Idol"],"max_hp_gain":0,"max_hp_loss":0,"event_name":"Golden Idol","floor":3,"gold_loss":0},{"cards_removed":["Strike_G"],"damage_healed":0,"gold_gain":0,"player_choice":"Card Removal","damage_taken":0,"max_hp_gain":0,"max_hp_loss":0,"event_name":"The Cleric","floor":8,"gold_loss":50},{"damage_healed":0,"gold_gain":0,"player_choice":"Became a vampire","damage_taken":0,"max_hp_gain":0,"max_hp_loss":21,"event_name":"Vampires","floor":19,"gold_loss":0,"cards_obtained":["Bite","Bite","Bite","Bite","Bite"]},{"damage_healed":0,"gold_gain":0,"player_choice":"Became a Ghost","damage_taken":0,"max_hp_gain":0,"max_hp_loss":25,"event_name":"Ghosts","floor":24,"gold_loss":0,"cards_obtained":["Ghostly","Ghostly","Ghostly","Ghostly","Ghostly"]},{"damage_healed":0,"gold_gain":0,"player_choice":"Ignored","damage_taken":0,"max_hp_gain":0,"max_hp_loss":0,"event_name":"The Mausoleum","floor":27,"gold_loss":0},{"damage_healed":0,"gold_gain":0,"player_choice":"Stole Relic","damage_taken":0,"relics_obtained":["Happy Flower"],"max_hp_gain":0,"max_hp_loss":0,"event_name":"Addict","floor":30,"gold_loss":0,"cards_obtained":["Shame"]}],"is_beta":false,"boss_relics":[{"not_picked":["Snecko Eye","Lizard Tail"],"picked":"Sozu"}],"items_purged_floors":[2,22],"is_endless":false,"potions_floor_spawned":[1,5,12,13,16,20],"killed_by":"Champ","ascension_level":7}