{"gold_per_floor":[110,123,133,150,161,161,194,194,270,287,319,337,370,320,320,417,417,428,444,369,380,399,433,433,433],"floor_reached":25,"playtime":1697,"items_purged":[],"score":259,"play_id":"7de6096d-9cc4-41bc-9891-06797b88ddad","local_time":"20181111222114","is_ascension_mode":true,"campfire_choices":[{"data":"Zap","floor":6,"key":"SMITH"},{"floor":8,"key":"REST"},{"data":"Creative AI","floor":15,"key":"SMITH"},{"data":"Dualcast","floor":24,"key":"SMITH"}],"neow_cost":"NONE","seed_source_timestamp":105122857854000,"circlet_count":0,"master_deck":["Strike_B","Strike_B+1","Defend_B","Defend_B","Defend_B","Defend_B","Zap+1","Dualcast+1","Ball Lightning+1","Beam Cell","Ball Lightning","Lockon","Defragment","All For One","FTL","Creative AI+1","Steam","Double Energy","Electrodynamics","Double Energy+1","Stack","Glacier","Steam+1","Hello World"],"relics":["Black Star","Blue Candle","Meat on the Bone","Shuriken","Bird Faced Urn","Mango","Juzu Bracelet","Whetstone","Inserter","Potion Belt","Regal Pillow"],"potions_floor_usage":[4,11,13,19,22],"damage_taken":[{"damage":1,"enemies":"Cultist","floor":1,"turns":3},{"damage":2,"enemies":"2 Louse","floor":2,"turns":3},{"damage":0,"enemies":"Small Slimes","floor":3,"turns":3},{"damage":15,"enemies":"Exordium Wildlife","floor":4,"turns":4},{"damage":16,"enemies":"Lots of Slimes","floor":5,"turns":3},{"damage":24,"enemies":"Gremlin Nob","floor":7,"turns":4},{"damage":8,"enemies":"Red Slaver","floor":10,"turns":2},{"damage":8,"enemies":"Lagavulin","floor":11,"turns":4},{"damage":3,"enemies":"3 Louse","floor":12,"turns":3},{"damage":8,"enemies":"Gremlin Nob","floor":13,"turns":3},{"damage":34,"enemies":"Hexaghost","floor":16,"turns":9},{"damage":5,"enemies":"Chosen","floor":18,"turns":4},{"damage":22,"enemies":"3 Byrds","floor":19,"turns":4},{"damage":15,"enemies":"Snake Plant","floor":21,"turns":4},{"damage":15,"enemies":"Centurion and Healer","floor":22,"turns":8},{"damage":11,"enemies":"Gremlin Leader","floor":23,"turns":8},{"damage":68,"enemies":"Slavers","floor":25,"turns":4}],"seed_played":"8751029548051276606","potions_obtained":[{"floor":2,"key":"SkillPotion"},{"floor":7,"key":"Energy Potion"},{"floor":12,"key":"FearPotion"},{"floor":16,"key":"Swift Potion"},{"floor":21,"key":"SkillPotion"},{"floor":22,"key":"Strength Potion"}],"is_trial":false,"path_per_floor":["M","M","M","M","M","R","E","R","T","M","E","M","E","?","R","B",null,"M","M","?","M","M","E","R","E"],"character_chosen":"DEFECT","items_purchased":[],"campfire_rested":1,"item_purchase_floors":[],"current_hp_per_floor":[74,72,72,57,41,41,17,39,39,43,61,58,52,52,52,50,89,86,68,68,65,64,63,63,0],"gold":433,"neow_bonus":"BOSS_RELIC","is_prod":false,"is_daily":false,"chose_seed":false,"campfire_upgraded":3,"win_rate":0,"timestamp":1541942474,"path_taken":["M","M","?","M","M","R","E","R","T","M","E","?","E","?","R","BOSS","M","M","?","M","M","E","R","E"],"build_version":"2018-11-08","purchased_purges":0,"victory":false,"max_hp_per_floor":[75,75,75,75,75,75,75,75,75,75,89,89,89,89,89,89,89,89,89,89,89,89,89,89,89],"card_choices":[{"not_picked":["Leap","Glacier"],"picked":"Ball Lightning","floor":1},{"not_picked":["Gash","Compile Driver"],"picked":"Beam Cell","floor":2},{"not_picked":["Blizzard","Redo"],"picked":"Ball Lightning","floor":3},{"not_picked":["Coolheaded","Cold Snap"],"picked":"Lockon","floor":4},{"not_picked":["Streamline","BootSequence"],"picked":"Defragment","floor":5},{"not_picked":["Gash","Blizzard"],"picked":"All For One","floor":7},{"not_picked":["Double Energy","Ball Lightning"],"picked":"FTL","floor":10},{"not_picked":["Beam Cell","Chill"],"picked":"Creative AI","floor":11},{"not_picked":["Rebound","Redo"],"picked":"Steam","floor":12},{"not_picked":["Leap","Capacitor"],"picked":"Double Energy","floor":13},{"not_picked":["Creative AI","Amplify"],"picked":"Electrodynamics","floor":16},{"not_picked":["White Noise+1","Redo+1"],"picked":"Double Energy+1","floor":18},{"not_picked":["Rebound","Doom and Gloom"],"picked":"Stack","floor":19},{"not_picked":["Streamline","Barrage"],"picked":"Glacier","floor":21},{"not_picked":["Doom and Gloom","Core Surge"],"picked":"Steam+1","floor":22},{"not_picked":["Fusion","Defragment"],"picked":"Hello World","floor":23}],"player_experience":415877,"relics_obtained":[{"floor":7,"key":"Blue Candle"},{"floor":7,"key":"Meat on the Bone"},{"floor":9,"key":"Shuriken"},{"floor":11,"key":"Bird Faced Urn"},{"floor":11,"key":"Mango"},{"floor":13,"key":"Juzu Bracelet"},{"floor":13,"key":"Whetstone"},{"floor":23,"key":"Potion Belt"},{"floor":23,"key":"Regal Pillow"}],"event_choices":[{"cards_removed":["Strike_B"],"damage_healed":0,"gold_gain":0,"player_choice":"Card Removal","damage_taken":0,"max_hp_gain":0,"max_hp_loss":0,"event_name":"The Cleric","floor":14,"gold_loss":50},{"cards_removed":["Strike_B"],"damage_healed":0,"gold_gain":0,"player_choice":"Gave Gold","damage_taken":0,"max_hp_gain":0,"max_hp_loss":0,"event_name":"Beggar","floor":20,"gold_loss":75}],"is_beta":false,"boss_relics":[{"not_picked":["Tiny House","Ectoplasm"],"picked":"Inserter"}],"items_purged_floors":[],"is_endless":false,"potions_floor_spawned":[2,7,12,16,21,22],"killed_by":"Slavers","ascension_level":1}