{"gold_per_floor":[117,292,308,139,139,164,177,177,177,177,193,41,70,87,87,187,187,207,1,1,1,18,18,37,37,86,39,53,68,68,68,68,68],"floor_reached":33,"playtime":1367,"items_purged":["Doubt"],"score":434,"play_id":"4acef416-f60a-43dc-81f6-a2768708bc51","local_time":"20190728233132","is_ascension_mode":true,"campfire_choices":[{"floor":10,"key":"REST"},{"data":"Neutralize","floor":15,"key":"SMITH"},{"floor":23,"key":"REST"},{"floor":30,"key":"REST"},{"floor":32,"key":"REST"}],"neow_cost":"NONE","seed_source_timestamp":253784975863900,"circlet_count":0,"master_deck":["AscendersBane","Strike_G","Strike_G","Strike_G","Strike_G","Defend_G","Defend_G","Defend_G","Defend_G","Defend_G","Survivor","Neutralize+1","Flying Knee","Catalyst","Dagger Throw","Caltrops","Noxious Fumes","PiercingWail","Riddle With Holes+1","Calculated Gamble","Cloak And Dagger","Unload+1","Dagger Spray+1","Catalyst","Flying Knee+1","Predator+1","Die Die Die+1","Pain"],"relics":["Ring of the Snake","NeowsBlessing","Ninja Scroll","Oddly Smooth Stone","Molten Egg 2","PreservedInsect","Bottled Lightning","WristBlade","TwistedFunnel","Centennial Puzzle","WarpedTongs"],"potions_floor_usage":[13,18,28,29,29],"damage_taken":[{"damage":0,"enemies":"Jaw Worm","floor":1,"turns":1},{"damage":0,"enemies":"2 Louse","floor":3,"turns":1},{"damage":0,"enemies":"Gremlin Nob","floor":6,"turns":1},{"damage":0,"enemies":"Cultist","floor":7,"turns":3},{"damage":0,"enemies":"Blue Slaver","floor":11,"turns":3},{"damage":10,"enemies":"3 Sentries","floor":13,"turns":5},{"damage":14,"enemies":"Exordium Wildlife","floor":14,"turns":4},{"damage":14,"enemies":"The Guardian","floor":16,"turns":11},{"damage":19,"enemies":"Shell Parasite","floor":18,"turns":5},{"damage":0,"enemies":"3 Byrds","floor":22,"turns":5},{"damage":21,"enemies":"Cultist and Chosen","floor":24,"turns":6},{"damage":15,"enemies":"Snake Plant","floor":28,"turns":3},{"damage":7,"enemies":"Snecko","floor":29,"turns":4},{"damage":55,"enemies":"Automaton","floor":33,"turns":6}],"seed_played":"-2928767840713781221","potions_obtained":[{"floor":7,"key":"GhostInAJar"},{"floor":11,"key":"Energy Potion"},{"floor":16,"key":"PowerPotion"},{"floor":24,"key":"Strength Potion"},{"floor":28,"key":"Weak Potion"}],"is_trial":false,"path_per_floor":["M","?","M","$","?","E","M","?","T","R","M","$","E","M","R","B",null,"M","$","?","$","M","R","M","?","T","$","M","M","R","?","R","B"],"character_chosen":"THE_SILENT","items_purchased":["Dagger Throw","Caltrops","PreservedInsect","TwistedFunnel","Flying Knee+1"],"campfire_rested":4,"item_purchase_floors":[4,4,12,19,27],"current_hp_per_floor":[63,63,63,63,56,56,56,38,38,59,59,59,49,35,35,21,58,39,39,39,39,39,60,39,26,26,26,11,4,26,26,48,0],"gold":68,"neow_bonus":"THREE_ENEMY_KILL","is_prod":false,"is_daily":false,"chose_seed":false,"campfire_upgraded":1,"win_rate":0,"timestamp":1564324292,"path_taken":["M","?","M","$","?","E","M","?","T","R","M","$","E","M","R","BOSS","M","$","?","?","M","R","M","?","T","?","M","?","R","?","R","BOSS"],"build_version":"2019-07-17","purchased_purges":1,"victory":false,"max_hp_per_floor":[70,70,70,70,70,70,70,70,70,70,70,70,70,70,70,70,70,70,70,70,70,70,70,70,75,75,75,75,75,75,75,75,75],"card_choices":[{"not_picked":["Tactician","Blade Dance"],"picked":"Flying Knee","floor":1},{"not_picked":["Slice","Deadly Poison"],"picked":"Catalyst","floor":3},{"not_picked":["Slice","Deflect"],"picked":"Noxious Fumes","floor":6},{"not_picked":["Blade Dance","Sucker Punch"],"picked":"PiercingWail","floor":7},{"not_picked":["Backflip","Bane+1"],"picked":"Riddle With Holes+1","floor":11},{"not_picked":["Expertise","A Thousand Cuts"],"picked":"Calculated Gamble","floor":13},{"not_picked":["Infinite Blades","Deflect"],"picked":"Cloak And Dagger","floor":14},{"not_picked":["Phantasmal Killer","Envenom"],"picked":"Unload+1","floor":16},{"not_picked":["Acrobatics","Setup","Deflect"],"picked":"SKIP","floor":18},{"not_picked":["Backflip","Blade Dance"],"picked":"Dagger Spray+1","floor":22},{"not_picked":["Sucker Punch+1","Dagger Throw+1"],"picked":"Catalyst","floor":24},{"not_picked":["Prepared","Poisoned Stab+1"],"picked":"Predator+1","floor":28},{"not_picked":["Setup","Dagger Spray+1"],"picked":"Die Die Die+1","floor":29}],"player_experience":497617,"relics_obtained":[{"floor":6,"key":"Ninja Scroll"},{"floor":9,"key":"Molten Egg 2"},{"floor":13,"key":"Bottled Lightning"},{"floor":26,"key":"Centennial Puzzle"}],"event_choices":[{"damage_healed":0,"gold_gain":175,"player_choice":"AGREE","damage_taken":0,"max_hp_gain":0,"max_hp_loss":0,"event_name":"Liars Game","floor":2,"gold_loss":0,"cards_obtained":["Doubt"]},{"cards_removed":["Strike_G"],"damage_healed":0,"gold_gain":0,"player_choice":"Card Removal","damage_taken":7,"max_hp_gain":0,"max_hp_loss":0,"event_name":"Golden Wing","floor":5,"gold_loss":0},{"damage_healed":0,"gold_gain":0,"player_choice":"Success","damage_taken":18,"relics_obtained":["Oddly Smooth Stone"],"max_hp_gain":0,"max_hp_loss":0,"event_name":"Scrap Ooze","floor":8,"gold_loss":0},{"damage_healed":0,"gold_gain":0,"player_choice":"Ignored","damage_taken":0,"max_hp_gain":0,"max_hp_loss":0,"event_name":"N\u0027loth","floor":20,"gold_loss":0},{"damage_healed":0,"gold_gain":0,"player_choice":"Shed Blood","damage_taken":18,"max_hp_gain":5,"max_hp_loss":0,"event_name":"Forgotten Altar","floor":25,"gold_loss":0},{"damage_healed":0,"gold_gain":0,"player_choice":"Rummage","damage_taken":0,"relics_obtained":["WarpedTongs"],"max_hp_gain":0,"max_hp_loss":0,"event_name":"Accursed Blacksmith","floor":31,"gold_loss":0,"cards_obtained":["Pain"]}],"is_beta":false,"boss_relics":[{"not_picked":["Snecko Eye","Lizard Tail"],"picked":"WristBlade"}],"items_purged_floors":[4],"is_endless":false,"potions_floor_spawned":[7,11,16,24,28],"killed_by":"Automaton","ascension_level":11}