{"gold_per_floor":[117,137,153,166,5,5,31,46,46,59,59,78,92,102,102,176,176,186,56,56,56,56,69,69,84,84,99,99,113,130,165,165,243,243,253,264,264,277,288,288,288,305,305,318,329,329,14,27,27,27],"floor_reached":51,"playtime":4038,"items_purged":["Strike_G"],"score":1264,"play_id":"429e2dfe-ba46-4875-ae8b-0d6b7663a80a","local_time":"20190805011905","is_ascension_mode":true,"campfire_choices":[{"data":"Neutralize","floor":6,"key":"SMITH"},{"data":"Dash","floor":11,"key":"SMITH"},{"floor":15,"key":"REST"},{"data":"Noxious Fumes","floor":24,"key":"SMITH"},{"floor":28,"key":"REST"},{"floor":32,"key":"REST"},{"floor":40,"key":"REST"},{"floor":46,"key":"REST"},{"floor":49,"key":"REST"}],"neow_cost":"NONE","seed_source_timestamp":169285603019300,"circlet_count":0,"master_deck":["AscendersBane","Strike_G+1","Strike_G+1","Strike_G+1","Strike_G+1","Defend_G+1","Defend_G+1","Defend_G+1","Defend_G+1","Defend_G+1","Survivor","Neutralize+1","Dash+1","Flying Knee","Calculated Gamble","Well Laid Plans","Footwork","Escape Plan","PiercingWail","Venomology","Acrobatics","Noxious Fumes+1","Expertise","Deflect+1","Heel Hook","Sucker Punch","Corpse Explosion","Deadly Poison+1","After Image","Parasite","Doppelganger","Footwork","Footwork+1"],"relics":["Ring of the Snake","Happy Flower","Bottled Flame","Regal Pillow","Philosopher\u0027s Stone","Mummified Hand","Strawberry","Fusion Hammer","Ancient Tea Set","Chemical X"],"potions_floor_usage":[7,7,14,16,16,16,16,22,22,25,29,31,31,31,33,36,38,38,39,42,44,45,48,48,50,50,50],"damage_taken":[{"damage":12,"enemies":"Cultist","floor":1,"turns":5},{"damage":0,"enemies":"Small Slimes","floor":2,"turns":5},{"damage":0,"enemies":"Jaw Worm","floor":3,"turns":4},{"damage":0,"enemies":"Red Slaver","floor":4,"turns":3},{"damage":12,"enemies":"Lagavulin","floor":7,"turns":5},{"damage":6,"enemies":"Lots of Slimes","floor":8,"turns":5},{"damage":4,"enemies":"Large Slime","floor":10,"turns":6},{"damage":1,"enemies":"Exordium Wildlife","floor":12,"turns":7},{"damage":1,"enemies":"3 Louse","floor":13,"turns":5},{"damage":2,"enemies":"Large Slime","floor":14,"turns":6},{"damage":49,"enemies":"Slime Boss","floor":16,"turns":15},{"damage":20,"enemies":"Shell Parasite","floor":18,"turns":8},{"damage":0,"enemies":"3 Byrds","floor":22,"turns":2},{"damage":1,"enemies":"Snake Plant","floor":23,"turns":6},{"damage":8,"enemies":"Centurion and Healer","floor":25,"turns":7},{"damage":0,"enemies":"Sentry and Sphere","floor":27,"turns":8},{"damage":14,"enemies":"Chosen and Byrds","floor":29,"turns":8},{"damage":10,"enemies":"Snake Plant","floor":30,"turns":7},{"damage":0,"enemies":"Slavers","floor":31,"turns":8},{"damage":13,"enemies":"Automaton","floor":33,"turns":13},{"damage":18,"enemies":"3 Shapes","floor":35,"turns":3},{"damage":0,"enemies":"Orb Walker","floor":36,"turns":3},{"damage":9,"enemies":"Jaw Worm Horde","floor":38,"turns":2},{"damage":26,"enemies":"Spire Growth","floor":39,"turns":5},{"damage":2,"enemies":"Writhing Mass","floor":42,"turns":7},{"damage":3,"enemies":"Jaw Worm Horde","floor":44,"turns":2},{"damage":25,"enemies":"3 Darklings","floor":45,"turns":3},{"damage":26,"enemies":"Maw","floor":48,"turns":8},{"damage":21,"enemies":"Donu and Deca","floor":50,"turns":7}],"seed_played":"-5926178370427355487","potions_obtained":[{"floor":1,"key":"FearPotion"},{"floor":2,"key":"Regen Potion"},{"floor":7,"key":"Strength Potion"},{"floor":12,"key":"EssenceOfSteel"},{"floor":33,"key":"FearPotion"},{"floor":36,"key":"LiquidBronze"},{"floor":39,"key":"Dexterity Potion"},{"floor":48,"key":"Weak Potion"}],"is_trial":false,"path_per_floor":["M","M","M","M","$","R","E","M","T","M","R","M","M","M","R","B",null,"M","$","?","?","M","M","R","M","T","M","R","M","M","E","R","B",null,"M","M","?","M","M","R","?","M","T","M","M","R","$","M","R","B",null],"character_chosen":"THE_SILENT","items_purchased":["Well Laid Plans","Noxious Fumes","Expertise","Footwork","Chemical X"],"campfire_rested":6,"item_purchase_floors":[5,19,19,47,47],"current_hp_per_floor":[47,47,47,47,47,47,49,43,43,39,39,38,37,35,66,17,54,34,34,34,34,34,33,33,25,25,25,59,45,35,42,73,60,70,52,52,52,43,17,53,53,51,51,48,23,59,59,33,69,48],"gold":27,"neow_bonus":"RANDOM_COMMON_RELIC","is_prod":false,"is_daily":false,"chose_seed":false,"campfire_upgraded":3,"win_rate":0,"timestamp":1564935545,"path_taken":["M","M","?","?","$","R","E","M","T","M","R","M","M","M","R","BOSS","M","$","?","?","M","M","R","M","T","M","R","M","M","E","R","BOSS","M","M","?","M","M","R","?","?","T","M","?","R","$","M","R","BOSS"],"build_version":"2019-07-17","purchased_purges":1,"victory":true,"max_hp_per_floor":[66,66,66,66,66,66,66,66,66,66,66,66,66,66,66,66,66,66,66,66,66,66,66,66,66,66,66,66,66,66,73,73,73,73,73,73,73,73,73,73,73,73,73,73,73,73,73,73,73,73],"card_choices":[{"not_picked":["Eviscerate","Blade Dance","Underhanded Strike"],"picked":"SKIP","floor":1},{"not_picked":["Prepared","Deadly Poison"],"picked":"Dash","floor":2},{"not_picked":["Blade Dance","Cloak And Dagger"],"picked":"Flying Knee","floor":3},{"not_picked":["Eviscerate","Flying Knee"],"picked":"Calculated Gamble","floor":4},{"not_picked":["Deflect","Infinite Blades","Outmaneuver"],"picked":"SKIP","floor":7},{"not_picked":["Escape Plan","Finisher"],"picked":"Footwork","floor":8},{"not_picked":["Riddle With Holes","Bane"],"picked":"Escape Plan","floor":10},{"not_picked":["Calculated Gamble","Tactician"],"picked":"PiercingWail","floor":12},{"not_picked":["Riddle With Holes","Outmaneuver","Flechettes"],"picked":"SKIP","floor":13},{"not_picked":["PiercingWail","Quick Slash"],"picked":"Venomology","floor":14},{"not_picked":["A Thousand Cuts","Wraith Form v2"],"picked":"Glass Knife","floor":16},{"not_picked":["Cloak And Dagger","Bane"],"picked":"Acrobatics","floor":18},{"not_picked":["Poisoned Stab","Endless Agony","Bane"],"picked":"SKIP","floor":23},{"not_picked":["Well Laid Plans","Corpse Explosion"],"picked":"Deflect+1","floor":25},{"not_picked":["Deflect","Blade Dance"],"picked":"Heel Hook","floor":27},{"not_picked":["Masterful Stab","Bane"],"picked":"Sucker Punch","floor":29},{"not_picked":["Riddle With Holes","Dodge and Roll","Concentrate"],"picked":"SKIP","floor":30},{"not_picked":["Dash","PiercingWail","Deflect"],"picked":"SKIP","floor":31},{"not_picked":["Venomology","Wraith Form v2"],"picked":"Corpse Explosion","floor":33},{"not_picked":["Crippling Poison+1","Reflex"],"picked":"Deadly Poison+1","floor":35},{"not_picked":["Tactician","Leg Sweep","Underhanded Strike"],"picked":"SKIP","floor":36},{"not_picked":["Outmaneuver","All Out Attack","Dagger Throw"],"picked":"SKIP","floor":38},{"not_picked":["Quick Slash","Eviscerate","Deadly Poison"],"picked":"SKIP","floor":39},{"not_picked":["Cloak And Dagger","Reflex","Poisoned Stab"],"picked":"SKIP","floor":42},{"not_picked":["Masterful Stab","Tactician","Sucker Punch"],"picked":"SKIP","floor":44},{"not_picked":["Masterful Stab+1","Slice"],"picked":"Doppelganger","floor":45},{"not_picked":["Cloak And Dagger","Heel Hook+1"],"picked":"Footwork+1","floor":48}],"player_experience":574756,"relics_obtained":[{"floor":7,"key":"Bottled Flame"},{"floor":9,"key":"Regal Pillow"},{"floor":26,"key":"Mummified Hand"},{"floor":31,"key":"Strawberry"},{"floor":43,"key":"Ancient Tea Set"}],"event_choices":[{"damage_healed":0,"gold_gain":0,"player_choice":"Simplicity","damage_taken":0,"max_hp_gain":0,"max_hp_loss":0,"event_name":"Back to Basics","floor":20,"gold_loss":0,"cards_upgraded":["Strike_G","Strike_G","Strike_G","Strike_G","Defend_G","Defend_G","Defend_G","Defend_G","Defend_G"]},{"damage_healed":0,"gold_gain":0,"player_choice":"Ignored","damage_taken":0,"max_hp_gain":0,"max_hp_loss":0,"event_name":"Cursed Tome","floor":21,"gold_loss":0},{"damage_healed":0,"gold_gain":0,"player_choice":"Ignored","damage_taken":0,"max_hp_gain":0,"max_hp_loss":0,"event_name":"Mysterious Sphere","floor":37,"gold_loss":0},{"damage_healed":0,"gold_gain":0,"cards_transformed":["Glass Knife"],"player_choice":"Transformed","damage_taken":0,"max_hp_gain":0,"max_hp_loss":0,"event_name":"Transmorgrifier","floor":41,"gold_loss":0,"cards_obtained":["After Image"]}],"is_beta":false,"boss_relics":[{"not_picked":["Velvet Choker","HoveringKite"],"picked":"Philosopher\u0027s Stone"},{"not_picked":["Tiny House","Sozu"],"picked":"Fusion Hammer"}],"items_purged_floors":[5],"is_endless":false,"potions_floor_spawned":[1,2,4,7,12,22,27,30,33,36,39,44,48],"ascension_level":17}