{"gold_per_floor":[16,16,16,28,39,74,52,81,131,157,13,13,13,88,88,190,190,209,229,243,257,272,272,372,372,372,372,383,414,431,117,117,215,215,227,240,340,359,359,359,388,28,82,109,109,109,109,127,127,127,127,127,23,57,57],"floor_reached":55,"playtime":5100,"items_purged":["Defend_B","Strike_B"],"score":955,"play_id":"485259a3-6cc8-417b-ba46-a9113378fc38","local_time":"20181206192347","is_ascension_mode":true,"campfire_choices":[{"data":"Zap","floor":12.0,"key":"SMITH"},{"floor":15.0,"key":"REST"},{"floor":23.0,"key":"REST"},{"floor":25.0,"key":"REST"},{"floor":32.0,"key":"REST"},{"floor":40.0,"key":"RECALL"},{"data":"Seek","floor":45.0,"key":"SMITH"},{"floor":47.0,"key":"REST"},{"data":"Capacitor","floor":49.0,"key":"SMITH"},{"data":"Barrage","floor":52.0,"key":"SMITH"}],"neow_cost":"NO_GOLD","seed_source_timestamp":291179525153000,"circlet_count":0,"master_deck":["Strike_B","Strike_B","Strike_B","Defend_B","Defend_B","Defend_B","Zap+1","Dualcast","Undo","Sweeping Beam","Capacitor+1","Conserve Battery","Electrodynamics","Leap","Seek+1","Storm+1","Redo","Hologram+1","Stack","Reprogram","Sweeping Beam+1","Steam","Hologram","Reinforced Body","Echo Form","Auto Shields+1","Skim+1","Recycle+1","Tempest+1","Reinforced Body+1","Clumsy","Barrage+1","Parasite","Aggregate","Hello World","Hologram","Turbo+1"],"special_seed":0,"relics":["Cracked Core","Meat on the Bone","Centennial Puzzle","StoneCalendar","Odd Mushroom","DataDisk","Nuclear Battery","Du-Vu Doll","Darkstone Periapt","Kunai","Enchiridion","Pantograph","Sling","Cursed Key","Turnip","Boot","Blue Candle","Tiny Chest","Mercury Hourglass","Dream Catcher"],"potions_floor_usage":[55,55,55],"damage_taken":[{"damage":6.0,"enemies":"2 Louse","floor":1.0,"turns":2.0},{"damage":1.0,"enemies":"Cultist","floor":4.0,"turns":3.0},{"damage":7.0,"enemies":"Small Slimes","floor":5.0,"turns":3.0},{"damage":36.0,"enemies":"Gremlin Nob","floor":6.0,"turns":5.0},{"damage":21.0,"enemies":"Lagavulin","floor":8.0,"turns":7.0},{"damage":2.0,"enemies":"The Mushroom Lair","floor":10.0,"turns":4.0},{"damage":10.0,"enemies":"The Guardian","floor":16.0,"turns":10.0},{"damage":4.0,"enemies":"Shell Parasite","floor":18.0,"turns":6.0},{"damage":2.0,"enemies":"Spheric Guardian","floor":19.0,"turns":3.0},{"damage":20.0,"enemies":"Shelled Parasite and Fungi","floor":20.0,"turns":5.0},{"damage":24.0,"enemies":"Snake Plant","floor":21.0,"turns":2.0},{"damage":3.0,"enemies":"Centurion and Healer","floor":22.0,"turns":3.0},{"damage":10.0,"enemies":"Colosseum Slavers","floor":24.0,"turns":3.0},{"damage":29.0,"enemies":"Colosseum Nobs","floor":24.0,"turns":4.0},{"damage":10.0,"enemies":"Shelled Parasite and Fungi","floor":28.0,"turns":4.0},{"damage":33.0,"enemies":"Gremlin Leader","floor":29.0,"turns":5.0},{"damage":4.0,"enemies":"Snake Plant","floor":30.0,"turns":4.0},{"damage":21.0,"enemies":"Collector","floor":33.0,"turns":9.0},{"damage":18.0,"enemies":"3 Darklings","floor":35.0,"turns":2.0},{"damage":8.0,"enemies":"3 Shapes","floor":36.0,"turns":2.0},{"damage":0.0,"enemies":"Mind Bloom Boss Battle","floor":37.0,"turns":5.0},{"damage":7.0,"enemies":"3 Darklings","floor":38.0,"turns":3.0},{"damage":4.0,"enemies":"Reptomancer","floor":41.0,"turns":5.0},{"damage":38.0,"enemies":"Nemesis","floor":44.0,"turns":7.0},{"damage":25.0,"enemies":"Writhing Mass","floor":48.0,"turns":4.0},{"damage":73.0,"enemies":"Time Eater","floor":50.0,"turns":14.0},{"damage":87.0,"enemies":"Shield and Spear","floor":54.0,"turns":8.0},{"damage":84,"enemies":"The Heart","floor":55,"turns":6}],"seed_played":"6473738834559188255","potions_obtained":[{"floor":4.0,"key":"Weak Potion"},{"floor":8.0,"key":"Fire Potion"},{"floor":16.0,"key":"Fire Potion"},{"floor":18.0,"key":"Dexterity Potion"},{"floor":21.0,"key":"Weak Potion"},{"floor":24.0,"key":"Ancient Potion"},{"floor":28.0,"key":"EssenceOfSteel"},{"floor":35.0,"key":"Ancient Potion"},{"floor":41.0,"key":"GamblersBrew"},{"floor":54.0,"key":"Poison Potion"}],"is_trial":false,"path_per_floor":["M","?","?","M","M","E","$","E","T","?","$","R","$","?","R","B",null,"M","M","M","M","M","R","?","R","T","?","M","E","M","$","R","B",null,"M","M","?","M","?","R","E","$","T","E","R","?","R","M","R","B",null,"R","$","E","B"],"character_chosen":"DEFECT","items_purchased":["Conserve Battery","DataDisk","Sling","Reinforced Body","Blue Candle","Hello World","Hologram"],"campfire_rested":5,"item_purchase_floors":[7,11,31,31,42,53,53],"current_hp_per_floor":[83,83,83,82,75,51,51,42,42,52,52,52,52,41,67,57,89,85,83,63,51,48,74,47,73,73,57,47,26,34,34,60,64,89,71,63,88,81,81,81,77,77,83,57,57,57,85,66,66,30,101,101,101,26,0],"gold":57,"neow_bonus":"TWENTY_PERCENT_HP_BONUS","is_prod":false,"is_daily":false,"chose_seed":false,"campfire_upgraded":4,"win_rate":0,"timestamp":1544091827,"path_taken":["M","?","?","?","M","E","$","E","T","?","?","R","$","?","R","BOSS","M","M","M","M","M","R","?","R","T","?","M","E","M","$","R","BOSS","M","M","?","M","?","R","E","$","T","E","R","?","R","M","R","BOSS","R","$","E","BOSS"],"build_version":"2018-11-15","purchased_purges":2,"victory":false,"max_hp_per_floor":[89,89,89,89,89,89,89,89,89,89,89,89,89,89,89,89,89,89,89,89,89,89,89,89,89,89,89,89,89,89,89,89,89,89,89,89,89,89,89,89,89,89,95,95,95,95,95,101,101,101,101,101,101,101,101],"card_choices":[{"not_picked":["Glacier","Barrage"],"picked":"Steam","floor":1.0},{"not_picked":["Aggregate","Beam Cell"],"picked":"Undo","floor":4.0},{"not_picked":["Barrage","Consume"],"picked":"Sweeping Beam","floor":5.0},{"not_picked":["Rebound","Heatsinks"],"picked":"Capacitor","floor":6.0},{"not_picked":["Genetic Algorithm","Go for the Eyes"],"picked":"Electrodynamics","floor":8.0},{"not_picked":["Compile Driver","Stack"],"picked":"Leap","floor":10.0},{"not_picked":["Buffer","Echo Form"],"picked":"Seek","floor":16.0},{"not_picked":["Streamline","Gash"],"picked":"Storm+1","floor":18.0},{"not_picked":["Static Discharge","Scrape"],"picked":"Redo","floor":19.0},{"not_picked":["Compile Driver","Genetic Algorithm"],"picked":"Hologram+1","floor":20.0},{"not_picked":["Rebound","Stack"],"picked":"Compile Driver+1","floor":21.0},{"not_picked":["Barrage+1","Conserve Battery"],"picked":"Stack","floor":22.0},{"not_picked":["Gash","Biased Cognition"],"picked":"Reprogram","floor":24.0},{"not_picked":["Coolheaded","Conserve Battery"],"picked":"Sweeping Beam+1","floor":28.0},{"not_picked":["Capacitor","Gash"],"picked":"Steam","floor":29.0},{"not_picked":["Self Repair","Streamline"],"picked":"Hologram","floor":30.0},{"not_picked":["Creative AI","Seek"],"picked":"Echo Form","floor":33.0},{"not_picked":["Hologram+1","Capacitor+1"],"picked":"Auto Shields+1","floor":35.0},{"not_picked":["Turbo+1","Redo"],"picked":"Skim+1","floor":36.0},{"not_picked":["Scrape+1","Beam Cell"],"picked":"Recycle+1","floor":37.0},{"not_picked":["Turbo+1","Compile Driver+1"],"picked":"Tempest+1","floor":38.0},{"not_picked":["Storm+1","Hologram"],"picked":"Reinforced Body+1","floor":41.0},{"not_picked":["All For One","Genetic Algorithm"],"picked":"Barrage","floor":44.0},{"not_picked":["Sweeping Beam","Coolheaded+1"],"picked":"Aggregate","floor":48.0},{"not_picked":["Darkness+1","Tempest"],"picked":"Turbo+1","floor":54.0}],"player_experience":642616,"relics_obtained":[{"floor":6.0,"key":"Centennial Puzzle"},{"floor":8.0,"key":"StoneCalendar"},{"floor":10.0,"key":"Odd Mushroom"},{"floor":24.0,"key":"Du-Vu Doll"},{"floor":24.0,"key":"Darkstone Periapt"},{"floor":26.0,"key":"Kunai"},{"floor":27.0,"key":"Enchiridion"},{"floor":29.0,"key":"Pantograph"},{"floor":37.0,"key":"Turnip"},{"floor":41.0,"key":"Boot"},{"floor":43.0,"key":"Tiny Chest"},{"floor":44.0,"key":"Mercury Hourglass"},{"floor":54.0,"key":"Dream Catcher"}],"event_choices":[{"damage_healed":0.0,"max_hp_gain":0.0,"max_hp_loss":0.0,"gold_gain":0.0,"event_name":"The Cleric","player_choice":"Leave","floor":2.0,"gold_loss":0.0,"damage_taken":0.0},{"cards_removed":["Steam"],"damage_healed":0.0,"max_hp_gain":0.0,"max_hp_loss":0.0,"gold_gain":0.0,"event_name":"WeMeetAgain","player_choice":"Gave Card","floor":3.0,"gold_loss":0.0,"damage_taken":0.0,"relics_obtained":["Meat on the Bone"]},{"damage_healed":0.0,"max_hp_gain":0.0,"max_hp_loss":0.0,"gold_gain":0.0,"event_name":"Mushrooms","player_choice":"Fought Mushrooms","floor":10.0,"gold_loss":0.0,"damage_taken":0.0},{"damage_healed":0.0,"max_hp_gain":0.0,"max_hp_loss":0.0,"gold_gain":75.0,"event_name":"World of Goop","player_choice":"Gather Gold","floor":14.0,"gold_loss":0.0,"damage_taken":11.0},{"damage_healed":0.0,"max_hp_gain":0.0,"max_hp_loss":0.0,"gold_gain":0.0,"event_name":"Colosseum","player_choice":"Fight","floor":24.0,"gold_loss":0.0,"damage_taken":0.0},{"damage_healed":0.0,"max_hp_gain":0.0,"max_hp_loss":0.0,"gold_gain":0.0,"event_name":"Colosseum","player_choice":"Fought Nobs","floor":24.0,"gold_loss":0.0,"damage_taken":0.0},{"damage_healed":0.0,"max_hp_gain":0.0,"max_hp_loss":0.0,"gold_gain":0.0,"event_name":"Cursed Tome","player_choice":"Obtained Book","floor":27.0,"gold_loss":0.0,"damage_taken":16.0},{"damage_healed":0.0,"max_hp_gain":0.0,"max_hp_loss":0.0,"gold_gain":0.0,"event_name":"MindBloom","player_choice":"Fight","floor":37.0,"gold_loss":0.0,"damage_taken":0.0},{"damage_healed":0.0,"max_hp_gain":0.0,"max_hp_loss":0.0,"gold_gain":0.0,"event_name":"Tomb of Lord Red Mask","player_choice":"Ignored","floor":39.0,"gold_loss":0.0,"damage_taken":0.0},{"cards_removed":["Compile Driver"],"damage_healed":0.0,"max_hp_gain":0.0,"max_hp_loss":0.0,"gold_gain":0.0,"event_name":"Falling","player_choice":"Removed Attack","floor":46.0,"gold_loss":0.0,"damage_taken":0.0}],"is_beta":false,"boss_relics":[{"not_picked":["Philosopher\u0027s Stone","Coffee Dripper"],"picked":"Nuclear Battery"},{"not_picked":["Runic Pyramid","Orrery"],"picked":"Cursed Key"}],"items_purged_floors":[31,42],"is_endless":false,"potions_floor_spawned":[4,8,16,18,20,21,24,28,35,37,41,54],"killed_by":"The Heart","ascension_level":4}