{"path_per_floor":["M","M","?","M","M","R","$","T","T","M","R","E","?","M","R","B",null,"M","M","?","?","?","R","E","M","T"],"character_chosen":"DEFECT","items_purchased":["Rip and Tear"],"gold_per_floor":[114,129,79,94,109,109,70,70,120,135,135,165,222,237,237,337,337,352,367,367,367,377,377,407,422,422,422],"floor_reached":27,"campfire_rested":1,"playtime":2090,"current_hp_per_floor":[73,72,71,70,65,65,65,65,65,64,63,60,60,60,59,24,57,43,17,17,63,26,44,4,10,10,0],"items_purged":[],"gold":422,"score":233,"play_id":"abfd851a-881e-40b4-8ba4-aa05174cf891","local_time":"20180517014058","daily_mods":["Shiny","Uncertain Future","Terminal"],"is_prod":false,"is_daily":true,"chose_seed":false,"is_ascension_mode":false,"campfire_upgraded":3,"timestamp":1526492458,"path_taken":["M","M","?","M","M","R","$","?","T","M","R","E","?","M","R","BOSS","M","M","?","?","?","R","E","M","T","M"],"build_version":"2018-05-15","seed_source_timestamp":21239517960168,"purchased_purges":0,"victory":false,"master_deck":["Multi-Cast","Hyperbeam","Thunder Strike","Biased Cognition","Machine Learning","Buffer","Rainbow","Seek","Echo Form+1","All For One","Reboot","Nova","Amplify","Fusion","Creative AI+1","Fission","Auto Shields","Consume","Rip and Tear","Aggregate+1","Turbo","Sweeping Beam+1","Conserve Battery","Self Repair","Ball Lightning+1"],"max_hp_per_floor":[73,72,71,70,69,68,67,66,65,64,63,62,61,60,59,58,57,56,55,54,63,62,61,60,59,58,58],"relics":["Cracked Core","Gambling Chip","Lantern","Juzu Bracelet","Sozu","Red Mask","Centennial Puzzle","Darkstone Periapt"],"card_choices":[{"not_picked":["Hologram","Barrage","Go for the Eyes"],"picked":"SKIP","floor":1},{"not_picked":["Beam Cell","Static Discharge"],"picked":"Auto Shields","floor":2},{"not_picked":["Cold Snap","Skim"],"picked":"Consume","floor":4},{"not_picked":["White Noise","Skim","Leap"],"picked":"SKIP","floor":5},{"not_picked":["Skim","Consume"],"picked":"Aggregate","floor":10},{"not_picked":["Steam","Stack","Heatsinks"],"picked":"SKIP","floor":12},{"not_picked":["Stack","Capacitor"],"picked":"Turbo","floor":14},{"not_picked":["Go for the Eyes","Conserve Battery"],"picked":"Sweeping Beam+1","floor":18},{"not_picked":["Hello World","Coolheaded"],"picked":"Conserve Battery","floor":19},{"not_picked":["Recycle","Genetic Algorithm"],"picked":"Self Repair","floor":24},{"not_picked":["Chaos","Leap"],"picked":"Ball Lightning+1","floor":25}],"player_experience":70164,"potions_floor_usage":[19,24,24],"damage_taken":[{"damage":1,"enemies":"2 Louse","floor":1,"turns":3},{"damage":0,"enemies":"Small Slimes","floor":2,"turns":2},{"damage":1,"enemies":"Cultist","floor":4,"turns":5},{"damage":5,"enemies":"Exordium Thugs","floor":5,"turns":3},{"damage":0,"enemies":"2 Fungi Beasts","floor":10,"turns":1},{"damage":3,"enemies":"3 Sentries","floor":12,"turns":6},{"damage":0,"enemies":"3 Louse","floor":14,"turns":1},{"damage":35,"enemies":"The Guardian","floor":16,"turns":13},{"damage":14,"enemies":"2 Thieves","floor":18,"turns":2},{"damage":26,"enemies":"Shell Parasite","floor":19,"turns":7},{"damage":37,"enemies":"√…√Ê«øµ¡","floor":22,"turns":5},{"damage":40,"enemies":"Slavers","floor":24,"turns":5},{"damage":1,"enemies":"Centurion and Healer","floor":25,"turns":8},{"damage":12,"enemies":"Snake Plant","floor":27,"turns":2}],"relics_obtained":[{"floor":8,"key":"Gambling Chip"},{"floor":9,"key":"Lantern"},{"floor":12,"key":"Juzu Bracelet"},{"floor":22,"key":"Red Mask"},{"floor":24,"key":"Centennial Puzzle"},{"floor":26,"key":"Darkstone Periapt"}],"event_choices":[{"event_name":"The Cleric","player_choice":"Card Removal","floor":3,"damage_taken":0},{"event_name":"Golden Wing","player_choice":"Gained Gold","floor":13,"damage_taken":0},{"event_name":"N\u0027loth","player_choice":"Ignored","floor":20,"damage_taken":0},{"event_name":"Bonfire Elementals","player_choice":"RARE","floor":21,"damage_taken":0},{"event_name":"Masked Bandits","player_choice":"Fought over 367 gold","floor":22,"damage_taken":0}],"boss_relics":[{"not_picked":["Astrolabe","Cursed Key"],"picked":"Sozu"}],"potions_floor_spawned":[5,10,12,18,25],"seed_played":"-2510133029064104060","killed_by":"Snake Plant","ascension_level":0,"potions_obtained":[{"floor":5,"key":"Weak Potion"},{"floor":10,"key":"GamblersBrew"},{"floor":12,"key":"Weak Potion"}],"is_trial":false}