{"gold_per_floor":[109,109,122,122,141,476,476,507,507,540,540,556,556,591,591,688,688,702,720,304,304,320,320,320,346,439,451,463,475,504,516,528,640,652,674,3,13,13,23,23,58,58,58,58,58,78,78,98,98,98],"floor_reached":51,"playtime":4869,"items_purged":["Strike_B","Pain"],"score":831,"play_id":"4e6e53f6-f530-481f-9a99-a1a6f03dbb92","local_time":"20181111234650","is_ascension_mode":true,"campfire_choices":[{"data":"Dualcast","floor":7,"key":"SMITH"},{"floor":13,"key":"REST"},{"floor":15,"key":"REST"},{"data":"Buffer","floor":23,"key":"SMITH"},{"data":"Seek","floor":29,"key":"SMITH"},{"data":"Sunder","floor":32,"key":"SMITH"},{"data":"Madness","floor":40,"key":"SMITH"},{"data":"Heatsinks","floor":42,"key":"SMITH"},{"data":"Thunder Strike","floor":45,"key":"SMITH"},{"data":"Storm","floor":49,"key":"SMITH"}],"neow_cost":"NONE","seed_source_timestamp":107078270675000,"circlet_count":0,"master_deck":["Strike_B","Strike_B","Defend_B","Defend_B","Zap","Dualcast+1","Conserve Battery","Glacier","Ball Lightning","Coolheaded","Buffer+1","Static Discharge","Recycle","Sunder+1","Seek+1","BootSequence+1","Hello World","Static Discharge","Heatsinks+1","Hologram","Rebound","Ghostly","Ghostly","Ghostly","Ghostly","Ghostly","Tempest","Thunder Strike+1","Turbo+1","Undo","Madness+1","Madness","Consume+1","Undo+1","Parasite","Hello World","Master of Strategy","Mind Blast","Storm+1"],"relics":["White Beast Statue","Old Coin","Bird Faced Urn","Du-Vu Doll","Bronze Scales","WarpedTongs","The Courier","Eternal Feather","Mummified Hand","Centennial Puzzle","MawBank","Ornamental Fan","Enchiridion","MutagenicStrength","Cursed Key","Toolbox","Bottled Tornado","FossilizedHelix","Bottled Lightning","Gambling Chip"],"potions_floor_usage":[8,14,16,18,22,25,25,25,30,33,39,39,41,50],"damage_taken":[{"damage":6,"enemies":"2 Louse","floor":1,"turns":3},{"damage":1,"enemies":"Cultist","floor":3,"turns":3},{"damage":0,"enemies":"Jaw Worm","floor":5,"turns":5},{"damage":6,"enemies":"3 Sentries","floor":6,"turns":8},{"damage":16,"enemies":"Gremlin Nob","floor":8,"turns":4},{"damage":8,"enemies":"Lagavulin","floor":10,"turns":7},{"damage":8,"enemies":"Gremlin Gang","floor":12,"turns":5},{"damage":27,"enemies":"Gremlin Nob","floor":14,"turns":4},{"damage":22,"enemies":"Slime Boss","floor":16,"turns":10},{"damage":22,"enemies":"2 Thieves","floor":18,"turns":3},{"damage":1,"enemies":"3 Byrds","floor":19,"turns":3},{"damage":19,"enemies":"Snecko","floor":22,"turns":6},{"damage":32,"enemies":"Gremlin Leader","floor":25,"turns":7},{"damage":8,"enemies":"Snake Plant","floor":30,"turns":4},{"damage":15,"enemies":"Collector","floor":33,"turns":9},{"damage":8,"enemies":"Orb Walker","floor":35,"turns":5},{"damage":0,"enemies":"3 Shapes","floor":37,"turns":3},{"damage":0,"enemies":"Spire Growth","floor":39,"turns":7},{"damage":0,"enemies":"Giant Head","floor":41,"turns":9},{"damage":0,"enemies":"3 Darklings","floor":46,"turns":3},{"damage":0,"enemies":"Maw","floor":48,"turns":7},{"damage":14,"enemies":"Awakened One","floor":50,"turns":13}],"seed_played":"1667575853962895957","potions_obtained":[{"floor":1,"key":"Energy Potion"},{"floor":3,"key":"GamblersBrew"},{"floor":5,"key":"Ancient Potion"},{"floor":6,"key":"Poison Potion"},{"floor":8,"key":"FocusPotion"},{"floor":14,"key":"EssenceOfSteel"},{"floor":16,"key":"LiquidBronze"},{"floor":18,"key":"SpeedPotion"},{"floor":19,"key":"Poison Potion"},{"floor":22,"key":"Weak Potion"},{"floor":25,"key":"SkillPotion"},{"floor":30,"key":"Poison Potion"},{"floor":33,"key":"Swift Potion"},{"floor":35,"key":"Poison Potion"},{"floor":37,"key":"Regen Potion"},{"floor":39,"key":"Swift Potion"},{"floor":41,"key":"SteroidPotion"},{"floor":46,"key":"FairyPotion"},{"floor":48,"key":"Energy Potion"}],"is_trial":false,"path_per_floor":["M","?","M","?","M","E","R","E","T","E","?","M","R","E","R","B",null,"M","M","$","?","M","R","?","E","T","?","?","R","M","?","R","B",null,"M","$","M","?","M","R","E","R","T","?","R","M","?","M","R","B",null],"character_chosen":"DEFECT","items_purchased":["Mummified Hand","Static Discharge","Centennial Puzzle","Toolbox","Bottled Tornado","FossilizedHelix"],"campfire_rested":2,"item_purchase_floors":[20,20,20,36,36,36],"current_hp_per_floor":[69,69,68,68,68,62,62,46,46,40,40,34,56,31,53,35,75,53,56,56,56,43,55,55,33,33,17,17,32,28,28,37,24,37,37,37,37,32,37,37,37,37,37,37,37,37,32,37,37,23],"gold":98,"neow_bonus":"BOSS_RELIC","is_prod":false,"is_daily":false,"chose_seed":false,"campfire_upgraded":8,"win_rate":0,"timestamp":1541947610,"path_taken":["M","?","?","?","?","E","R","E","T","E","?","?","R","E","R","BOSS","M","M","$","?","M","R","?","E","T","?","?","R","?","?","R","BOSS","M","$","M","?","M","R","E","R","T","?","R","?","?","M","R","BOSS"],"build_version":"2018-11-08","purchased_purges":2,"victory":true,"max_hp_per_floor":[75,75,75,75,75,75,75,75,75,75,75,75,75,75,75,75,75,75,75,75,75,75,75,75,75,75,75,37,37,37,37,37,37,37,37,37,37,37,37,37,37,37,37,37,37,37,37,37,37,37],"card_choices":[{"not_picked":["Darkness","Cold Snap"],"picked":"Conserve Battery","floor":1},{"not_picked":["Compile Driver","Go for the Eyes"],"picked":"Glacier","floor":3},{"not_picked":["Auto Shields","Rip and Tear"],"picked":"Ball Lightning","floor":5},{"not_picked":["Skim","Go for the Eyes"],"picked":"Coolheaded","floor":6},{"not_picked":["Streamline","Steam Power"],"picked":"Buffer","floor":8},{"not_picked":["Genetic Algorithm","Sweeping Beam"],"picked":"Static Discharge","floor":10},{"not_picked":["Go for the Eyes","Hologram"],"picked":"Recycle","floor":12},{"not_picked":["Cold Snap","Capacitor"],"picked":"Sunder","floor":14},{"not_picked":["Biased Cognition","Amplify"],"picked":"Seek","floor":16},{"not_picked":["Conserve Battery","Steam"],"picked":"BootSequence+1","floor":18},{"not_picked":["Leap","Go for the Eyes"],"picked":"Hello World","floor":19},{"not_picked":["Conserve Battery","Redo+1"],"picked":"Hologram","floor":22},{"not_picked":["Steam","Redo"],"picked":"Rebound","floor":25},{"not_picked":["Ball Lightning","Go for the Eyes"],"picked":"Tempest","floor":30},{"not_picked":["Fission","All For One"],"picked":"Thunder Strike","floor":33},{"not_picked":["Barrage+1","Doom and Gloom"],"picked":"Turbo+1","floor":35},{"not_picked":["Leap","Reprogram+1"],"picked":"Undo","floor":37},{"not_picked":["Rebound+1","Conserve Battery+1"],"picked":"Consume+1","floor":39},{"not_picked":["Conserve Battery","Sweeping Beam"],"picked":"Undo+1","floor":41},{"not_picked":["Rebound+1","Hologram+1"],"picked":"Hello World","floor":46},{"not_picked":["Purity","Dark Shackles"],"picked":"Master of Strategy","floor":47},{"not_picked":["Forethought","Finesse"],"picked":"Mind Blast","floor":47},{"not_picked":["Reprogram+1","Glacier+1"],"picked":"Storm","floor":48}],"player_experience":417574,"relics_obtained":[{"floor":6,"key":"Old Coin"},{"floor":8,"key":"Bird Faced Urn"},{"floor":9,"key":"Du-Vu Doll"},{"floor":10,"key":"Bronze Scales"},{"floor":14,"key":"The Courier"},{"floor":25,"key":"MawBank"},{"floor":26,"key":"Ornamental Fan"},{"floor":27,"key":"Enchiridion"},{"floor":41,"key":"Bottled Lightning"},{"floor":43,"key":"Gambling Chip"}],"event_choices":[{"cards_removed":["Defend_B"],"damage_healed":0,"gold_gain":0,"player_choice":"Purged","damage_taken":0,"max_hp_gain":0,"max_hp_loss":0,"event_name":"Purifier","floor":2,"gold_loss":0},{"cards_removed":["Strike_B"],"damage_healed":0,"gold_gain":0,"player_choice":"Offered Basic","damage_taken":0,"max_hp_gain":0,"max_hp_loss":0,"event_name":"Bonfire Elementals","floor":4,"gold_loss":0},{"damage_healed":0,"gold_gain":0,"player_choice":"Rummage","damage_taken":0,"relics_obtained":["WarpedTongs"],"max_hp_gain":0,"max_hp_loss":0,"event_name":"Accursed Blacksmith","floor":11,"gold_loss":0,"cards_obtained":["Pain"]},{"damage_healed":0,"gold_gain":0,"player_choice":"Read","damage_taken":0,"max_hp_gain":0,"max_hp_loss":0,"event_name":"The Library","floor":21,"gold_loss":0,"cards_obtained":["Heatsinks"]},{"damage_healed":0,"gold_gain":0,"player_choice":"Ignored","damage_taken":0,"max_hp_gain":0,"max_hp_loss":0,"event_name":"Vampires","floor":24,"gold_loss":0},{"damage_healed":0,"gold_gain":0,"player_choice":"Obtained Book","damage_taken":16,"max_hp_gain":0,"max_hp_loss":0,"event_name":"Cursed Tome","floor":27,"gold_loss":0},{"damage_healed":0,"gold_gain":0,"player_choice":"Became a Ghost","damage_taken":0,"max_hp_gain":0,"max_hp_loss":38,"event_name":"Ghosts","floor":28,"gold_loss":0,"cards_obtained":["Ghostly","Ghostly","Ghostly","Ghostly","Ghostly"]},{"damage_healed":0,"gold_gain":0,"player_choice":"Inject Mutagens","damage_taken":0,"relics_obtained":["MutagenicStrength"],"max_hp_gain":0,"max_hp_loss":0,"event_name":"Drug Dealer","floor":31,"gold_loss":0},{"damage_healed":0,"gold_gain":0,"player_choice":"Embrace Madness","damage_taken":5,"max_hp_gain":0,"max_hp_loss":0,"event_name":"Winding Halls","floor":38,"gold_loss":0,"cards_obtained":["Madness","Madness"]},{"cards_removed":["Defend_B"],"damage_healed":0,"gold_gain":0,"player_choice":"Purged","damage_taken":0,"max_hp_gain":0,"max_hp_loss":0,"event_name":"Purifier","floor":44,"gold_loss":0},{"damage_healed":0,"gold_gain":0,"player_choice":"Memory 2","damage_taken":5,"max_hp_gain":0,"max_hp_loss":0,"event_name":"SensoryStone","floor":47,"gold_loss":0}],"is_beta":false,"boss_relics":[{"not_picked":["Philosopher\u0027s Stone","Empty Cage"],"picked":"Eternal Feather"},{"not_picked":["Busted Crown","Inserter"],"picked":"Cursed Key"}],"items_purged_floors":[20,36],"is_endless":false,"potions_floor_spawned":[1,3,5,6,8,10,12,14,16,18,19,22,25,30,33,35,37,39,41,46,48],"ascension_level":1}