{"gold_per_floor":[212,67,85,15,115,115,141,141,188,50,62,78,78,96,96,170,170,190,203,11,11,111,111,139,139,139,139,152,166,183,183,183,258,258,276,117,117,217,228,228,259,259,284,284,304,324,338,338,338,338],"floor_reached":51,"playtime":3888,"items_purged":[],"score":1172,"play_id":"cda1fac5-51dd-466b-9c4c-5c8ea57d5cc5","local_time":"20190801080035","is_ascension_mode":true,"campfire_choices":[{"data":"Footwork","floor":6,"key":"SMITH"},{"floor":8,"key":"REST"},{"floor":13,"key":"REST"},{"floor":15,"key":"REST"},{"data":"Burst","floor":23,"key":"SMITH"},{"floor":25,"key":"REST"},{"data":"Neutralize","floor":27,"key":"SMITH"},{"data":"Sucker Punch","floor":32,"key":"SMITH"},{"data":"Footwork","floor":40,"key":"SMITH"},{"data":"Catalyst","floor":42,"key":"SMITH"},{"data":"Catalyst","floor":44,"key":"SMITH"},{"data":"Catalyst","floor":49,"key":"SMITH"}],"neow_cost":"NONE","seed_source_timestamp":226935832185200,"circlet_count":0,"master_deck":["AscendersBane","Strike_G+1","Strike_G+1","Strike_G+1","Strike_G+1","Strike_G+1","Defend_G+1","Defend_G+1","Defend_G+1","Defend_G+1","Defend_G+1","Survivor","Neutralize+1","Blur","Catalyst+1","Footwork+1","Dash","Blur","Unload","Noxious Fumes","Footwork+1","Sucker Punch+1","Blur","Acrobatics","Burst+1","Dagger Spray","Crippling Poison+1","Catalyst+1","Adrenaline","Footwork+1","Finesse","Acrobatics","Catalyst+1","PiercingWail+1","Heel Hook+1","Tools of the Trade+1","Deflect+1","Prepared+1"],"relics":["Ring of the Snake","Dream Catcher","Anchor","Blood Vial","Philosopher\u0027s Stone","OrangePellets","Gremlin Horn","Frozen Egg 2","Pantograph","WristBlade","Prayer Wheel","Regal Pillow","Happy Flower"],"potions_floor_usage":[7,16,24,24,29,35,38,45,50],"damage_taken":[{"damage":4,"enemies":"Small Slimes","floor":1,"turns":4},{"damage":6,"enemies":"Cultist","floor":3,"turns":5},{"damage":51,"enemies":"Gremlin Nob","floor":7,"turns":7},{"damage":0,"enemies":"2 Louse","floor":11,"turns":4},{"damage":16,"enemies":"Lots of Slimes","floor":12,"turns":5},{"damage":0,"enemies":"Blue Slaver","floor":14,"turns":5},{"damage":5,"enemies":"Hexaghost","floor":16,"turns":13},{"damage":8,"enemies":"Spheric Guardian","floor":18,"turns":9},{"damage":10,"enemies":"Chosen","floor":19,"turns":6},{"damage":34,"enemies":"Slavers","floor":24,"turns":6},{"damage":0,"enemies":"Shelled Parasite and Fungi","floor":28,"turns":7},{"damage":2,"enemies":"3 Cultists","floor":29,"turns":5},{"damage":0,"enemies":"Centurion and Healer","floor":30,"turns":8},{"damage":24,"enemies":"Collector","floor":33,"turns":5},{"damage":18,"enemies":"3 Darklings","floor":35,"turns":10},{"damage":0,"enemies":"Mind Bloom Boss Battle","floor":38,"turns":6},{"damage":11,"enemies":"Orb Walker","floor":39,"turns":6},{"damage":0,"enemies":"Nemesis","floor":41,"turns":11},{"damage":1,"enemies":"Jaw Worm Horde","floor":45,"turns":3},{"damage":0,"enemies":"Writhing Mass","floor":46,"turns":5},{"damage":0,"enemies":"Spire Growth","floor":47,"turns":6},{"damage":31,"enemies":"Awakened One","floor":50,"turns":18}],"seed_played":"-2915414519062469960","potions_obtained":[{"floor":3,"key":"FearPotion"},{"floor":11,"key":"SkillPotion"},{"floor":18,"key":"Poison Potion"},{"floor":19,"key":"Regen Potion"},{"floor":24,"key":"Energy Potion"},{"floor":28,"key":"Strength Potion"},{"floor":33,"key":"Energy Potion"},{"floor":38,"key":"Explosive Potion"},{"floor":41,"key":"Block Potion"},{"floor":47,"key":"Poison Potion"}],"is_trial":false,"path_per_floor":["M","$","M","$","?","R","E","R","T","$","M","M","R","M","R","B",null,"M","M","$","?","?","R","E","R","T","R","M","M","M","?","R","B",null,"M","$","?","?","M","R","E","R","T","R","M","M","M","?","R","B",null],"character_chosen":"THE_SILENT","items_purchased":["Dream Catcher","Footwork","Unload","OrangePellets","Footwork+1","AttackPotion","Regen Potion"],"campfire_rested":4,"item_purchase_floors":[2,4,10,20,36,36,36],"current_hp_per_floor":[59,59,53,53,53,53,2,23,23,23,25,11,32,34,55,52,66,60,52,52,52,52,52,35,56,56,56,58,58,60,60,60,46,64,48,48,43,70,59,59,61,61,61,61,62,64,66,66,66,39],"gold":338,"neow_bonus":"HUNDRED_GOLD","is_prod":false,"is_daily":false,"chose_seed":false,"campfire_upgraded":8,"win_rate":0,"timestamp":1564614035,"path_taken":["M","$","M","$","?","R","E","R","T","$","M","M","R","M","R","BOSS","M","M","$","?","?","R","E","R","T","R","M","M","?","?","R","BOSS","M","$","?","?","M","R","E","R","T","R","M","M","M","?","R","BOSS"],"build_version":"2019-07-17","purchased_purges":0,"victory":true,"max_hp_per_floor":[70,70,70,70,70,70,70,70,70,70,70,70,70,70,70,70,70,70,70,70,70,70,70,70,70,70,70,70,70,70,70,70,70,70,70,70,70,70,70,70,70,70,70,70,70,70,70,70,70,70],"card_choices":[{"not_picked":["Bane","Prepared"],"picked":"Blur","floor":1},{"not_picked":["PiercingWail","Calculated Gamble"],"picked":"Catalyst","floor":3},{"not_picked":["Poisoned Stab","Prepared"],"picked":"Dash","floor":7},{"not_picked":["Deadly Poison","Accuracy"],"picked":"Blur","floor":8},{"not_picked":["Outmaneuver","Slice"],"picked":"Noxious Fumes","floor":11},{"not_picked":["After Image","PiercingWail"],"picked":"Footwork","floor":12},{"not_picked":["Finisher","Blade Dance"],"picked":"Sucker Punch","floor":13},{"not_picked":["Noxious Fumes","Finisher"],"picked":"Blur","floor":14},{"not_picked":["Slice","Deflect"],"picked":"Acrobatics","floor":15},{"not_picked":["Grand Finale","Glass Knife"],"picked":"Burst","floor":16},{"not_picked":["Cloak And Dagger","Outmaneuver+1"],"picked":"Dagger Spray","floor":18},{"not_picked":["Noxious Fumes","Prepared"],"picked":"Crippling Poison+1","floor":19},{"not_picked":["Endless Agony","Quick Slash","Outmaneuver"],"picked":"SKIP","floor":24},{"not_picked":["Dagger Throw+1","Outmaneuver"],"picked":"Catalyst","floor":28},{"not_picked":["Dodge and Roll","Leg Sweep","Poisoned Stab"],"picked":"SKIP","floor":29},{"not_picked":["Dagger Throw","Backflip","Flying Knee"],"picked":"SKIP","floor":30},{"not_picked":["Corpse Explosion","A Thousand Cuts+1"],"picked":"Adrenaline","floor":33},{"not_picked":["Terror","Poisoned Stab+1","Crippling Poison"],"picked":"SKIP","floor":35},{"not_picked":["Impatience","Dramatic Entrance"],"picked":"Chrysalis","floor":37},{"not_picked":["Transmutation","The Bomb"],"picked":"Finesse","floor":37},{"not_picked":["Poisoned Stab","Endless Agony"],"picked":"Acrobatics","floor":38},{"not_picked":["Dodge and Roll","Underhanded Strike"],"picked":"Catalyst","floor":39},{"not_picked":["Deadly Poison","Bane"],"picked":"PiercingWail+1","floor":39},{"not_picked":["Backflip","PiercingWail"],"picked":"Heel Hook+1","floor":41},{"not_picked":["Tactician","Blade Dance"],"picked":"Tools of the Trade+1","floor":45},{"not_picked":["Masterful Stab","PiercingWail","Flying Knee"],"picked":"SKIP","floor":45},{"not_picked":["Bane","Sucker Punch"],"picked":"Deflect+1","floor":46},{"not_picked":["Flying Knee","Riddle With Holes+1","Masterful Stab+1"],"picked":"SKIP","floor":46},{"not_picked":["Skewer","Leg Sweep"],"picked":"Prepared+1","floor":47},{"not_picked":["Acrobatics","Deflect","Prepared"],"picked":"SKIP","floor":47}],"player_experience":526176,"relics_obtained":[{"floor":7,"key":"Anchor"},{"floor":9,"key":"Blood Vial"},{"floor":24,"key":"Gremlin Horn"},{"floor":26,"key":"Frozen Egg 2"},{"floor":38,"key":"Prayer Wheel"},{"floor":41,"key":"Regal Pillow"},{"floor":43,"key":"Happy Flower"}],"event_choices":[{"damage_healed":0,"gold_gain":100,"player_choice":"Pray","damage_taken":0,"max_hp_gain":0,"max_hp_loss":0,"event_name":"Golden Shrine","floor":5,"gold_loss":0},{"damage_healed":0,"gold_gain":0,"player_choice":"Simplicity","damage_taken":0,"max_hp_gain":0,"max_hp_loss":0,"event_name":"Back to Basics","floor":21,"gold_loss":0,"cards_upgraded":["Strike_G","Strike_G","Strike_G","Strike_G","Strike_G","Defend_G","Defend_G","Defend_G","Defend_G","Defend_G"]},{"damage_healed":0,"gold_gain":100,"player_choice":"Pray","damage_taken":0,"max_hp_gain":0,"max_hp_loss":0,"event_name":"Golden Shrine","floor":22,"gold_loss":0},{"damage_healed":0,"gold_gain":0,"player_choice":"Gave Potion","damage_taken":0,"relics_obtained":["Pantograph"],"max_hp_gain":0,"max_hp_loss":0,"event_name":"WeMeetAgain","floor":31,"gold_loss":0},{"damage_healed":0,"gold_gain":0,"player_choice":"Memory 2","damage_taken":5,"max_hp_gain":0,"max_hp_loss":0,"event_name":"SensoryStone","floor":37,"gold_loss":0},{"damage_healed":0,"gold_gain":0,"player_choice":"Fight","damage_taken":0,"max_hp_gain":0,"max_hp_loss":0,"event_name":"MindBloom","floor":38,"gold_loss":0},{"cards_removed":["Chrysalis"],"damage_healed":0,"gold_gain":0,"player_choice":"Removed Skill","damage_taken":0,"max_hp_gain":0,"max_hp_loss":0,"event_name":"Falling","floor":48,"gold_loss":0}],"is_beta":false,"boss_relics":[{"not_picked":["Runic Pyramid","Lizard Tail"],"picked":"Philosopher\u0027s Stone"},{"not_picked":["Empty Cage","Coffee Dripper"],"picked":"WristBlade"}],"items_purged_floors":[],"is_endless":false,"potions_floor_spawned":[3,11,18,19,24,28,33,38,41,47],"ascension_level":13}