{"gold_per_floor":[115,115,115,36,51,51,51,70,70,93,93,107,107,150,150,279,279,304,318,5,23,42,42,61,84,84,123,144,144,144,44,44,175,238,258,258,20,41,41,41,54,54,54,77,91,114,137,137,137,137],"floor_reached":50,"playtime":6061,"items_purged":["Strike_B","Defend_B"],"score":747,"play_id":"4fba5cfd-6f9b-49cd-b476-d7183a54763e","local_time":"20190826222531","is_ascension_mode":true,"campfire_choices":[{"data":"Go for the Eyes","floor":6.0,"key":"SMITH"},{"data":"Self Repair","floor":13.0,"key":"SMITH"},{"data":"Zap","floor":15.0,"key":"SMITH"},{"data":"Cold Snap","floor":23.0,"key":"SMITH"},{"data":"Buffer","floor":29.0,"key":"SMITH"},{"floor":32.0,"key":"REST"},{"data":"Sunder","floor":40.0,"key":"SMITH"},{"floor":42.0,"key":"REST"},{"data":"Dualcast","floor":49.0,"key":"SMITH"}],"neow_cost":"NONE","seed_source_timestamp":358541442189457,"circlet_count":0,"master_deck":["AscendersBane","Strike_B+1","Strike_B+1","Defend_B","Defend_B","Defend_B","Zap+1","Dualcast+1","Sweeping Beam","Self Repair+1","Go for the Eyes+1","Chill","Coolheaded","Go for the Eyes+1","Buffer+1","Cold Snap+1","BootSequence","Leap+1","Cold Snap","Capacitor","Capacitor","Creative AI","Sunder+1","Rip and Tear+1","Ball Lightning+1"],"special_seed":0,"relics":["Cracked Core","Golden Idol","Mango","Boot","Velvet Choker","Matryoshka","Potion Belt","Toxic Egg 2","Shuriken","Enchiridion","Tiny House","Singing Bowl","Blood Vial","Art of War","Lantern"],"potions_floor_usage":[50],"damage_taken":[{"damage":6.0,"enemies":"Jaw Worm","floor":1.0,"turns":4.0},{"damage":0.0,"enemies":"Small Slimes","floor":5.0,"turns":2.0},{"damage":0.0,"enemies":"Cultist","floor":8.0,"turns":3.0},{"damage":8.0,"enemies":"Blue Slaver","floor":10.0,"turns":3.0},{"damage":3.0,"enemies":"Red Slaver","floor":12.0,"turns":4.0},{"damage":10.0,"enemies":"Lagavulin","floor":14.0,"turns":8.0},{"damage":66.0,"enemies":"Hexaghost","floor":16.0,"turns":16.0},{"damage":19.0,"enemies":"Shell Parasite","floor":18.0,"turns":7.0},{"damage":12.0,"enemies":"Spheric Guardian","floor":19.0,"turns":4.0},{"damage":17.0,"enemies":"Cultist and Chosen","floor":21.0,"turns":8.0},{"damage":16.0,"enemies":"3 Cultists","floor":22.0,"turns":8.0},{"damage":0.0,"enemies":"Snecko","floor":24.0,"turns":6.0},{"damage":8.0,"enemies":"Sentry and Sphere","floor":25.0,"turns":8.0},{"damage":38.0,"enemies":"Gremlin Leader","floor":27.0,"turns":11.0},{"damage":5.0,"enemies":"Centurion and Healer","floor":28.0,"turns":14.0},{"damage":55.0,"enemies":"Collector","floor":33.0,"turns":18.0},{"damage":11.0,"enemies":"Orb Walker","floor":35.0,"turns":5.0},{"damage":8.0,"enemies":"3 Shapes","floor":38.0,"turns":8.0},{"damage":64.0,"enemies":"3 Darklings","floor":41.0,"turns":7.0},{"damage":14.0,"enemies":"Spire Growth","floor":44.0,"turns":6.0},{"damage":22.0,"enemies":"Maw","floor":45.0,"turns":7.0},{"damage":17.0,"enemies":"4 Shapes","floor":47.0,"turns":4.0},{"damage":95,"enemies":"Awakened One","floor":50,"turns":15}],"seed_played":"2205708513982898203","potions_obtained":[{"floor":8.0,"key":"Dexterity Potion"},{"floor":10.0,"key":"Block Potion"},{"floor":19.0,"key":"FocusPotion"},{"floor":21.0,"key":"Ancient Potion"},{"floor":22.0,"key":"EntropicBrew"},{"floor":34.0,"key":"EssenceOfSteel"},{"floor":38.0,"key":"FocusPotion"},{"floor":47.0,"key":"PowerPotion"}],"is_trial":false,"path_per_floor":["M","?","?","$","M","R","?","M","T","M","?","M","R","E","R","B",null,"M","M","$","M","M","R","M","M","T","E","M","R","?","$","R","B",null,"M","?","$","M","$","R","M","R","T","M","M","T","M","?","R","B"],"character_chosen":"DEFECT","items_purchased":["Self Repair","Matryoshka","Singing Bowl"],"campfire_rested":2,"item_purchase_floors":[4,20,37],"current_hp_per_floor":[69,74,57,57,57,57,57,64,78,77,77,81,81,81,81,25,78,69,57,57,50,44,44,68,70,70,42,47,47,31,31,59,14,80,79,79,79,81,81,81,29,59,59,57,39,39,36,93,93,0],"gold":137,"neow_bonus":"TEN_PERCENT_HP_BONUS","is_prod":false,"is_daily":false,"chose_seed":false,"campfire_upgraded":7,"win_rate":0,"timestamp":1566872731,"path_taken":["M","?","?","?","M","R","?","M","T","M","?","M","R","E","R","BOSS","M","M","?","M","M","R","M","M","T","E","M","R","?","$","R","BOSS","M","?","$","?","?","R","M","R","T","M","M","?","M","?","R","BOSS"],"build_version":"2019-07-17","purchased_purges":2,"victory":false,"max_hp_per_floor":[82,87,87,87,87,87,81,81,95,95,95,95,95,95,95,95,95,95,95,95,95,95,95,95,95,95,95,95,95,95,95,95,95,100,100,100,100,100,100,100,102,102,102,102,104,104,106,93,93,93],"card_choices":[{"not_picked":["Compile Driver","Redo"],"picked":"Sweeping Beam","floor":1.0},{"not_picked":["FTL","Loop"],"picked":"Go for the Eyes","floor":5.0},{"not_picked":["Stack","Reprogram"],"picked":"Chill","floor":8.0},{"not_picked":["Beam Cell","Double Energy"],"picked":"Coolheaded","floor":10.0},{"not_picked":["Storm","Stack"],"picked":"Go for the Eyes","floor":12.0},{"not_picked":["Steam","Tempest","Turbo"],"picked":"SKIP","floor":14.0},{"not_picked":["Multi-Cast","Fission"],"picked":"Buffer","floor":16.0},{"not_picked":["Rebound","Coolheaded+1","Stack"],"picked":"SKIP","floor":18.0},{"not_picked":["Gash","Barrage+1"],"picked":"Cold Snap","floor":19.0},{"not_picked":["Coolheaded","Go for the Eyes"],"picked":"BootSequence","floor":21.0},{"not_picked":["Turbo","Stack+1"],"picked":"Leap+1","floor":22.0},{"not_picked":["Glacier+1","Turbo"],"picked":"Cold Snap","floor":24.0},{"not_picked":["Rebound","Consume","Steam+1"],"picked":"SKIP","floor":25.0},{"not_picked":["Steam+1","White Noise+1"],"picked":"Capacitor","floor":27.0},{"not_picked":["Sweeping Beam","Double Energy+1"],"picked":"Capacitor","floor":28.0},{"not_picked":["Biased Cognition","Multi-Cast+1"],"picked":"Creative AI","floor":33.0},{"not_picked":["Coolheaded+1","Genetic Algorithm+1"],"picked":"Sunder","floor":35.0},{"not_picked":["Streamline+1","Rebound"],"picked":"Rip and Tear+1","floor":38.0},{"not_picked":["Hologram+1","Leap+1","Cold Snap+1"],"picked":"Singing Bowl","floor":41.0},{"not_picked":["Doom and Gloom+1","Chaos+1"],"picked":"Ball Lightning+1","floor":44.0},{"not_picked":["Leap+1","Conserve Battery+1","White Noise+1"],"picked":"Singing Bowl","floor":45.0},{"not_picked":["Beam Cell+1","Rebound+1","Compile Driver"],"picked":"Singing Bowl","floor":47.0}],"player_experience":573739,"relics_obtained":[{"floor":9.0,"key":"Mango"},{"floor":14.0,"key":"Boot"},{"floor":26.0,"key":"Potion Belt"},{"floor":26.0,"key":"Toxic Egg 2"},{"floor":27.0,"key":"Shuriken"},{"floor":30.0,"key":"Enchiridion"},{"floor":43.0,"key":"Blood Vial"},{"floor":43.0,"key":"Art of War"},{"floor":46.0,"key":"Lantern"}],"event_choices":[{"damage_healed":0.0,"max_hp_gain":5.0,"max_hp_loss":0.0,"gold_gain":0.0,"event_name":"Big Fish","player_choice":"Donut","floor":2.0,"gold_loss":0.0,"damage_taken":0.0},{"damage_healed":0.0,"max_hp_gain":0.0,"max_hp_loss":0.0,"gold_gain":0.0,"event_name":"Shining Light","player_choice":"Entered Light","floor":3.0,"gold_loss":0.0,"damage_taken":17.0,"cards_upgraded":["Strike_B","Strike_B"]},{"damage_healed":0.0,"max_hp_gain":0.0,"max_hp_loss":6.0,"gold_gain":0.0,"event_name":"Golden Idol","player_choice":"Lose Max HP","floor":7.0,"gold_loss":0.0,"damage_taken":0.0,"relics_obtained":["Golden Idol"]},{"cards_removed":["Strike_B"],"damage_healed":0.0,"max_hp_gain":0.0,"max_hp_loss":0.0,"gold_gain":0.0,"event_name":"Bonfire Elementals","player_choice":"Offered Basic","floor":11.0,"gold_loss":0.0,"damage_taken":0.0},{"damage_healed":0.0,"max_hp_gain":0.0,"max_hp_loss":0.0,"gold_gain":0.0,"event_name":"Cursed Tome","player_choice":"Obtained Book","floor":30.0,"gold_loss":0.0,"damage_taken":16.0},{"damage_healed":0.0,"max_hp_gain":0.0,"max_hp_loss":0.0,"gold_gain":0.0,"event_name":"FaceTrader","player_choice":"Leave","floor":36.0,"gold_loss":0.0,"damage_taken":0.0},{"damage_healed":93.0,"max_hp_gain":0.0,"max_hp_loss":13.0,"gold_gain":0.0,"event_name":"The Moai Head","player_choice":"Heal","floor":48.0,"gold_loss":0.0,"damage_taken":0.0}],"is_beta":false,"boss_relics":[{"not_picked":["Lizard Tail","Runic Dome"],"picked":"Velvet Choker"},{"not_picked":["FrozenCore","Sozu"],"picked":"Tiny House"}],"items_purged_floors":[20,31],"is_endless":false,"potions_floor_spawned":[8,10,19,21,22,38,47],"killed_by":"Awakened One","ascension_level":11}