{"gold_per_floor":[114,129,144,159,174,174,189,204,279,294,294,324,339,354,354,454,454,469,4,19,19,19,49,64,64,64,79,94,94,109,124,124,224,224,539,639,669,684,699,711,738,765,852,879,906,129,144,244,244,244],"floor_reached":51,"playtime":2302,"items_purged":["Pain"],"score":860,"play_id":"26cee859-9e9d-416c-a628-3dce2ca465eb","local_time":"20181130010931","daily_mods":["Heirloom","Vintage","Lethality"],"is_ascension_mode":false,"campfire_choices":[{"floor":6,"key":"REST"},{"floor":11,"key":"REST"},{"data":"Defend_R","floor":15,"key":"SMITH"},{"data":"Immolate","floor":25,"key":"SMITH"},{"data":"Thunderclap","floor":29,"key":"SMITH"},{"data":"Defend_R","floor":32,"key":"SMITH"},{"data":"Headbutt","floor":40,"key":"SMITH"},{"data":"Anger","floor":49,"key":"SMITH"}],"neow_cost":"","seed_source_timestamp":0,"circlet_count":0,"master_deck":["Bash+1","Hemokinesis+1","Immolate+1","Thunderclap+1","Discovery+1","Intimidate+1","Perfected Strike+1","Brutality+1","Headbutt+1","Havoc+1","Pummel","Anger+1","Reckless Charge","Twin Strike","True Grit+1","Inflame+1","True Grit+1","Parasite","Writhe","Inflame+1","Warcry+1","Havoc+1"],"special_seed":17864,"relics":["Burning Blood","Champion Belt","Juzu Bracelet","Art of War","Smiling Mask","PreservedInsect","Sundial","Letter Opener","Regal Pillow","Question Card","Toxic Egg 2","Self Forming Clay","Whetstone","Ancient Tea Set","Cursed Key","Blood Vial","Blue Candle","Bag of Marbles","Enchiridion","Centennial Puzzle","Pantograph","Meat on the Bone","Happy Flower","Strawberry","Frozen Egg 2","Ornamental Fan","Pandora\u0027s Box","Old Coin","Ice Cream","Tiny Chest","Dodecahedron","MawBank","Mercury Hourglass","Ginger","Mummified Hand","Bottled Flame","Matryoshka","TheAbacus","Pear","Bronze Scales","Boot"],"potions_floor_usage":[7,12,16,23,23,28,33,50,50],"damage_taken":[{"damage":0,"enemies":"Small Slimes","floor":1,"turns":2},{"damage":5,"enemies":"Jaw Worm","floor":2,"turns":2},{"damage":0,"enemies":"Cultist","floor":3,"turns":3},{"damage":19,"enemies":"Gremlin Gang","floor":4,"turns":6},{"damage":49,"enemies":"Large Slime","floor":5,"turns":8},{"damage":15,"enemies":"Lots of Slimes","floor":7,"turns":4},{"damage":13,"enemies":"2 Fungi Beasts","floor":8,"turns":4},{"damage":9,"enemies":"Red Slaver","floor":10,"turns":3},{"damage":17,"enemies":"Lagavulin","floor":12,"turns":5},{"damage":3,"enemies":"Gremlin Gang","floor":13,"turns":3},{"damage":10,"enemies":"Large Slime","floor":14,"turns":4},{"damage":29,"enemies":"Slime Boss","floor":16,"turns":7},{"damage":4,"enemies":"Spheric Guardian","floor":18,"turns":3},{"damage":2,"enemies":"2 Thieves","floor":20,"turns":3},{"damage":4,"enemies":"Book of Stabbing","floor":23,"turns":2},{"damage":0,"enemies":"Sentry and Sphere","floor":24,"turns":2},{"damage":2,"enemies":"Snake Plant","floor":27,"turns":1},{"damage":1,"enemies":"Chosen and Byrds","floor":28,"turns":1},{"damage":2,"enemies":"Centurion and Healer","floor":30,"turns":1},{"damage":2,"enemies":"3 Cultists","floor":31,"turns":2},{"damage":40,"enemies":"Champ","floor":33,"turns":6},{"damage":6,"enemies":"3 Shapes","floor":35,"turns":1},{"damage":26,"enemies":"Mind Bloom Boss Battle","floor":36,"turns":4},{"damage":15,"enemies":"Orb Walker","floor":38,"turns":2},{"damage":11,"enemies":"Maw","floor":39,"turns":4},{"damage":22,"enemies":"Writhing Mass","floor":41,"turns":3},{"damage":5,"enemies":"Sphere and 2 Shapes","floor":42,"turns":2},{"damage":11,"enemies":"3 Darklings","floor":44,"turns":2},{"damage":3,"enemies":"4 Shapes","floor":45,"turns":1},{"damage":1,"enemies":"Jaw Worm Horde","floor":47,"turns":1},{"damage":7,"enemies":"Donu and Deca","floor":50,"turns":2}],"seed_played":"-1070048214907055713","potions_obtained":[{"floor":2,"key":"Poison Potion"},{"floor":4,"key":"FearPotion"},{"floor":5,"key":"Dexterity Potion"},{"floor":10,"key":"Energy Potion"},{"floor":13,"key":"Energy Potion"},{"floor":28,"key":"Swift Potion"},{"floor":30,"key":"Dexterity Potion"},{"floor":33,"key":"EssenceOfSteel"},{"floor":38,"key":"PowerPotion"},{"floor":41,"key":"Swift Potion"}],"is_trial":false,"path_per_floor":["M","M","M","M","M","R","M","M","T","M","R","E","M","M","R","B",null,"M","$","M","?","?","E","M","R","T","M","M","R","M","M","R","B",null,"M","?","?","M","M","R","M","M","T","M","M","$","M","?","R","B",null],"character_chosen":"IRONCLAD","items_purchased":["Thunderclap","Discovery+1","Intimidate+1","Blue Candle","Explosive Potion","Inflame+1","TheAbacus","Pear","Bronze Scales","Warcry+1","Havoc+1"],"campfire_rested":2,"item_purchase_floors":[19,19,19,19,19,46,46,46,46,46,46],"current_hp_per_floor":[80,80,80,67,24,48,39,32,32,29,68,57,60,56,56,33,80,80,80,80,65,49,53,61,61,61,67,81,81,87,92,92,58,92,92,72,72,65,62,62,60,63,63,60,65,75,82,82,82,101],"gold":244,"neow_bonus":"","is_prod":false,"is_daily":true,"chose_seed":false,"campfire_upgraded":6,"win_rate":0,"timestamp":1543507771,"path_taken":["M","M","M","M","M","R","M","M","T","M","R","E","M","M","R","BOSS","M","$","M","?","?","E","M","R","T","M","M","R","M","M","R","BOSS","M","?","?","M","M","R","M","M","T","M","M","$","M","?","R","BOSS"],"build_version":"2018-11-15","purchased_purges":1,"victory":true,"max_hp_per_floor":[80,80,80,80,80,80,80,80,80,80,80,80,80,80,80,80,80,80,80,80,85,85,85,85,85,85,85,92,92,92,92,92,92,92,92,92,92,92,92,92,92,92,92,92,92,102,102,102,102,102],"card_choices":[{"not_picked":["Anger","Clothesline","Perfected Strike"],"picked":"Hemokinesis","floor":12},{"not_picked":["Barricade","Exhume+1","Fiend Fire"],"picked":"Immolate","floor":16},{"not_picked":["Second Wind+1","Burning Pact+1","Sword Boomerang"],"picked":"Perfected Strike+1","floor":23},{"not_picked":["Double Tap+1","Reaper","Barricade+1"],"picked":"Brutality+1","floor":33},{"not_picked":["Havoc+1","Evolve+1","Hemokinesis+1"],"picked":"True Grit+1","floor":36}],"player_experience":543216,"relics_obtained":[{"floor":1,"key":"Juzu Bracelet"},{"floor":2,"key":"Art of War"},{"floor":3,"key":"Smiling Mask"},{"floor":4,"key":"PreservedInsect"},{"floor":5,"key":"Sundial"},{"floor":7,"key":"Letter Opener"},{"floor":8,"key":"Regal Pillow"},{"floor":9,"key":"Question Card"},{"floor":10,"key":"Toxic Egg 2"},{"floor":12,"key":"Self Forming Clay"},{"floor":13,"key":"Whetstone"},{"floor":14,"key":"Ancient Tea Set"},{"floor":18,"key":"Blood Vial"},{"floor":20,"key":"Bag of Marbles"},{"floor":22,"key":"Enchiridion"},{"floor":23,"key":"Centennial Puzzle"},{"floor":24,"key":"Pantograph"},{"floor":26,"key":"Meat on the Bone"},{"floor":27,"key":"Happy Flower"},{"floor":28,"key":"Strawberry"},{"floor":30,"key":"Frozen Egg 2"},{"floor":31,"key":"Ornamental Fan"},{"floor":35,"key":"Old Coin"},{"floor":36,"key":"Ice Cream"},{"floor":38,"key":"Dodecahedron"},{"floor":39,"key":"MawBank"},{"floor":41,"key":"Mercury Hourglass"},{"floor":42,"key":"Ginger"},{"floor":43,"key":"Mummified Hand"},{"floor":44,"key":"Bottled Flame"},{"floor":45,"key":"Matryoshka"},{"floor":47,"key":"Boot"}],"event_choices":[{"damage_healed":0,"gold_gain":0,"player_choice":"Shed Blood","damage_taken":20,"max_hp_gain":5,"max_hp_loss":0,"event_name":"Forgotten Altar","floor":21,"gold_loss":0},{"damage_healed":0,"gold_gain":0,"player_choice":"Obtained Book","damage_taken":16,"max_hp_gain":0,"max_hp_loss":0,"event_name":"Cursed Tome","floor":22,"gold_loss":0},{"damage_healed":0,"gold_gain":0,"player_choice":"Fight","damage_taken":0,"max_hp_gain":0,"max_hp_loss":0,"event_name":"MindBloom","floor":36,"gold_loss":0},{"cards_removed":["Infernal Blade"],"damage_healed":0,"gold_gain":0,"player_choice":"Gave Card","damage_taken":0,"relics_obtained":["Tiny Chest"],"max_hp_gain":0,"max_hp_loss":0,"event_name":"WeMeetAgain","floor":37,"gold_loss":0},{"damage_healed":0,"gold_gain":100,"player_choice":"Pray","damage_taken":0,"max_hp_gain":0,"max_hp_loss":0,"event_name":"Golden Shrine","floor":48,"gold_loss":0}],"is_beta":false,"boss_relics":[{"not_picked":["Runic Pyramid","Eternal Feather"],"picked":"Cursed Key"},{"not_picked":["Lizard Tail","Sozu"],"picked":"Pandora\u0027s Box"}],"items_purged_floors":[46],"is_endless":false,"potions_floor_spawned":[2,4,5,10,13,28,30,33,38,41,45],"ascension_level":0}