{"gold_per_floor":[117,128,128,142,167,206,206,231,231,262,262,44,67,67,67,188,188,212,212,237,162,180,180,215,64,64,89,49,68,91,110,110,235,235,259,272,292,316,316,360,360,399,399,26,26],"floor_reached":45,"playtime":4395,"items_purged":["Defend_R"],"score":637,"play_id":"b5bd0273-47ce-4670-bd58-131734346ffa","local_time":"20181117235829","is_ascension_mode":true,"campfire_choices":[{"data":"Flame Barrier","floor":7,"key":"SMITH"},{"floor":15,"key":"REST"},{"floor":23,"key":"REST"},{"floor":32,"key":"REST"},{"data":"Barricade","floor":41,"key":"SMITH"}],"neow_cost":"NONE","seed_source_timestamp":177009232688789,"circlet_count":0,"master_deck":["Strike_R","Strike_R","Strike_R","Defend_R","Defend_R","Bash","Spot Weakness","Body Slam","Power Through","Flame Barrier+1","Armaments","Shrug It Off+1","Shockwave","Whirlwind","Limit Break","Body Slam+1","Heavy Blade+1","Burning Pact+1","Inflame","Pommel Strike","Clothesline+1","Exhume","Barricade+1","Carnage","Warcry","Headbutt","Shrug It Off"],"relics":["Burning Blood","Golden Idol","Regal Pillow","PreservedInsect","Bag of Preparation","Potion Belt","Bronze Scales","Runic Cube","Nilry\u0027s Codex","Strawberry","Happy Flower","Sundial","Coffee Dripper","Bag of Marbles","Singing Bowl","Toxic Egg 2","Red Skull","Ancient Tea Set"],"potions_floor_usage":[6,10,10,20,24,30,31,31,31,31,33,33,33,40,42,42,42],"damage_taken":[{"damage":3,"enemies":"2 Louse","floor":1,"turns":3},{"damage":6,"enemies":"Jaw Worm","floor":2,"turns":5},{"damage":10,"enemies":"Small Slimes","floor":4,"turns":4},{"damage":14,"enemies":"Exordium Thugs","floor":5,"turns":5},{"damage":33,"enemies":"3 Sentries","floor":6,"turns":12},{"damage":32,"enemies":"Lagavulin","floor":10,"turns":8},{"damage":1,"enemies":"Looter","floor":13,"turns":4},{"damage":21,"enemies":"Slime Boss","floor":16,"turns":10},{"damage":14,"enemies":"3 Byrds","floor":18,"turns":5},{"damage":15,"enemies":"Chosen","floor":20,"turns":7},{"damage":38,"enemies":"Centurion and Healer","floor":22,"turns":8},{"damage":32,"enemies":"Book of Stabbing","floor":24,"turns":5},{"damage":13,"enemies":"Snake Plant","floor":27,"turns":4},{"damage":7,"enemies":"Snecko","floor":29,"turns":4},{"damage":17,"enemies":"Centurion and Healer","floor":30,"turns":4},{"damage":4,"enemies":"Shelled Parasite and Fungi","floor":31,"turns":4},{"damage":53,"enemies":"Collector","floor":33,"turns":14},{"damage":0,"enemies":"Orb Walker","floor":35,"turns":3},{"damage":13,"enemies":"3 Darklings","floor":36,"turns":4},{"damage":29,"enemies":"Spire Growth","floor":37,"turns":5},{"damage":27,"enemies":"Writhing Mass","floor":38,"turns":6},{"damage":27,"enemies":"Nemesis","floor":40,"turns":5},{"damage":3,"enemies":"Giant Head","floor":42,"turns":7},{"damage":28,"enemies":"4 Shapes","floor":45,"turns":3}],"seed_played":"5799048795477151258","potions_obtained":[{"floor":4,"key":"BloodPotion"},{"floor":5,"key":"GamblersBrew"},{"floor":6,"key":"GamblersBrew"},{"floor":13,"key":"Block Potion"},{"floor":22,"key":"Poison Potion"},{"floor":24,"key":"Swift Potion"},{"floor":29,"key":"Poison Potion"},{"floor":30,"key":"EntropicBrew"},{"floor":33,"key":"EssenceOfSteel"},{"floor":35,"key":"FearPotion"},{"floor":39,"key":"FearPotion"},{"floor":39,"key":"FearPotion"},{"floor":39,"key":"AttackPotion"}],"is_trial":false,"path_per_floor":["M","M","?","M","M","E","R","T","T","E","?","$","M","?","R","B",null,"M","?","M","?","M","R","E","$","T","M","?","M","M","M","R","B",null,"M","M","M","M","?","E","R","E","T","$","M"],"character_chosen":"IRONCLAD","items_purchased":["Bronze Scales","Shockwave","Happy Flower","Red Skull","Ancient Tea Set"],"campfire_rested":3,"item_purchase_floors":[12,12,25,44,44],"current_hp_per_floor":[88,88,66,62,54,27,27,27,27,9,9,9,14,7,48,33,88,80,64,55,55,23,64,45,45,45,38,38,37,26,28,71,24,95,95,88,65,44,44,23,23,28,28,28,0],"gold":26,"neow_bonus":"TEN_PERCENT_HP_BONUS","is_prod":false,"is_daily":false,"chose_seed":false,"campfire_upgraded":2,"win_rate":0,"timestamp":1542527909,"path_taken":["M","M","?","M","M","E","R","?","T","E","?","$","?","?","R","BOSS","M","?","M","?","M","R","E","$","T","M","?","?","M","M","R","BOSS","M","M","M","M","?","E","R","E","T","?","M"],"build_version":"2018-11-15","purchased_purges":1,"victory":false,"max_hp_per_floor":[88,88,88,88,88,88,88,88,88,88,88,88,88,88,88,88,88,88,88,88,88,88,88,95,95,95,95,95,95,95,95,95,95,95,95,95,95,95,95,95,95,97,97,97,97],"card_choices":[{"not_picked":["Warcry","Headbutt"],"picked":"Spot Weakness","floor":1},{"not_picked":["Thunderclap","Sword Boomerang"],"picked":"Body Slam","floor":2},{"not_picked":["Dual Wield","Second Wind"],"picked":"Power Through","floor":4},{"not_picked":["Cleave","True Grit"],"picked":"Flame Barrier","floor":5},{"not_picked":["Headbutt","Second Wind"],"picked":"Armaments","floor":6},{"not_picked":["Spot Weakness","Heavy Blade"],"picked":"Shrug It Off","floor":10},{"not_picked":["Cleave","Burning Pact"],"picked":"Whirlwind","floor":13},{"not_picked":["Juggernaut","Brutality"],"picked":"Limit Break","floor":16},{"not_picked":["Burning Pact","Clash"],"picked":"Body Slam","floor":18},{"not_picked":["Sword Boomerang+1","Twin Strike+1"],"picked":"Heavy Blade+1","floor":20},{"not_picked":["Perfected Strike+1","Dropkick"],"picked":"Burning Pact+1","floor":22},{"not_picked":["Clothesline","Cleave+1"],"picked":"Inflame","floor":24},{"not_picked":["Rampage","Dropkick","Iron Wave"],"picked":"SKIP","floor":27},{"not_picked":["Clash","Iron Wave"],"picked":"Pommel Strike","floor":29},{"not_picked":["Pummel","Inflame"],"picked":"Clothesline+1","floor":30},{"not_picked":["Cleave","Wild Strike+1"],"picked":"Exhume","floor":31},{"not_picked":["Offering","Juggernaut"],"picked":"Barricade","floor":33},{"not_picked":["Wild Strike+1","Clothesline+1"],"picked":"Carnage","floor":35},{"not_picked":["Body Slam","Carnage"],"picked":"Warcry","floor":36},{"not_picked":["Pommel Strike","Flex","Combust"],"picked":"SKIP","floor":37},{"not_picked":["Hemokinesis","Anger"],"picked":"Headbutt","floor":38},{"not_picked":["Feel No Pain","Carnage"],"picked":"Shrug It Off","floor":40},{"not_picked":["Perfected Strike+1","Pommel Strike+1","Shockwave"],"picked":"Singing Bowl","floor":42}],"player_experience":275319,"relics_obtained":[{"floor":6,"key":"Regal Pillow"},{"floor":8,"key":"PreservedInsect"},{"floor":9,"key":"Bag of Preparation"},{"floor":10,"key":"Potion Belt"},{"floor":19,"key":"Nilry\u0027s Codex"},{"floor":24,"key":"Strawberry"},{"floor":26,"key":"Sundial"},{"floor":40,"key":"Bag of Marbles"},{"floor":42,"key":"Singing Bowl"},{"floor":43,"key":"Toxic Egg 2"}],"event_choices":[{"damage_healed":0,"gold_gain":0,"player_choice":"Take Damage","damage_taken":22,"relics_obtained":["Golden Idol"],"max_hp_gain":0,"max_hp_loss":0,"event_name":"Golden Idol","floor":3,"gold_loss":0},{"cards_removed":["Strike_R"],"damage_healed":0,"gold_gain":0,"player_choice":"Purged","damage_taken":0,"max_hp_gain":0,"max_hp_loss":0,"event_name":"Purifier","floor":11,"gold_loss":0},{"cards_removed":["Strike_R"],"damage_healed":0,"gold_gain":0,"player_choice":"Card Removal","damage_taken":7,"max_hp_gain":0,"max_hp_loss":0,"event_name":"Golden Wing","floor":14,"gold_loss":0},{"damage_healed":0,"gold_gain":0,"player_choice":"Obtained Book","damage_taken":16,"max_hp_gain":0,"max_hp_loss":0,"event_name":"Cursed Tome","floor":19,"gold_loss":0},{"cards_removed":["Defend_R"],"damage_healed":0,"gold_gain":0,"player_choice":"Gave Gold","damage_taken":0,"max_hp_gain":0,"max_hp_loss":0,"event_name":"Beggar","floor":21,"gold_loss":75},{"damage_healed":0,"gold_gain":0,"player_choice":"Upgraded Two","damage_taken":0,"max_hp_gain":0,"max_hp_loss":0,"event_name":"Designer","floor":28,"gold_loss":40,"cards_upgraded":["Body Slam","Shrug It Off"]},{"damage_healed":0,"gold_gain":0,"player_choice":"Got Potions","damage_taken":0,"max_hp_gain":0,"max_hp_loss":0,"event_name":"Lab","floor":39,"gold_loss":0}],"is_beta":false,"boss_relics":[{"not_picked":["Black Star","Philosopher\u0027s Stone"],"picked":"Runic Cube"},{"not_picked":["Eternal Feather","Pandora\u0027s Box"],"picked":"Coffee Dripper"}],"items_purged_floors":[44],"is_endless":false,"potions_floor_spawned":[4,5,6,13,22,24,29,30,33,35],"killed_by":"4 Shapes","ascension_level":3}