{"gold_per_floor":[112,122,122,135,148,148,167,167,221,221,237,237,247,264,264,367,367,387,398,398,398,408,408,422,422,447,447,447,447,41,61,61,160,160,178,278,294,294,40,40,40,40,40,40,58,58],"floor_reached":46,"playtime":2361,"items_purged":["Strike_G","Strike_G"],"score":755,"play_id":"e723fa7d-8a81-4e2c-b253-25621b8d2aeb","local_time":"20190728225635","is_ascension_mode":true,"campfire_choices":[{"data":"Dash","floor":6,"key":"SMITH"},{"data":"Neutralize","floor":8,"key":"SMITH"},{"data":"Noxious Fumes","floor":10,"key":"SMITH"},{"data":"Glass Knife","floor":12,"key":"SMITH"},{"data":"Sucker Punch","floor":15,"key":"SMITH"},{"floor":23,"key":"REST"},{"data":"Blur","floor":25,"key":"SMITH"},{"floor":28,"key":"REST"},{"data":"Apotheosis","floor":32,"key":"SMITH"},{"floor":40,"key":"REST"},{"data":"Discovery","floor":42,"key":"SMITH"},{"data":"Well Laid Plans","floor":44,"key":"SMITH"}],"neow_cost":"PERCENT_DAMAGE","seed_source_timestamp":250692214632100,"circlet_count":0,"master_deck":["AscendersBane","Strike_G","Strike_G","Defend_G","Defend_G","Defend_G","Defend_G","Defend_G","Survivor","Neutralize+1","Discovery+1","Panacea","Cloak And Dagger","Well Laid Plans+1","Dagger Spray","Dash+1","Noxious Fumes+1","Glass Knife+1","Noxious Fumes","Sucker Punch+1","Corpse Explosion","Quick Slash+1","Cloak And Dagger+1","Phantasmal Killer","Backstab+1","Blur+1","Bullet Time","Apotheosis+1","Footwork","Bullet Time","PiercingWail+1","Prepared+1","Panacea","Backflip+1"],"relics":["Ring of the Snake","Bag of Marbles","Sozu","Nilry\u0027s Codex","Ancient Tea Set","Bronze Scales","Cursed Key","Ginger","Oddly Smooth Stone"],"potions_floor_usage":[33],"damage_taken":[{"damage":0,"enemies":"Jaw Worm","floor":1,"turns":3},{"damage":2,"enemies":"Small Slimes","floor":2,"turns":4},{"damage":0,"enemies":"2 Louse","floor":4,"turns":3},{"damage":1,"enemies":"Red Slaver","floor":5,"turns":4},{"damage":2,"enemies":"3 Louse","floor":7,"turns":3},{"damage":0,"enemies":"Looter","floor":11,"turns":3},{"damage":9,"enemies":"Blue Slaver","floor":13,"turns":4},{"damage":0,"enemies":"3 Louse","floor":14,"turns":3},{"damage":0,"enemies":"Slime Boss","floor":16,"turns":8},{"damage":6,"enemies":"3 Byrds","floor":18,"turns":2},{"damage":12,"enemies":"Shell Parasite","floor":19,"turns":4},{"damage":0,"enemies":"3 Cultists","floor":22,"turns":2},{"damage":6,"enemies":"Snake Plant","floor":24,"turns":4},{"damage":1,"enemies":"Snecko","floor":31,"turns":4},{"damage":22,"enemies":"Collector","floor":33,"turns":8},{"damage":9,"enemies":"3 Shapes","floor":35,"turns":6},{"damage":19,"enemies":"Mind Bloom Boss Battle","floor":36,"turns":6},{"damage":0,"enemies":"Orb Walker","floor":37,"turns":2},{"damage":27,"enemies":"Spire Growth","floor":45,"turns":7},{"damage":37,"enemies":"3 Darklings","floor":46,"turns":3}],"seed_played":"1999587687278019186","potions_obtained":[{"floor":2,"key":"Ancient Potion"},{"floor":5,"key":"SneckoOil"},{"floor":11,"key":"GhostInAJar"}],"is_trial":false,"path_per_floor":["M","M","?","M","M","R","M","R","T","R","M","R","M","M","R","B",null,"M","M","?","?","M","R","M","R","T","?","R","?","$","M","R","B",null,"M","?","M","?","$","R","$","R","T","R","M","M"],"character_chosen":"THE_SILENT","items_purchased":["Apotheosis","Bronze Scales","Oddly Smooth Stone"],"campfire_rested":3,"item_purchase_floors":[30,30,39],"current_hp_per_floor":[45,43,66,66,65,65,63,63,63,63,63,63,54,54,54,54,66,60,48,32,32,32,53,47,47,47,34,56,56,56,55,55,33,65,56,37,37,37,37,59,59,59,59,59,32,0],"gold":58,"neow_bonus":"RANDOM_COLORLESS_2","is_prod":false,"is_daily":false,"chose_seed":false,"campfire_upgraded":9,"win_rate":0,"timestamp":1564322195,"path_taken":["M","M","?","M","M","R","M","R","T","R","M","R","M","M","R","BOSS","M","M","?","?","M","R","?","R","T","?","R","?","?","M","R","BOSS","M","?","M","?","$","R","?","R","T","R","?","M"],"build_version":"2019-07-17","purchased_purges":2,"victory":false,"max_hp_per_floor":[70,70,70,70,70,70,70,70,70,70,70,70,70,70,70,70,70,70,70,70,70,70,70,70,70,70,75,75,75,75,75,75,75,75,75,75,75,75,75,75,75,75,75,75,75,75],"card_choices":[{"not_picked":["Infinite Blades","Blade Dance"],"picked":"Cloak And Dagger","floor":1},{"not_picked":["Backflip","Outmaneuver"],"picked":"Well Laid Plans","floor":2},{"not_picked":["Distraction","Terror"],"picked":"Dagger Spray","floor":4},{"not_picked":["Dodge and Roll","Leg Sweep"],"picked":"Dash","floor":5},{"not_picked":["Distraction","Reflex"],"picked":"Noxious Fumes","floor":7},{"not_picked":["Crippling Poison","Cloak And Dagger"],"picked":"Glass Knife","floor":11},{"not_picked":["PiercingWail","Blade Dance"],"picked":"Noxious Fumes","floor":13},{"not_picked":["Calculated Gamble","Outmaneuver"],"picked":"Sucker Punch","floor":14},{"not_picked":["Doppelganger","Grand Finale"],"picked":"Corpse Explosion","floor":16},{"not_picked":["Outmaneuver+1","Deadly Poison"],"picked":"Quick Slash+1","floor":18},{"not_picked":["Deflect","Poisoned Stab+1"],"picked":"Cloak And Dagger+1","floor":19},{"not_picked":["Skewer","Prepared"],"picked":"Backstab+1","floor":22},{"not_picked":["Infinite Blades","Deadly Poison+1"],"picked":"Blur","floor":24},{"not_picked":["Bane","Doppelganger"],"picked":"Footwork","floor":31},{"not_picked":["Burst","Envenom"],"picked":"Bullet Time","floor":33},{"not_picked":["Dodge and Roll+1","Underhanded Strike"],"picked":"PiercingWail+1","floor":35},{"not_picked":["Quick Slash","Poisoned Stab+1"],"picked":"Prepared+1","floor":37},{"not_picked":["Good Instincts","Dramatic Entrance"],"picked":"Panacea","floor":38},{"not_picked":["Deadly Poison","Doppelganger"],"picked":"Backflip+1","floor":45}],"player_experience":494555,"relics_obtained":[{"floor":9,"key":"Bag of Marbles"},{"floor":20,"key":"Nilry\u0027s Codex"},{"floor":26,"key":"Ancient Tea Set"},{"floor":36,"key":"Ginger"}],"event_choices":[{"damage_healed":23,"gold_gain":0,"player_choice":"Banana","damage_taken":0,"max_hp_gain":0,"max_hp_loss":0,"event_name":"Big Fish","floor":3,"gold_loss":0},{"damage_healed":0,"gold_gain":0,"player_choice":"Obtained Book","damage_taken":16,"max_hp_gain":0,"max_hp_loss":0,"event_name":"Cursed Tome","floor":20,"gold_loss":0},{"damage_healed":0,"gold_gain":0,"cards_transformed":["Strike_G"],"player_choice":"Transformed","damage_taken":0,"max_hp_gain":0,"max_hp_loss":0,"event_name":"Transmorgrifier","floor":21,"gold_loss":0,"cards_obtained":["Phantasmal Killer"]},{"damage_healed":0,"gold_gain":0,"player_choice":"Shed Blood","damage_taken":18,"max_hp_gain":5,"max_hp_loss":0,"event_name":"Forgotten Altar","floor":27,"gold_loss":0},{"damage_healed":0,"gold_gain":0,"player_choice":"Read","damage_taken":0,"max_hp_gain":0,"max_hp_loss":0,"event_name":"The Library","floor":29,"gold_loss":0,"cards_obtained":["Bullet Time"]},{"damage_healed":0,"gold_gain":0,"player_choice":"Fight","damage_taken":0,"max_hp_gain":0,"max_hp_loss":0,"event_name":"MindBloom","floor":36,"gold_loss":0},{"damage_healed":0,"gold_gain":0,"player_choice":"Memory 1","damage_taken":0,"max_hp_gain":0,"max_hp_loss":0,"event_name":"SensoryStone","floor":38,"gold_loss":0}],"is_beta":false,"boss_relics":[{"not_picked":["Orrery","Busted Crown"],"picked":"Sozu"},{"not_picked":["Black Star","Velvet Choker"],"picked":"Cursed Key"}],"items_purged_floors":[30,39],"is_endless":false,"potions_floor_spawned":[2,5,11,13,18,31,33,35,36,45],"killed_by":"3 Darklings","ascension_level":11}