{"gold_per_floor":[16,27,42,55,67,67,142,200,200,200,211,211,211,226,226,297,297,309,324,54,67,85,85,85],"floor_reached":24,"playtime":1504,"items_purged":["Strike_G"],"score":364,"play_id":"e6e80e6e-4838-4794-ae45-fa7b077ebd5e","local_time":"20190804022743","is_ascension_mode":true,"campfire_choices":[{"data":"Noxious Fumes","floor":10,"key":"SMITH"},{"data":"Noxious Fumes","floor":13,"key":"SMITH"},{"data":"Caltrops","floor":15,"key":"SMITH"},{"floor":23,"key":"REST"}],"neow_cost":"NO_GOLD","seed_source_timestamp":89545687330400,"circlet_count":0,"master_deck":["AscendersBane","Strike_G","Strike_G","Strike_G","Strike_G","Defend_G","Defend_G","Defend_G","Defend_G","Defend_G","Survivor","Neutralize+1","Jack Of All Trades","Dramatic Entrance","Acrobatics","Dash","Calculated Gamble","Flying Knee","Noxious Fumes+1","Noxious Fumes+1","Caltrops+1","Wraith Form v2","Apotheosis"],"relics":["Ring of the Snake","Tiny Chest","Omamori","Busted Crown"],"potions_floor_usage":[4,8,8,19,21],"damage_taken":[{"damage":0,"enemies":"Small Slimes","floor":1,"turns":5},{"damage":0,"enemies":"2 Louse","floor":2,"turns":3},{"damage":0,"enemies":"Cultist","floor":3,"turns":4},{"damage":1,"enemies":"Exordium Thugs","floor":4,"turns":7},{"damage":0,"enemies":"3 Louse","floor":5,"turns":4},{"damage":10,"enemies":"3 Sentries","floor":8,"turns":6},{"damage":0,"enemies":"Blue Slaver","floor":11,"turns":4},{"damage":11,"enemies":"Looter","floor":14,"turns":4},{"damage":29,"enemies":"The Guardian","floor":16,"turns":9},{"damage":7,"enemies":"Shell Parasite","floor":18,"turns":8},{"damage":22,"enemies":"Spheric Guardian","floor":19,"turns":7},{"damage":10,"enemies":"Centurion and Healer","floor":21,"turns":8},{"damage":25,"enemies":"Shelled Parasite and Fungi","floor":22,"turns":7},{"damage":46,"enemies":"Gremlin Leader","floor":24,"turns":4}],"seed_played":"4868193395605012553","potions_obtained":[{"floor":1,"key":"PowerPotion"},{"floor":3,"key":"SpeedPotion"},{"floor":5,"key":"Energy Potion"},{"floor":14,"key":"Block Potion"},{"floor":16,"key":"Regen Potion"},{"floor":18,"key":"Regen Potion"},{"floor":22,"key":"SmokeBomb"}],"is_trial":false,"path_per_floor":["M","M","M","M","M","?","?","E","T","R","M","?","R","M","R","B",null,"M","M","$","M","M","R","E"],"character_chosen":"THE_SILENT","items_purchased":["Apotheosis"],"campfire_rested":1,"item_purchase_floors":[20],"current_hp_per_floor":[59,59,59,58,58,58,47,37,37,37,37,66,66,55,55,26,56,49,42,42,47,22,41,0],"gold":85,"neow_bonus":"RANDOM_COLORLESS_2","is_prod":false,"is_daily":false,"chose_seed":false,"campfire_upgraded":3,"win_rate":0,"timestamp":1564853263,"path_taken":["M","M","M","M","M","?","?","E","T","R","M","?","R","M","R","BOSS","M","M","$","M","?","R","E"],"build_version":"2019-07-17","purchased_purges":1,"victory":false,"max_hp_per_floor":[66,66,66,66,66,66,66,66,66,66,66,66,66,66,66,66,66,66,66,66,66,66,66,66],"card_choices":[{"not_picked":["Flechettes","Slice"],"picked":"Acrobatics","floor":1},{"not_picked":["Underhanded Strike","Terror"],"picked":"Dash","floor":2},{"not_picked":["Terror","Deflect"],"picked":"Calculated Gamble","floor":3},{"not_picked":["Distraction","Cloak And Dagger"],"picked":"Skewer","floor":4},{"not_picked":["Dagger Throw","Acrobatics"],"picked":"Flying Knee","floor":5},{"not_picked":["Endless Agony","Dodge and Roll"],"picked":"Noxious Fumes","floor":8},{"not_picked":["Skewer","Poisoned Stab"],"picked":"Noxious Fumes","floor":11},{"not_picked":["Concentrate","Setup"],"picked":"Caltrops","floor":14},{"not_picked":["Phantasmal Killer","Die Die Die"],"picked":"Wraith Form v2","floor":16},{"not_picked":["Infinite Blades"],"picked":"SKIP","floor":18},{"not_picked":["Deadly Poison"],"picked":"SKIP","floor":19},{"not_picked":["Bane"],"picked":"SKIP","floor":21},{"not_picked":["Reflex"],"picked":"SKIP","floor":22}],"player_experience":556736,"relics_obtained":[{"floor":8,"key":"Tiny Chest"},{"floor":9,"key":"Omamori"}],"event_choices":[{"damage_healed":0,"gold_gain":0,"player_choice":"Grow","damage_taken":0,"max_hp_gain":0,"max_hp_loss":0,"event_name":"Living Wall","floor":6,"gold_loss":0,"cards_upgraded":["Neutralize"]},{"damage_healed":0,"gold_gain":75,"player_choice":"Gather Gold","damage_taken":11,"max_hp_gain":0,"max_hp_loss":0,"event_name":"World of Goop","floor":7,"gold_loss":0},{"cards_removed":["Skewer"],"damage_healed":29,"gold_gain":0,"player_choice":"Offered Uncommon","damage_taken":0,"max_hp_gain":0,"max_hp_loss":0,"event_name":"Bonfire Elementals","floor":12,"gold_loss":0}],"is_beta":false,"boss_relics":[{"not_picked":["Calling Bell","Runic Dome"],"picked":"Busted Crown"}],"items_purged_floors":[20],"is_endless":false,"potions_floor_spawned":[1,3,5,14,16,18,22],"killed_by":"Gremlin Leader","ascension_level":16}