{"gold_per_floor":[217,234,252,269,11,38,49,69,69,9,9,9,38,55,55,153,153,173,173,29,40,40,40,66,66,66,66,82,82,100,100,100,100],"floor_reached":33,"playtime":2897,"items_purged":[],"score":330,"play_id":"4793e645-e8b8-4e58-a5ff-e24724857769","local_time":"20181023225226","is_ascension_mode":true,"campfire_choices":[{"floor":11.0,"key":"REST"},{"floor":15.0,"key":"REST"},{"floor":23,"key":"REST"},{"data":"Poisoned Stab","floor":25,"key":"SMITH"},{"data":"Poisoned Stab","floor":27,"key":"SMITH"},{"data":"Flying Knee","floor":32,"key":"SMITH"}],"neow_cost":"NONE","seed_source_timestamp":0,"circlet_count":0,"master_deck":["Defend_G","Defend_G","Defend_G","Defend_G","Defend_G","Strike_G","Strike_G","Strike_G","Strike_G","Strike_G","Survivor","Neutralize","Poisoned Stab+1","Blur+1","Poisoned Stab+1","Crippling Poison","Bane","Flying Knee+1","Backflip","Outmaneuver","Cloak And Dagger","After Image+1","Caltrops+1","Dagger Throw+1","Ghostly","Ghostly","Ghostly","Ghostly","Ghostly","Adrenaline","Prepared"],"special_seed":0,"relics":["Ring of the Serpent","Frozen Egg 2","Ornamental Fan","Pear","Mummified Hand","Ginger","MutagenicStrength","Bronze Scales","Meat on the Bone","Boot"],"potions_floor_usage":[24],"damage_taken":[{"damage":1.0,"enemies":"2 Louse","floor":1.0,"turns":3.0},{"damage":0.0,"enemies":"Cultist","floor":2.0,"turns":3.0},{"damage":0.0,"enemies":"Small Slimes","floor":3.0,"turns":3.0},{"damage":8.0,"enemies":"3 Louse","floor":4.0,"turns":3.0},{"damage":10.0,"enemies":"3 Sentries","floor":6.0,"turns":11.0},{"damage":3.0,"enemies":"Large Slime","floor":7.0,"turns":6.0},{"damage":6.0,"enemies":"2 Fungi Beasts","floor":8.0,"turns":3.0},{"damage":12.0,"enemies":"Gremlin Nob","floor":13.0,"turns":4.0},{"damage":4.0,"enemies":"Red Slaver","floor":14.0,"turns":3.0},{"damage":68.0,"enemies":"Slime Boss","floor":16.0,"turns":15.0},{"damage":24,"enemies":"Shell Parasite","floor":18,"turns":7},{"damage":29,"enemies":"2 Thieves","floor":21,"turns":4},{"damage":1,"enemies":"Gremlin Leader","floor":24,"turns":7},{"damage":0,"enemies":"Chosen and Byrds","floor":28,"turns":4},{"damage":2,"enemies":"Centurion and Healer","floor":30,"turns":6},{"damage":37,"enemies":"Collector","floor":33,"turns":8}],"seed_played":"3403120571824012663","potions_obtained":[{"floor":4.0,"key":"PowerPotion"},{"floor":7.0,"key":"Dexterity Potion"},{"floor":8.0,"key":"SkillPotion"},{"floor":13.0,"key":"EssenceOfSteel"},{"floor":14.0,"key":"Swift Potion"},{"floor":31,"key":"SneckoOil"},{"floor":31,"key":"Swift Potion"},{"floor":31,"key":"SmokeBomb"}],"is_trial":false,"path_per_floor":["M","M","M","M","$","E","M","M","T","?","R","?","E","M","R","B",null,"M","?","$","M","?","R","E","R","T","R","M","?","M","?","R"],"character_chosen":"THE_SILENT","items_purchased":["Frozen Egg 2","Bronze Scales"],"campfire_rested":3,"item_purchase_floors":[5,20],"current_hp_per_floor":[69,69,69,61,61,51,48,42,52,52,76,76,64,60,80,12,80,56,56,56,27,27,39,38,38,38,38,38,38,36,36,36,0],"gold":100,"neow_bonus":"HUNDRED_GOLD","is_prod":false,"is_daily":false,"chose_seed":false,"campfire_upgraded":3,"win_rate":0,"timestamp":1540360346,"path_taken":["M","M","M","M","$","E","M","M","T","?","R","?","E","M","R","BOSS","M","?","$","?","?","R","E","R","T","R","M","?","M","?","R","BOSS"],"build_version":"2018-10-18","purchased_purges":0,"victory":false,"max_hp_per_floor":[70,70,70,70,70,70,70,70,80,80,80,80,80,80,80,80,80,80,80,80,80,40,40,40,40,40,40,40,40,40,40,40,40],"card_choices":[{"not_picked":["Flying Knee","Backstab"],"picked":"Poisoned Stab","floor":1.0},{"not_picked":["Bane","Tactician"],"picked":"Blur","floor":2.0},{"not_picked":["PiercingWail","Dagger Spray"],"picked":"Poisoned Stab","floor":3.0},{"not_picked":["Deflect","Outmaneuver"],"picked":"Crippling Poison","floor":4.0},{"not_picked":["Acrobatics","Dodge and Roll"],"picked":"Bane","floor":6.0},{"not_picked":["Quick Slash","Die Die Die"],"picked":"Flying Knee","floor":7.0},{"not_picked":["Heel Hook","Bouncing Flask"],"picked":"Backflip","floor":8.0},{"not_picked":["Slice","Eviscerate"],"picked":"Outmaneuver","floor":13.0},{"not_picked":["Blade Dance","Bouncing Flask"],"picked":"Cloak And Dagger","floor":14.0},{"not_picked":["Die Die Die","Unload"],"picked":"After Image+1","floor":16.0},{"not_picked":["Cloak And Dagger+1","Quick Slash"],"picked":"Caltrops+1","floor":18},{"not_picked":["Expertise+1","Prepared"],"picked":"Dagger Throw+1","floor":21},{"not_picked":["Calculated Gamble+1","Outmaneuver"],"picked":"Adrenaline","floor":24},{"not_picked":["Sucker Punch+1","Masterful Stab"],"picked":"Prepared","floor":28},{"not_picked":["All Out Attack","Flying Knee+1","Deflect"],"picked":"SKIP","floor":30}],"player_experience":168356,"relics_obtained":[{"floor":6.0,"key":"Ornamental Fan"},{"floor":9.0,"key":"Pear"},{"floor":13.0,"key":"Ginger"},{"floor":24,"key":"Meat on the Bone"},{"floor":26,"key":"Boot"}],"event_choices":[{"damage_healed":0.0,"max_hp_gain":0.0,"max_hp_loss":0.0,"gold_gain":0.0,"event_name":"WeMeetAgain","player_choice":"Paid Gold","floor":10.0,"gold_loss":60.0,"damage_taken":0.0,"relics_obtained":["Mummified Hand"]},{"damage_healed":0.0,"max_hp_gain":0.0,"max_hp_loss":0.0,"gold_gain":0.0,"event_name":"The Cleric","player_choice":"Leave","floor":12.0,"gold_loss":0.0,"damage_taken":0.0},{"damage_healed":0,"gold_gain":0,"player_choice":"Inject Mutagens","damage_taken":0,"relics_obtained":["MutagenicStrength"],"max_hp_gain":0,"max_hp_loss":0,"event_name":"Drug Dealer","floor":19,"gold_loss":0},{"damage_healed":0,"gold_gain":0,"player_choice":"Became a Ghost","damage_taken":0,"max_hp_gain":0,"max_hp_loss":40,"event_name":"Ghosts","floor":22,"gold_loss":0,"cards_obtained":["Ghostly","Ghostly","Ghostly","Ghostly","Ghostly"]},{"damage_healed":0,"gold_gain":0,"player_choice":"Upgraded","damage_taken":0,"max_hp_gain":0,"max_hp_loss":0,"event_name":"Upgrade Shrine","floor":29,"gold_loss":0,"cards_upgraded":["Blur"]},{"damage_healed":0,"gold_gain":0,"player_choice":"Got Potions","damage_taken":0,"max_hp_gain":0,"max_hp_loss":0,"event_name":"The Lab","floor":31,"gold_loss":0}],"is_beta":false,"boss_relics":[{"not_picked":["Empty Cage","Fusion Hammer"],"picked":"Ring of the Serpent"}],"items_purged_floors":[],"is_endless":false,"potions_floor_spawned":[4,7,8,13,14],"killed_by":"Collector","ascension_level":2}