{"gold_per_floor":[216,216,233,246,262,262,292,292,315,315,211,211,230,250,250,327,327,339,252,268,88,88],"floor_reached":22,"playtime":1097,"items_purged":["Strike_B","Strike_B"],"score":363,"play_id":"dcd57591-5d35-4428-8a3b-71384891b976","local_time":"20190823091611","is_ascension_mode":true,"campfire_choices":[{"data":"Chaos","floor":6,"key":"SMITH"},{"floor":8,"key":"REST"},{"data":"Zap","floor":10,"key":"SMITH"},{"floor":15,"key":"REST"}],"neow_cost":"NONE","seed_source_timestamp":182323156796900,"circlet_count":0,"master_deck":["AscendersBane","Strike_B","Defend_B","Defend_B","Defend_B","Defend_B","Zap+1","Dualcast","Chaos+1","Chill","Auto Shields","Rip and Tear","Conserve Battery","Double Energy+1","Hologram","Defragment","Biased Cognition","Defragment","Chill"],"relics":["Cracked Core","Blood Vial","DataDisk","Nuclear Battery"],"potions_floor_usage":[7,7],"damage_taken":[{"damage":2,"enemies":"Jaw Worm","floor":1,"turns":3},{"damage":0,"enemies":"Cultist","floor":3,"turns":4},{"damage":0,"enemies":"Small Slimes","floor":4,"turns":5},{"damage":1,"enemies":"Blue Slaver","floor":5,"turns":5},{"damage":52,"enemies":"Gremlin Nob","floor":7,"turns":5},{"damage":4,"enemies":"2 Fungi Beasts","floor":13,"turns":4},{"damage":18,"enemies":"Lots of Slimes","floor":14,"turns":5},{"damage":17,"enemies":"The Guardian","floor":16,"turns":10},{"damage":16,"enemies":"Shell Parasite","floor":18,"turns":5},{"damage":35,"enemies":"3 Byrds","floor":20,"turns":8},{"damage":26,"enemies":"3 Cultists","floor":22,"turns":4}],"seed_played":"-7728058412664651859","potions_obtained":[{"floor":1,"key":"Ancient Potion"},{"floor":3,"key":"Energy Potion"},{"floor":4,"key":"GamblersBrew"},{"floor":16,"key":"SteroidPotion"},{"floor":20,"key":"SteroidPotion"}],"is_trial":false,"path_per_floor":["M","?","M","M","M","R","E","R","T","R","$","?","M","M","R","B",null,"M","$","M","$","M"],"character_chosen":"DEFECT","items_purchased":["Hologram","Defragment","Chill"],"campfire_rested":2,"item_purchase_floors":[11,19,21],"current_hp_per_floor":[62,62,62,62,61,61,9,30,30,30,30,30,28,12,33,18,58,44,44,11,11,0],"gold":88,"neow_bonus":"HUNDRED_GOLD","is_prod":false,"is_daily":false,"chose_seed":false,"campfire_upgraded":2,"win_rate":0,"timestamp":1566519371,"path_taken":["M","?","M","M","?","R","E","R","T","R","$","?","?","M","R","BOSS","M","$","M","$","M"],"build_version":"2019-07-17","purchased_purges":2,"victory":false,"max_hp_per_floor":[71,71,71,71,71,71,71,71,71,71,71,71,71,71,71,71,71,71,71,71,71,71],"card_choices":[{"not_picked":["Hologram","Barrage"],"picked":"Chaos","floor":1},{"not_picked":["White Noise","Steam"],"picked":"Auto Shields","floor":3},{"not_picked":["Tempest","Redo"],"picked":"Rip and Tear","floor":4},{"not_picked":["Leap","Barrage"],"picked":"Conserve Battery","floor":5},{"not_picked":["Compile Driver","Cold Snap"],"picked":"Double Energy","floor":7},{"not_picked":["Compile Driver","Ball Lightning"],"picked":"Defragment","floor":13},{"not_picked":["Thunder Strike","Sweeping Beam","Leap"],"picked":"SKIP","floor":14},{"not_picked":["Fission","Reboot"],"picked":"Biased Cognition","floor":16},{"not_picked":["Lockon","Tempest","Hello World+1"],"picked":"SKIP","floor":18},{"not_picked":["Streamline","Stack","Barrage+1"],"picked":"SKIP","floor":20}],"player_experience":764851,"relics_obtained":[{"floor":7,"key":"Blood Vial"},{"floor":9,"key":"DataDisk"}],"event_choices":[{"damage_healed":0,"gold_gain":0,"cards_transformed":["Strike_B"],"player_choice":"Transformed","damage_taken":0,"max_hp_gain":0,"max_hp_loss":0,"event_name":"Transmorgrifier","floor":2,"gold_loss":0,"cards_obtained":["Chill"]},{"damage_healed":0,"gold_gain":0,"player_choice":"Forge","damage_taken":0,"max_hp_gain":0,"max_hp_loss":0,"event_name":"Accursed Blacksmith","floor":12,"gold_loss":0,"cards_upgraded":["Double Energy"]}],"is_beta":false,"boss_relics":[{"not_picked":["Astrolabe","Velvet Choker"],"picked":"Nuclear Battery"}],"items_purged_floors":[11,21],"is_endless":false,"potions_floor_spawned":[1,3,4,16,20],"killed_by":"3 Cultists","ascension_level":19}