{"gold_per_floor":[112,131,143,156,176,202,219,231,231,231,231,252,252,20,20,145,145,168,188,29,49,64,95,95,59,59,59,59,75,23,41,41,166,166,181,41,41,166,179,179,195,236,263,284,284,307,307,35,35,35,35,35,35,35],"floor_reached":54,"playtime":9660,"items_purged":["Injury","Strike_R","Strike_R"],"score":718,"play_id":"76db5256-c368-484f-9ba6-11a91111e0bb","local_time":"20190701064412","is_ascension_mode":false,"campfire_choices":[{"floor":11,"key":"REST"},{"floor":13,"key":"REST"},{"floor":15,"key":"REST"},{"floor":28,"key":"REST"},{"floor":32,"key":"REST"},{"floor":40,"key":"REST"},{"floor":45,"key":"REST"},{"floor":47,"key":"RECALL"},{"floor":49,"key":"REST"},{"data":"Apotheosis","floor":52,"key":"SMITH"}],"neow_cost":"CURSE","seed_source_timestamp":164980092864900,"circlet_count":0,"master_deck":["Defend_R","Defend_R","Defend_R","Defend_R","Bash","Ghostly Armor","Shockwave","Body Slam","Combust","Feed","Cleave","Sentinel","Apotheosis+1","Power Through","Brutality","Body Slam+1","Infernal Blade","Discovery","True Grit","Demon Form","Burning Pact","Shrug It Off","Reaper","Demon Form+1","Perfected Strike+1","Pommel Strike+1","Entrench+1","Entrench","Second Wind+1","Bloodletting+1","Feel No Pain+1","Second Wind+1","Shrug It Off"],"relics":["Burning Blood","Ginger","Lantern","Calipers","Golden Idol","Lizard Tail","Strawberry","Bottled Lightning","Astrolabe","Du-Vu Doll","Vajra","Potion Belt"],"potions_floor_usage":[6,12,16,22,22,23,24,31,33,38,38,42,44,50,50],"damage_taken":[{"damage":1,"enemies":"Cultist","floor":1,"turns":3},{"damage":10,"enemies":"Jaw Worm","floor":2,"turns":5},{"damage":6,"enemies":"Small Slimes","floor":3,"turns":4},{"damage":3,"enemies":"2 Fungi Beasts","floor":4,"turns":5},{"damage":15,"enemies":"Looter","floor":5,"turns":3},{"damage":32,"enemies":"3 Sentries","floor":6,"turns":9},{"damage":11,"enemies":"Exordium Wildlife","floor":7,"turns":3},{"damage":17,"enemies":"Exordium Thugs","floor":8,"turns":3},{"damage":29,"enemies":"Large Slime","floor":12,"turns":6},{"damage":27,"enemies":"Hexaghost","floor":16,"turns":10},{"damage":12,"enemies":"3 Byrds","floor":18,"turns":6},{"damage":0,"enemies":"Spheric Guardian","floor":19,"turns":3},{"damage":2,"enemies":"Snecko","floor":21,"turns":4},{"damage":26,"enemies":"Centurion and Healer","floor":22,"turns":5},{"damage":53,"enemies":"Slavers","floor":23,"turns":5},{"damage":28,"enemies":"Colosseum Slavers","floor":24,"turns":3},{"damage":23,"enemies":"Shelled Parasite and Fungi","floor":29,"turns":7},{"damage":5,"enemies":"Snake Plant","floor":31,"turns":4},{"damage":50,"enemies":"Collector","floor":33,"turns":10},{"damage":22,"enemies":"3 Darklings","floor":35,"turns":5},{"damage":49,"enemies":"Mind Bloom Boss Battle","floor":38,"turns":14},{"damage":16,"enemies":"3 Shapes","floor":39,"turns":7},{"damage":9,"enemies":"Transient","floor":41,"turns":5},{"damage":70,"enemies":"Giant Head","floor":42,"turns":10},{"damage":35,"enemies":"Jaw Worm Horde","floor":44,"turns":8},{"damage":20,"enemies":"Spire Growth","floor":46,"turns":7},{"damage":64,"enemies":"Donu and Deca","floor":50,"turns":13},{"damage":96,"enemies":"Shield and Spear","floor":54,"turns":6}],"seed_played":"1076498958865773481","potions_obtained":[{"floor":3,"key":"SpeedPotion"},{"floor":4,"key":"SpeedPotion"},{"floor":7,"key":"PowerPotion"},{"floor":12,"key":"LiquidBronze"},{"floor":19,"key":"Poison Potion"},{"floor":21,"key":"PowerPotion"},{"floor":23,"key":"Strength Potion"},{"floor":29,"key":"EssenceOfSteel"},{"floor":33,"key":"Weak Potion"},{"floor":35,"key":"Block Potion"},{"floor":38,"key":"Regen Potion"},{"floor":42,"key":"PowerPotion"}],"is_trial":false,"path_per_floor":["M","M","M","M","M","E","M","M","T","?","R","M","R","$","R","B",null,"M","M","$","M","M","E","?","$","T","T","R","M","$","M","R","B",null,"M","$","?","?","M","R","M","E","T","M","R","M","R","$","R","B",null,"R","$","E"],"character_chosen":"IRONCLAD","items_purchased":["Apotheosis","Power Through","Discovery","Burning Pact","Dexterity Potion","Entrench","Shrug It Off","Poison Potion","LiquidBronze"],"campfire_rested":8,"item_purchase_floors":[14,14,20,25,30,36,48,48,48],"current_hp_per_floor":[80,76,76,79,70,44,42,34,34,13,38,18,44,44,70,49,89,83,89,89,89,73,33,11,11,11,11,41,24,24,25,55,11,100,84,84,84,45,40,68,65,17,17,44,72,58,58,58,86,28,95,95,95,0],"gold":35,"neow_bonus":"ONE_RARE_RELIC","is_prod":false,"is_daily":false,"chose_seed":false,"campfire_upgraded":1,"win_rate":0,"timestamp":1561931052,"path_taken":["M","M","M","M","?","E","M","M","T","?","R","M","R","$","R","BOSS","M","M","$","M","M","E","?","$","T","?","R","M","?","M","R","BOSS","M","$","?","?","M","R","M","E","T","M","R","M","R","$","R","BOSS","R","$","E"],"build_version":"2019-01-23","purchased_purges":3,"victory":false,"max_hp_per_floor":[80,80,80,80,80,80,83,86,86,86,86,89,89,89,89,89,89,89,89,89,89,93,100,100,100,100,100,100,100,100,100,100,100,100,100,100,95,95,95,95,95,95,95,95,95,95,95,95,95,95,95,95,95,95],"card_choices":[{"not_picked":["Havoc","Anger"],"picked":"Ghostly Armor","floor":1},{"not_picked":["Anger","Flex"],"picked":"Shockwave","floor":2},{"not_picked":["Warcry","Clothesline"],"picked":"Body Slam","floor":3},{"not_picked":["Thunderclap","Warcry"],"picked":"Combust","floor":4},{"not_picked":["Wild Strike","Twin Strike","Armaments"],"picked":"SKIP","floor":5},{"not_picked":["Ghostly Armor","Iron Wave"],"picked":"Feed","floor":6},{"not_picked":["Heavy Blade","Rampage"],"picked":"Cleave","floor":7},{"not_picked":["Cleave","Clash","Reckless Charge"],"picked":"SKIP","floor":8},{"not_picked":["Reckless Charge","Searing Blow"],"picked":"Sentinel","floor":12},{"not_picked":["Double Tap","Feed"],"picked":"Brutality","floor":16},{"not_picked":["Spot Weakness","Heavy Blade"],"picked":"Body Slam+1","floor":18},{"not_picked":["Sever Soul","Thunderclap"],"picked":"Infernal Blade","floor":19},{"not_picked":["Dual Wield","Armaments"],"picked":"True Grit","floor":21},{"not_picked":["Perfected Strike","Anger+1"],"picked":"Demon Form","floor":22},{"not_picked":["Sword Boomerang","Clash","Pommel Strike"],"picked":"SKIP","floor":23},{"not_picked":["Flex+1","Reckless Charge","Clash"],"picked":"SKIP","floor":29},{"not_picked":["Pommel Strike","Corruption+1"],"picked":"Shrug It Off","floor":31},{"not_picked":["Exhume","Limit Break"],"picked":"Reaper","floor":33},{"not_picked":["Flex+1","Spot Weakness"],"picked":"Entrench+1","floor":35},{"not_picked":["Iron Wave+1","Evolve"],"picked":"Second Wind+1","floor":38},{"not_picked":["True Grit+1","Pommel Strike+1"],"picked":"Bloodletting+1","floor":39},{"not_picked":["Wild Strike","Pommel Strike"],"picked":"Feel No Pain+1","floor":41},{"not_picked":["Carnage","Clash","Dark Embrace"],"picked":"SKIP","floor":42},{"not_picked":["Armaments","Perfected Strike","Fire Breathing+1"],"picked":"SKIP","floor":44},{"not_picked":["Combust+1","Carnage+1"],"picked":"Second Wind+1","floor":46}],"player_experience":90864,"relics_obtained":[{"floor":6,"key":"Lantern"},{"floor":9,"key":"Calipers"},{"floor":23,"key":"Strawberry"},{"floor":27,"key":"Bottled Lightning"},{"floor":38,"key":"Du-Vu Doll"},{"floor":42,"key":"Vajra"},{"floor":43,"key":"Potion Belt"}],"event_choices":[{"damage_healed":0,"gold_gain":0,"player_choice":"Take Damage","damage_taken":21,"relics_obtained":["Golden Idol"],"max_hp_gain":0,"max_hp_loss":0,"event_name":"Golden Idol","floor":10,"gold_loss":0},{"damage_healed":0,"gold_gain":0,"player_choice":"Fight","damage_taken":0,"max_hp_gain":0,"max_hp_loss":0,"event_name":"Colosseum","floor":24,"gold_loss":0},{"damage_healed":0,"gold_gain":0,"player_choice":"Fled From Nobs","damage_taken":0,"max_hp_gain":0,"max_hp_loss":0,"event_name":"Colosseum","floor":24,"gold_loss":0},{"damage_healed":0,"gold_gain":0,"player_choice":"Max HP","damage_taken":0,"max_hp_gain":0,"max_hp_loss":5,"event_name":"Winding Halls","floor":37,"gold_loss":0},{"damage_healed":0,"gold_gain":0,"player_choice":"Fight","damage_taken":0,"max_hp_gain":0,"max_hp_loss":0,"event_name":"MindBloom","floor":38,"gold_loss":0}],"is_beta":false,"boss_relics":[{"not_picked":["Philosopher\u0027s Stone","Sozu"],"picked":"Lizard Tail"},{"not_picked":["Empty Cage","Runic Cube"],"picked":"Astrolabe"}],"items_purged_floors":[20,36,48],"is_endless":false,"potions_floor_spawned":[3,4,7,12,19,21,23,29,33,35,38,42],"killed_by":"Shield and Spear","ascension_level":0}