{"gold_per_floor":[11,11,11,11,111,111,126,139,139,139,158,196,215,15,15,15],"floor_reached":16,"playtime":586,"items_purged":[],"score":155,"play_id":"d6d3a007-4f8c-45f4-be90-b4d6180c9aa0","local_time":"20190811194629","is_ascension_mode":true,"campfire_choices":[{"data":"Dualcast","floor":6,"key":"SMITH"},{"floor":10,"key":"REST"},{"floor":15,"key":"REST"}],"neow_cost":"NO_GOLD","seed_source_timestamp":103003995334100,"circlet_count":0,"master_deck":["AscendersBane","Strike_B","Strike_B","Defend_B","Defend_B","Defend_B","Defend_B","Zap","Dualcast+1","Tempest","Amplify","Cold Snap","FTL","Conserve Battery","Conserve Battery","Ball Lightning"],"relics":["Cracked Core","Golden Idol","Ornamental Fan","Unceasing Top","OrangePellets"],"potions_floor_usage":[12,16],"damage_taken":[{"damage":11,"enemies":"Jaw Worm","floor":1,"turns":4},{"damage":12,"enemies":"Small Slimes","floor":7,"turns":3},{"damage":0,"enemies":"Cultist","floor":8,"turns":2},{"damage":8,"enemies":"Exordium Wildlife","floor":11,"turns":3},{"damage":9,"enemies":"3 Sentries","floor":12,"turns":8},{"damage":0,"enemies":"Looter","floor":13,"turns":4},{"damage":46,"enemies":"Hexaghost","floor":16,"turns":15}],"seed_played":"-7687814279240880504","potions_obtained":[{"floor":1,"key":"GamblersBrew"},{"floor":7,"key":"Poison Potion"},{"floor":11,"key":"Strength Potion"}],"is_trial":false,"path_per_floor":["M","$","?","$","?","R","M","M","T","R","M","E","M","$","R","B"],"character_chosen":"DEFECT","items_purchased":["OrangePellets"],"campfire_rested":2,"item_purchase_floors":[14],"current_hp_per_floor":[57,57,39,39,39,39,27,27,27,49,41,32,32,32,54,8],"gold":15,"neow_bonus":"TRANSFORM_TWO_CARDS","is_prod":false,"is_daily":false,"chose_seed":false,"campfire_upgraded":1,"win_rate":0,"timestamp":1565520389,"path_taken":["M","$","?","?","?","R","M","M","T","R","M","E","?","$","R","BOSS"],"build_version":"2019-07-17","purchased_purges":0,"victory":false,"max_hp_per_floor":[75,75,75,75,75,75,75,75,75,75,75,75,75,75,75,75],"card_choices":[{"not_picked":["Double Energy","Compile Driver"],"picked":"Cold Snap","floor":1},{"not_picked":["Compile Driver","Doom and Gloom"],"picked":"FTL","floor":7},{"not_picked":["Redo","Hologram"],"picked":"Conserve Battery","floor":8},{"not_picked":["Aggregate","Tempest"],"picked":"Conserve Battery","floor":11},{"not_picked":["Beam Cell","Tempest","Darkness"],"picked":"SKIP","floor":12},{"not_picked":["Heatsinks","Stack"],"picked":"Ball Lightning","floor":13}],"player_experience":691824,"relics_obtained":[{"floor":9,"key":"Ornamental Fan"},{"floor":12,"key":"Unceasing Top"}],"event_choices":[{"damage_healed":0,"gold_gain":0,"player_choice":"Take Damage","damage_taken":18,"relics_obtained":["Golden Idol"],"max_hp_gain":0,"max_hp_loss":0,"event_name":"Golden Idol","floor":3,"gold_loss":0},{"damage_healed":0,"gold_gain":100,"player_choice":"Gold","damage_taken":0,"max_hp_gain":0,"max_hp_loss":0,"event_name":"Wheel of Change","floor":5,"gold_loss":0}],"is_beta":false,"boss_relics":[],"items_purged_floors":[],"is_endless":false,"potions_floor_spawned":[1,7,11],"killed_by":"Hexaghost","ascension_level":11}