{"gold_per_floor":[115,115,127,147,167,167,184,184,207,232,232,248,262,282,282,282],"floor_reached":16,"playtime":757,"items_purged":[],"score":143,"play_id":"c8d61f72-bae2-4a28-8ce2-ffdba2f17929","local_time":"20190826232814","is_ascension_mode":true,"campfire_choices":[{"data":"Body Slam","floor":6,"key":"SMITH"},{"data":"Rampage","floor":8,"key":"SMITH"},{"data":"Flame Barrier","floor":15,"key":"SMITH"}],"neow_cost":"PERCENT_DAMAGE","seed_source_timestamp":367807081557200,"circlet_count":0,"master_deck":["Strike_R","Strike_R","Strike_R","Strike_R","Defend_R","Defend_R","Defend_R","Defend_R","Bash","Body Slam+1","True Grit","Rampage+1","Headbutt","Fiend Fire","Shockwave","Carnage","Flame Barrier+1","Shrug It Off"],"relics":["Burning Blood","Torii","Blood Vial","Boot"],"potions_floor_usage":[16],"damage_taken":[{"damage":2,"enemies":"2 Louse","floor":1,"turns":4},{"damage":14,"enemies":"Jaw Worm","floor":3,"turns":3},{"damage":0,"enemies":"Small Slimes","floor":4,"turns":5},{"damage":12,"enemies":"Exordium Wildlife","floor":5,"turns":6},{"damage":1,"enemies":"Gremlin Gang","floor":7,"turns":6},{"damage":27,"enemies":"Gremlin Nob","floor":10,"turns":4},{"damage":4,"enemies":"3 Louse","floor":12,"turns":4},{"damage":8,"enemies":"Looter","floor":13,"turns":3},{"damage":3,"enemies":"2 Fungi Beasts","floor":14,"turns":4},{"damage":51,"enemies":"Hexaghost","floor":16,"turns":15}],"seed_played":"2815044543672143531","potions_obtained":[{"floor":1,"key":"Swift Potion"},{"floor":4,"key":"FearPotion"},{"floor":7,"key":"FearPotion"},{"floor":14,"key":"Dexterity Potion"}],"is_trial":false,"path_per_floor":["M","?","M","M","M","R","M","R","T","E","?","M","M","M","R","B"],"character_chosen":"IRONCLAD","items_purchased":[],"campfire_rested":0,"item_purchase_floors":[],"current_hp_per_floor":[55,55,47,53,47,47,52,52,52,33,33,37,37,42,42,0],"gold":282,"neow_bonus":"ONE_RARE_RELIC","is_prod":false,"is_daily":false,"chose_seed":false,"campfire_upgraded":3,"win_rate":0,"timestamp":1566876494,"path_taken":["M","?","M","M","M","R","M","R","T","E","?","M","M","M","R","BOSS"],"build_version":"2019-07-17","purchased_purges":0,"victory":false,"max_hp_per_floor":[80,80,80,80,80,80,80,80,80,80,80,80,80,80,80,80],"card_choices":[{"not_picked":["Combust","Searing Blow"],"picked":"Body Slam","floor":1},{"not_picked":["Havoc","Hemokinesis"],"picked":"True Grit","floor":3},{"not_picked":["Body Slam","Anger","Second Wind"],"picked":"SKIP","floor":4},{"not_picked":["Pommel Strike","Armaments"],"picked":"Rampage","floor":5},{"not_picked":["Havoc","Power Through"],"picked":"Headbutt","floor":7},{"not_picked":["Infernal Blade","Clash"],"picked":"Fiend Fire","floor":10},{"not_picked":["Sword Boomerang","Perfected Strike"],"picked":"Carnage","floor":12},{"not_picked":["Perfected Strike","Fire Breathing"],"picked":"Flame Barrier","floor":13},{"not_picked":["Heavy Blade","Warcry"],"picked":"Shrug It Off","floor":14}],"player_experience":579800,"relics_obtained":[{"floor":9,"key":"Blood Vial"},{"floor":10,"key":"Boot"}],"event_choices":[{"damage_healed":0,"gold_gain":0,"player_choice":"Ignored","damage_taken":0,"max_hp_gain":0,"max_hp_loss":0,"event_name":"Liars Game","floor":2,"gold_loss":0},{"damage_healed":0,"gold_gain":0,"cards_transformed":["Strike_R"],"player_choice":"Change","damage_taken":0,"max_hp_gain":0,"max_hp_loss":0,"event_name":"Living Wall","floor":11,"gold_loss":0,"cards_obtained":["Shockwave"]}],"is_beta":false,"boss_relics":[],"items_purged_floors":[],"is_endless":false,"potions_floor_spawned":[1,4,7,14],"killed_by":"Hexaghost","ascension_level":7}