{"gold_per_floor":[19,38,57,69,69,100,114,143,143,143,171,69,83,98,98,199,199,219,234,149,164,64,75,0,0,0,25,25,115,127,138,138,240,240,256,66,81,95,95,95,125,125,125,154,154,172,172,172,172,172],"floor_reached":51,"playtime":5336,"items_purged":["Strike_B","Defend_B"],"score":774,"play_id":"5df10fec-30af-482e-b6db-79094a87cbd9","local_time":"20181031223909","is_ascension_mode":false,"campfire_choices":[{"floor":10.0,"key":"REST"},{"floor":15.0,"key":"REST"},{"data":"Capacitor","floor":32.0,"key":"SMITH"},{"data":"Electrodynamics","floor":40.0,"key":"SMITH"},{"data":"Defragment","floor":42.0,"key":"SMITH"},{"data":"Zap","floor":47,"key":"SMITH"},{"data":"Loop","floor":49,"key":"SMITH"}],"neow_cost":"NO_GOLD","seed_source_timestamp":0,"circlet_count":0,"master_deck":["Defend_B+1","Zap+1","Dualcast","Core Surge","Steam","Chill","Barrage+1","Seek","Leap","Conserve Battery","Cold Snap","Machine Learning","Sunder","Ball Lightning","Leap","Buffer","Loop+1","Leap","Ball Lightning","Electrodynamics+1","Capacitor+1","Self Repair","White Noise+1","Biased Cognition","Double Energy+1","Buffer+1","Consume+1","Defragment+1","Buffer","Bandage Up"],"special_seed":0,"relics":["Cracked Core","Boot","Bird Faced Urn","Dream Catcher","MawBank","Inserter","Question Card","Ornamental Fan","Girya","Astrolabe","Orichalcum","Incense Burner","Dodecahedron","Sundial"],"potions_floor_usage":[50,50],"damage_taken":[{"damage":3.0,"enemies":"Jaw Worm","floor":1.0,"turns":4.0},{"damage":0.0,"enemies":"Small Slimes","floor":2.0,"turns":2.0},{"damage":0.0,"enemies":"Cultist","floor":3.0,"turns":3.0},{"damage":0.0,"enemies":"2 Fungi Beasts","floor":4.0,"turns":3.0},{"damage":11.0,"enemies":"Lagavulin","floor":6.0,"turns":6.0},{"damage":0.0,"enemies":"Large Slime","floor":7.0,"turns":4.0},{"damage":6.0,"enemies":"Gremlin Nob","floor":8.0,"turns":4.0},{"damage":8.0,"enemies":"Lagavulin","floor":11.0,"turns":6.0},{"damage":10.0,"enemies":"3 Louse","floor":13.0,"turns":3.0},{"damage":0.0,"enemies":"Looter","floor":14.0,"turns":3.0},{"damage":13.0,"enemies":"The Guardian","floor":16.0,"turns":11.0},{"damage":4.0,"enemies":"3 Byrds","floor":18.0,"turns":5.0},{"damage":11.0,"enemies":"Shell Parasite","floor":19.0,"turns":7.0},{"damage":8.0,"enemies":"Centurion and Healer","floor":21.0,"turns":8.0},{"damage":32.0,"enemies":"Cultist and Chosen","floor":23.0,"turns":7.0},{"damage":0.0,"enemies":"Gremlin Leader","floor":27.0,"turns":6.0},{"damage":9.0,"enemies":"Snake Plant","floor":30.0,"turns":5.0},{"damage":11.0,"enemies":"Centurion and Healer","floor":31.0,"turns":6.0},{"damage":0.0,"enemies":"Automaton","floor":33.0,"turns":9.0},{"damage":25.0,"enemies":"Orb Walker","floor":35.0,"turns":4.0},{"damage":0.0,"enemies":"3 Shapes","floor":37.0,"turns":5.0},{"damage":20.0,"enemies":"Jaw Worm Horde","floor":38.0,"turns":4.0},{"damage":9.0,"enemies":"Nemesis","floor":41.0,"turns":8.0},{"damage":69.0,"enemies":"Reptomancer","floor":44.0,"turns":6.0},{"damage":9,"enemies":"4 Shapes","floor":46,"turns":3},{"damage":73,"enemies":"Awakened One","floor":50,"turns":11}],"seed_played":"-1831128975110958907","potions_obtained":[{"floor":3.0,"key":"FocusPotion"},{"floor":7.0,"key":"Fire Potion"},{"floor":11.0,"key":"AttackPotion"},{"floor":13.0,"key":"Block Potion"},{"floor":19.0,"key":"Ancient Potion"},{"floor":21.0,"key":"Regen Potion"},{"floor":27.0,"key":"EntropicBrew"},{"floor":30.0,"key":"Explosive Potion"},{"floor":33.0,"key":"Explosive Potion"},{"floor":35.0,"key":"Weak Potion"},{"floor":37.0,"key":"FearPotion"},{"floor":38.0,"key":"Strength Potion"}],"is_trial":false,"path_per_floor":["M","M","M","M","?","E","M","E","T","R","E","$","M","M","R","B",null,"M","M","?","M","$","M","$","?","T","E","?","?","M","M","R","B",null,"M","$","M","M","$","R","E","R","T","E","?","M","R","?","R","B"],"character_chosen":"DEFECT","items_purchased":["Sunder","Electrodynamics","Orichalcum","Defragment"],"campfire_rested":2,"item_purchase_floors":[12,24,36,36],"current_hp_per_floor":[72,72,72,72,57,46,46,40,40,62,56,56,48,48,70,59,75,71,66,66,64,64,36,36,36,36,57,57,43,51,59,59,75,75,63,63,75,75,75,75,73,73,73,23,75,70,70,70,70,23],"gold":172,"neow_bonus":"THREE_RARE_CARDS","is_prod":false,"is_daily":false,"chose_seed":false,"campfire_upgraded":5,"win_rate":0,"timestamp":1541050749,"path_taken":["M","M","M","M","?","E","M","E","T","R","E","$","M","M","R","BOSS","M","M","?","M","$","M","$","?","T","E","?","?","M","M","R","BOSS","M","$","M","M","$","R","E","R","T","E","?","M","R","?","R","BOSS"],"build_version":"2018-10-25v2","purchased_purges":2,"victory":true,"max_hp_per_floor":[75,75,75,75,75,75,75,75,75,75,75,75,75,75,75,75,75,75,75,75,75,75,75,75,75,75,75,75,75,75,75,75,75,75,75,75,75,75,75,75,75,75,75,75,75,75,75,75,75,75],"card_choices":[{"not_picked":["Meteor Strike","Hyperbeam"],"picked":"Core Surge","floor":0.0},{"not_picked":["Beam Cell","Gash"],"picked":"Steam","floor":1.0},{"not_picked":["Sweeping Beam","Redo"],"picked":"Chill","floor":2.0},{"not_picked":["Beam Cell","Self Repair"],"picked":"Barrage","floor":3.0},{"not_picked":["Compile Driver","Genetic Algorithm"],"picked":"Seek","floor":4.0},{"not_picked":["Steam","Hologram"],"picked":"Leap","floor":6.0},{"not_picked":["Rebound","Hologram"],"picked":"Conserve Battery","floor":7.0},{"not_picked":["Doom and Gloom","Turbo"],"picked":"Cold Snap","floor":8.0},{"not_picked":["Conserve Battery","Rebound"],"picked":"Machine Learning","floor":10.0},{"not_picked":["Skim","Doom and Gloom","Lockon"],"picked":"SKIP","floor":11.0},{"not_picked":["Stack","Force Field"],"picked":"Ball Lightning","floor":13.0},{"not_picked":["Turbo","Rebound"],"picked":"Leap","floor":14.0},{"not_picked":["Rebound","Steam"],"picked":"Reprogram","floor":15.0},{"not_picked":["Multi-Cast","Thunder Strike"],"picked":"Buffer","floor":16.0},{"not_picked":["Recycle","Hologram"],"picked":"Loop","floor":18.0},{"not_picked":["Tempest","Gash+1"],"picked":"Leap","floor":19.0},{"not_picked":["Hologram+1","Sweeping Beam","Compile Driver+1"],"picked":"Ball Lightning","floor":21.0},{"not_picked":["Sweeping Beam","Gash","Beam Cell","Lockon"],"picked":"SKIP","floor":23.0},{"not_picked":["Blizzard","Thunder Strike","Redo"],"picked":"Capacitor","floor":27.0},{"not_picked":["Doom and Gloom","Chaos","Reprogram"],"picked":"White Noise+1","floor":30.0},{"not_picked":["Compile Driver+1","Streamline","Fusion+1","Go for the Eyes"],"picked":"SKIP","floor":31.0},{"not_picked":["Creative AI","Hyperbeam","All For One"],"picked":"Biased Cognition","floor":33.0},{"not_picked":["Tempest+1","Sweeping Beam+1","Stack+1","Gash+1"],"picked":"SKIP","floor":35.0},{"not_picked":["Scrape","Force Field","Cold Snap","Steam+1"],"picked":"SKIP","floor":37.0},{"not_picked":["FTL","Genetic Algorithm+1","Go for the Eyes","Streamline"],"picked":"SKIP","floor":38.0},{"not_picked":["Undo+1","Leap","Hologram","Conserve Battery"],"picked":"SKIP","floor":41.0},{"not_picked":["Redo","Static Discharge","Ball Lightning+1","Reprogram"],"picked":"SKIP","floor":44.0},{"not_picked":["Melter+1","Undo","Turbo"],"picked":"Buffer","floor":46},{"not_picked":["Mayhem","HandOfGreed","PanicButton"],"picked":"Bandage Up","floor":48}],"player_experience":215004,"relics_obtained":[{"floor":6.0,"key":"Boot"},{"floor":8.0,"key":"Bird Faced Urn"},{"floor":9.0,"key":"Dream Catcher"},{"floor":11.0,"key":"MawBank"},{"floor":26.0,"key":"Ornamental Fan"},{"floor":27.0,"key":"Girya"},{"floor":41.0,"key":"Incense Burner"},{"floor":43.0,"key":"Dodecahedron"},{"floor":44.0,"key":"Sundial"}],"event_choices":[{"damage_healed":0.0,"max_hp_gain":0.0,"max_hp_loss":0.0,"gold_gain":0.0,"event_name":"Shining Light","player_choice":"Entered Light","floor":5.0,"gold_loss":0.0,"damage_taken":15.0,"cards_upgraded":["Defend_B","Barrage"]},{"damage_healed":0.0,"max_hp_gain":0.0,"max_hp_loss":0.0,"gold_gain":0.0,"event_name":"Addict","player_choice":"Obtained Relic","floor":20.0,"gold_loss":85.0,"damage_taken":0.0,"relics_obtained":["Question Card"]},{"cards_removed":["Strike_B"],"damage_healed":0.0,"max_hp_gain":0.0,"max_hp_loss":0.0,"gold_gain":0.0,"event_name":"Back to Basics","player_choice":"Elegance","floor":25.0,"gold_loss":0.0,"damage_taken":0.0},{"damage_healed":0.0,"max_hp_gain":0.0,"max_hp_loss":0.0,"gold_gain":0.0,"cards_transformed":["Strike_B"],"event_name":"Transmorgrifier","player_choice":"Transformed","floor":28.0,"gold_loss":0.0,"damage_taken":0.0,"cards_obtained":["Self Repair"]},{"damage_healed":0.0,"max_hp_gain":0.0,"max_hp_loss":0.0,"gold_gain":90.0,"event_name":"Knowing Skull","player_choice":"GOLD ","floor":29.0,"potions_obtained":[],"gold_loss":0.0,"damage_taken":14.0,"cards_obtained":[]},{"cards_removed":["Reprogram"],"damage_healed":52,"gold_gain":0,"player_choice":"Offered Uncommon","damage_taken":0,"max_hp_gain":0,"max_hp_loss":0,"event_name":"Bonfire Elementals","floor":45,"gold_loss":0},{"damage_healed":0,"gold_gain":0,"player_choice":"Memory 1","damage_taken":0,"max_hp_gain":0,"max_hp_loss":0,"event_name":"SensoryStone","floor":48,"gold_loss":0}],"is_beta":false,"boss_relics":[{"not_picked":["White Beast Statue","Busted Crown"],"picked":"Inserter"},{"not_picked":["Runic Dome","Tiny House"],"picked":"Astrolabe"}],"items_purged_floors":[12,22],"is_endless":false,"potions_floor_spawned":[3,7,11,13,19,21,27,30,33,35,37,38],"ascension_level":0}