{"gold_per_floor":[110,129,54,54,64,99,109,109,109,109,169,169,182,182,182,310,310,329,329,329,348,175,175],"floor_reached":23,"playtime":1280,"items_purged":["Decay","Strike_B"],"score":265,"play_id":"c299583b-8cc0-49f4-8de9-44da500b45d0","local_time":"20190810185334","is_ascension_mode":true,"campfire_choices":[{"data":"Dualcast","floor":8.0,"key":"SMITH"},{"data":"Zap","floor":10.0,"key":"SMITH"},{"floor":12.0,"key":"REST"},{"data":"Darkness","floor":15.0,"key":"SMITH"}],"neow_cost":"CURSE","seed_source_timestamp":0,"circlet_count":0,"master_deck":["Strike_B","Defend_B","Defend_B","Defend_B","Zap+1","Dualcast+1","Leap","Genetic Algorithm","Cold Snap","Cold Snap","Darkness+1","Cold Snap","Machine Learning","Coolheaded+1","Redo+1","Glacier+1","Fusion","Double Energy","RitualDagger","Conserve Battery+1"],"special_seed":0,"relics":["Cracked Core","Torii","Question Card","Shuriken","Sundial","Golden Idol","Astrolabe"],"potions_floor_usage":[18,23],"damage_taken":[{"damage":1.0,"enemies":"2 Louse","floor":1.0,"turns":4.0},{"damage":0.0,"enemies":"Small Slimes","floor":2.0,"turns":3.0},{"damage":1.0,"enemies":"Cultist","floor":5.0,"turns":4.0},{"damage":19.0,"enemies":"3 Sentries","floor":6.0,"turns":9.0},{"damage":22.0,"enemies":"Exordium Thugs","floor":7.0,"turns":5.0},{"damage":8.0,"enemies":"3 Sentries","floor":11.0,"turns":10.0},{"damage":1.0,"enemies":"2 Fungi Beasts","floor":13.0,"turns":3.0},{"damage":35.0,"enemies":"Hexaghost","floor":16.0,"turns":15.0},{"damage":6,"enemies":"3 Byrds","floor":18,"turns":4},{"damage":0,"enemies":"Spheric Guardian","floor":21,"turns":4},{"damage":61,"enemies":"Gremlin Leader","floor":23,"turns":7}],"seed_played":"-7155179777158089962","potions_obtained":[{"floor":5.0,"key":"Block Potion"},{"floor":16.0,"key":"Poison Potion"}],"is_trial":false,"path_per_floor":["M","M","$","?","M","E","M","R","T","R","?","R","M","?","R","B",null,"M","?","?","M","$","E"],"character_chosen":"DEFECT","items_purchased":["Regen Potion"],"campfire_rested":1,"item_purchase_floors":[22],"current_hp_per_floor":[67,67,67,67,66,47,25,25,25,25,17,39,38,38,38,3,53,47,47,41,41,41,0],"gold":175,"neow_bonus":"ONE_RARE_RELIC","is_prod":false,"is_daily":false,"chose_seed":false,"campfire_upgraded":3,"win_rate":0,"timestamp":1565430814,"path_taken":["M","M","$","?","M","E","M","R","T","R","?","R","M","?","R","BOSS","M","?","?","M","$","E"],"build_version":"2019-07-17","purchased_purges":2,"victory":false,"max_hp_per_floor":[75,75,75,75,75,75,75,75,75,75,75,75,75,69,69,69,69,69,69,69,69,69,69],"card_choices":[{"not_picked":["Beam Cell","Scrape"],"picked":"Leap","floor":1.0},{"not_picked":["Consume","Redo"],"picked":"Genetic Algorithm","floor":2.0},{"not_picked":["Rebound","Gash"],"picked":"Cold Snap","floor":5.0},{"not_picked":["Go for the Eyes","Stack","Hologram"],"picked":"SKIP","floor":6.0},{"not_picked":["Rebound","Storm","Steam Power"],"picked":"Cold Snap","floor":7.0},{"not_picked":["Hologram","Reprogram","Go for the Eyes"],"picked":"Darkness","floor":11.0},{"not_picked":["Ball Lightning","Storm","Sunder"],"picked":"Cold Snap","floor":13.0},{"not_picked":["Meteor Strike","Buffer","Hyperbeam"],"picked":"Machine Learning","floor":16.0},{"not_picked":["Genetic Algorithm+1","Conserve Battery","Hello World"],"picked":"Fusion","floor":18},{"not_picked":["Consume","Melter+1","Stack"],"picked":"Conserve Battery+1","floor":21}],"player_experience":670532,"relics_obtained":[{"floor":6.0,"key":"Question Card"},{"floor":9.0,"key":"Shuriken"},{"floor":11.0,"key":"Sundial"}],"event_choices":[{"damage_healed":0.0,"max_hp_gain":0.0,"max_hp_loss":0.0,"gold_gain":0.0,"event_name":"Liars Game","player_choice":"Ignored","floor":4.0,"gold_loss":0.0,"damage_taken":0.0},{"damage_healed":0.0,"max_hp_gain":0.0,"max_hp_loss":0.0,"gold_gain":0.0,"event_name":"Dead Adventurer","player_choice":"Searched \u00272\u0027 times","floor":11.0,"gold_loss":0.0,"damage_taken":0.0},{"damage_healed":0.0,"max_hp_gain":0.0,"max_hp_loss":6.0,"gold_gain":0.0,"event_name":"Golden Idol","player_choice":"Lose Max HP","floor":14.0,"gold_loss":0.0,"damage_taken":0.0,"relics_obtained":["Golden Idol"]},{"damage_healed":0,"gold_gain":0,"player_choice":"Read","damage_taken":0,"max_hp_gain":0,"max_hp_loss":0,"event_name":"The Library","floor":19,"gold_loss":0,"cards_obtained":["Double Energy"]},{"damage_healed":0,"gold_gain":0,"player_choice":"Joined the Cult","damage_taken":6,"max_hp_gain":0,"max_hp_loss":0,"event_name":"Nest","floor":20,"gold_loss":0,"cards_obtained":["RitualDagger"]}],"is_beta":false,"boss_relics":[{"not_picked":["Tiny House","FrozenCore"],"picked":"Astrolabe"}],"items_purged_floors":[3,22],"is_endless":false,"potions_floor_spawned":[5,16],"killed_by":"Gremlin Leader","ascension_level":8}