{"gold_per_floor":[362,94,113,113,143,143,173,192,216,216,228,247,247,261,261,333,333,346,346,28,28,43,43,60,74,98,110,110,126,126,137,137,211,211,222,497,510,327,346,346,358,72,97,108,108,123,139,158,158,158],"floor_reached":50,"playtime":3389,"items_purged":["Strike_G","Regret"],"score":886,"play_id":"811c69a3-166b-42c0-8d9f-0b2121dd98a1","local_time":"20190804181447","is_ascension_mode":true,"campfire_choices":[{"floor":6.0,"key":"REST"},{"floor":10.0,"key":"REST"},{"floor":13.0,"key":"REST"},{"floor":15.0,"key":"REST"},{"floor":28.0,"key":"REST"},{"floor":30.0,"key":"REST"},{"floor":32.0,"key":"REST"},{"data":"Footwork","floor":40,"key":"SMITH"},{"floor":45,"key":"REST"},{"floor":49,"key":"REST"}],"neow_cost":"TEN_PERCENT_HP_LOSS","seed_source_timestamp":119185120996000,"circlet_count":0,"master_deck":["AscendersBane","Strike_G","Strike_G","Strike_G","Strike_G","Defend_G","Defend_G","Defend_G","Defend_G","Survivor","Neutralize","All Out Attack","Deadly Poison+1","Terror+1","Cloak And Dagger+1","Deadly Poison+1","Dash","Deflect+1","Leg Sweep+1","Night Terror+1","Dodge and Roll+1","Corpse Explosion+1","Predator","Footwork","Footwork+1","Backflip+1","Blade Dance+1","Distraction+1","Cloak And Dagger+1","Cloak And Dagger+1","Sucker Punch+1","Caltrops","Concentrate+1","After Image","Backflip+1","Noxious Fumes","Bandage Up+1","Deflect+1","Caltrops","Caltrops+1","Expertise+1"],"special_seed":0,"relics":["Ring of the Snake","Toxic Egg 2","Tiny Chest","Nunchaku","Dream Catcher","WristBlade","Bronze Scales","Centennial Puzzle","Pen Nib","Busted Crown","PreservedInsect"],"potions_floor_usage":[46,47,48,50],"damage_taken":[{"damage":10.0,"enemies":"Small Slimes","floor":1.0,"turns":4.0},{"damage":12.0,"enemies":"Cultist","floor":3.0,"turns":5.0},{"damage":42.0,"enemies":"3 Sentries","floor":7.0,"turns":8.0},{"damage":0.0,"enemies":"Jaw Worm","floor":8.0,"turns":3.0},{"damage":9.0,"enemies":"Exordium Wildlife","floor":11.0,"turns":2.0},{"damage":4.0,"enemies":"Looter","floor":12.0,"turns":3.0},{"damage":7.0,"enemies":"Exordium Thugs","floor":14.0,"turns":4.0},{"damage":2.0,"enemies":"Hexaghost","floor":16.0,"turns":7.0},{"damage":6.0,"enemies":"Spheric Guardian","floor":18.0,"turns":4.0},{"damage":6.0,"enemies":"Shell Parasite","floor":22.0,"turns":5.0},{"damage":19.0,"enemies":"Cultist and Chosen","floor":24.0,"turns":7.0},{"damage":6.0,"enemies":"Chosen and Byrds","floor":25.0,"turns":5.0},{"damage":3.0,"enemies":"Snake Plant","floor":27.0,"turns":5.0},{"damage":7.0,"enemies":"3 Cultists","floor":29.0,"turns":5.0},{"damage":9.0,"enemies":"Centurion and Healer","floor":31.0,"turns":5.0},{"damage":5.0,"enemies":"Champ","floor":33.0,"turns":11.0},{"damage":3.0,"enemies":"3 Shapes","floor":35.0,"turns":3.0},{"damage":0.0,"enemies":"3 Darklings","floor":37.0,"turns":2.0},{"damage":13.0,"enemies":"Sphere and 2 Shapes","floor":39.0,"turns":6.0},{"damage":20,"enemies":"Maw","floor":41,"turns":8},{"damage":2,"enemies":"3 Darklings","floor":44,"turns":3},{"damage":1,"enemies":"Sphere and 2 Shapes","floor":46,"turns":5},{"damage":28,"enemies":"4 Shapes","floor":47,"turns":3},{"damage":19,"enemies":"Transient","floor":48,"turns":6},{"damage":31,"enemies":"Awakened One","floor":50,"turns":5}],"seed_played":"-3533788680763098627","potions_obtained":[{"floor":1.0,"key":"GamblersBrew"},{"floor":11.0,"key":"Weak Potion"},{"floor":14.0,"key":"Strength Potion"},{"floor":16.0,"key":"Poison Potion"},{"floor":18.0,"key":"Weak Potion"},{"floor":27.0,"key":"GamblersBrew"},{"floor":31.0,"key":"EssenceOfSteel"},{"floor":41,"key":"SpeedPotion"},{"floor":44,"key":"EssenceOfSteel"},{"floor":46,"key":"GamblersBrew"},{"floor":47,"key":"SkillPotion"}],"is_trial":false,"path_per_floor":["M","$","M","?","?","R","E","M","T","R","M","M","R","M","R","B",null,"M","?","$","?","M","T","M","M","T","M","R","M","R","M","R","B",null,"M","?","M","$","M","R","M","$","T","M","R","M","M","M","R","B"],"character_chosen":"THE_SILENT","items_purchased":["Toxic Egg 2","Footwork","Bronze Scales","Noxious Fumes","Bandage Up+1","Strength Potion","Deflect+1","Caltrops"],"campfire_rested":9,"item_purchase_floors":[2,20,20,38,42,42,42,42],"current_hp_per_floor":[49,49,37,37,37,55,13,13,13,31,22,18,36,29,47,45,56,50,50,50,50,44,44,25,19,19,16,34,27,45,36,54,49,57,54,54,54,54,41,41,21,21,21,25,43,48,20,7,25,0],"gold":158,"neow_bonus":"TWO_FIFTY_GOLD","is_prod":false,"is_daily":false,"chose_seed":false,"campfire_upgraded":1,"win_rate":0,"timestamp":1564910087,"path_taken":["M","$","M","?","?","R","E","M","T","R","?","M","R","M","R","BOSS","M","?","$","?","M","?","?","M","T","M","R","M","R","M","R","BOSS","M","?","M","?","M","R","M","?","T","?","R","M","M","M","R","BOSS"],"build_version":"2019-07-17","purchased_purges":2,"victory":false,"max_hp_per_floor":[60,60,60,60,60,60,60,60,60,60,60,60,60,60,60,60,60,60,60,60,60,60,60,60,60,60,60,60,60,60,60,60,60,60,60,60,60,60,60,60,60,60,60,60,60,60,60,60,60,60],"card_choices":[{"not_picked":["Deflect","Distraction"],"picked":"All Out Attack","floor":1.0},{"not_picked":["Slice","Dagger Throw"],"picked":"Deadly Poison+1","floor":3.0},{"not_picked":["Accuracy","Slice"],"picked":"Terror+1","floor":7.0},{"not_picked":["Concentrate+1","Flying Knee"],"picked":"Cloak And Dagger+1","floor":8.0},{"not_picked":["Dodge and Roll+1","Sucker Punch"],"picked":"Deadly Poison+1","floor":10.0},{"not_picked":["Sucker Punch","Terror+1"],"picked":"Dash","floor":11.0},{"not_picked":["Sucker Punch","Outmaneuver+1"],"picked":"Deflect+1","floor":12.0},{"not_picked":["Riddle With Holes","Backflip+1"],"picked":"Leg Sweep+1","floor":13.0},{"not_picked":["Terror+1","Blade Dance+1"],"picked":"Night Terror+1","floor":14.0},{"not_picked":["Poisoned Stab","Crippling Poison+1"],"picked":"Dodge and Roll+1","floor":15.0},{"not_picked":["Phantasmal Killer+1","Tools of the Trade"],"picked":"Corpse Explosion+1","floor":16.0},{"not_picked":["Accuracy","Skewer"],"picked":"Predator","floor":18.0},{"not_picked":["Deadly Poison+1","Prepared+1"],"picked":"Backflip+1","floor":22.0},{"not_picked":["Prepared+1","Bane"],"picked":"Blade Dance+1","floor":24.0},{"not_picked":["Finisher","Underhanded Strike"],"picked":"Distraction+1","floor":25.0},{"not_picked":["Poisoned Stab","Acrobatics+1"],"picked":"Cloak And Dagger+1","floor":27.0},{"not_picked":["Flying Knee","Sucker Punch"],"picked":"Cloak And Dagger+1","floor":28.0},{"not_picked":["Concentrate+1","Choke"],"picked":"Sucker Punch+1","floor":29.0},{"not_picked":["Dagger Throw","Poisoned Stab+1"],"picked":"Caltrops","floor":30.0},{"not_picked":["Cloak And Dagger+1","Infinite Blades","Deadly Poison+1"],"picked":"SKIP","floor":31.0},{"not_picked":["Poisoned Stab","Backstab"],"picked":"Concentrate+1","floor":32.0},{"not_picked":["Phantasmal Killer+1","Night Terror+1"],"picked":"After Image","floor":33.0},{"not_picked":[],"picked":"Backflip+1","floor":35.0},{"not_picked":["Underhanded Strike"],"picked":"SKIP","floor":37.0},{"not_picked":["Dodge and Roll+1"],"picked":"SKIP","floor":39.0},{"not_picked":["Outmaneuver+1"],"picked":"SKIP","floor":41},{"not_picked":[],"picked":"Caltrops+1","floor":44},{"not_picked":[],"picked":"Expertise+1","floor":46},{"not_picked":["Reflex+1"],"picked":"SKIP","floor":47},{"not_picked":["Deadly Poison+1"],"picked":"SKIP","floor":48}],"player_experience":562742,"relics_obtained":[{"floor":7.0,"key":"Nunchaku"},{"floor":9.0,"key":"Dream Catcher"},{"floor":23.0,"key":"Centennial Puzzle"},{"floor":26.0,"key":"Pen Nib"},{"floor":43,"key":"PreservedInsect"}],"event_choices":[{"cards_removed":["Defend_G"],"damage_healed":0.0,"max_hp_gain":0.0,"max_hp_loss":0.0,"gold_gain":0.0,"event_name":"Living Wall","player_choice":"Forget","floor":4.0,"gold_loss":0.0,"damage_taken":0.0},{"damage_healed":0.0,"max_hp_gain":0.0,"max_hp_loss":0.0,"gold_gain":0.0,"event_name":"WeMeetAgain","player_choice":"Gave Potion","floor":5.0,"gold_loss":0.0,"damage_taken":0.0,"relics_obtained":["Tiny Chest"]},{"damage_healed":0.0,"max_hp_gain":0.0,"max_hp_loss":0.0,"gold_gain":0.0,"event_name":"The Library","player_choice":"Read","floor":19.0,"gold_loss":0.0,"damage_taken":0.0,"cards_obtained":["Footwork"]},{"damage_healed":0.0,"max_hp_gain":0.0,"max_hp_loss":0.0,"gold_gain":275.0,"event_name":"Golden Shrine","player_choice":"Desecrate","floor":36.0,"gold_loss":0.0,"damage_taken":0.0,"cards_obtained":["Regret"]}],"is_beta":false,"boss_relics":[{"not_picked":["Snecko Eye","Black Star"],"picked":"WristBlade"},{"not_picked":["Tiny House","Orrery"],"picked":"Busted Crown"}],"items_purged_floors":[20,38],"is_endless":false,"potions_floor_spawned":[1,11,14,16,18,27,31,41,44,46,47],"killed_by":"Awakened One","ascension_level":17}