{"gold_per_floor":[113,388,405,134,209,244,244,273,300,363,408,420,443,630,642,752,764,786,386,405,405,415,415],"floor_reached":23,"playtime":1101,"items_purged":["Regret","Doubt"],"score":284,"play_id":"f29264a3-625d-4075-82e4-e0114aed5e15","local_time":"20190824061632","is_ascension_mode":true,"campfire_choices":[{"floor":7.0,"key":"REST"},{"floor":12.0,"key":"REST"},{"data":"Go for the Eyes","floor":15.0,"key":"SMITH"}],"neow_cost":"NONE","seed_source_timestamp":0,"circlet_count":0,"master_deck":["Strike_B+1","Strike_B+1","Defend_B","Defend_B","Defend_B","Defend_B","Zap","Dualcast","Go for the Eyes+1","Ball Lightning","Conserve Battery","Sweeping Beam","Compile Driver","Tempest","Aggregate","Sweeping Beam","Reboot","Chill","Trip","Stack","Chaos","Storm","Turbo+1"],"special_seed":0,"relics":["Cracked Core","Whetstone","Blood Vial","Boot","Lantern","MawBank","Strawberry","Eternal Feather","Ancient Tea Set"],"potions_floor_usage":[22,22],"damage_taken":[{"damage":0.0,"enemies":"2 Louse","floor":1.0,"turns":3.0},{"damage":2.0,"enemies":"Cultist","floor":3.0,"turns":3.0},{"damage":46.0,"enemies":"3 Sentries","floor":6.0,"turns":10.0},{"damage":13.0,"enemies":"Gremlin Nob","floor":8.0,"turns":3.0},{"damage":17.0,"enemies":"Lagavulin Event","floor":10.0,"turns":4.0},{"damage":18.0,"enemies":"3 Sentries","floor":11.0,"turns":5.0},{"damage":0.0,"enemies":"Small Slimes","floor":13.0,"turns":2.0},{"damage":37.0,"enemies":"Hexaghost","floor":16.0,"turns":10.0},{"damage":30.0,"enemies":"Shell Parasite","floor":18.0,"turns":7.0},{"damage":30.0,"enemies":"2 Thieves","floor":20.0,"turns":4.0},{"damage":13,"enemies":"Shelled Parasite and Fungi","floor":22,"turns":5},{"damage":15,"enemies":"Slavers","floor":23,"turns":1}],"seed_played":"4283820527205062854","potions_obtained":[{"floor":1.0,"key":"SpeedPotion"},{"floor":6.0,"key":"PowerPotion"},{"floor":11.0,"key":"Weak Potion"},{"floor":13.0,"key":"Swift Potion"},{"floor":16.0,"key":"Poison Potion"},{"floor":22,"key":"Explosive Potion"}],"is_trial":false,"path_per_floor":["M","?","M","$","?","E","R","E","T","?","E","R","M","?","R","B",null,"M","$","M","?","M","E"],"character_chosen":"DEFECT","items_purchased":["Whetstone","Conserve Battery","FocusPotion","Trip","Ancient Tea Set"],"campfire_rested":2,"item_purchase_floors":[4,4,19,19,19],"current_hp_per_floor":[82,82,80,80,69,23,47,36,36,21,12,38,40,40,40,5,68,40,40,12,12,1,0],"gold":415,"neow_bonus":"TEN_PERCENT_HP_BONUS","is_prod":false,"is_daily":false,"chose_seed":false,"campfire_upgraded":1,"win_rate":0,"timestamp":1566594992,"path_taken":["M","?","?","$","?","E","R","E","T","?","E","R","M","?","R","BOSS","M","$","M","?","M","E"],"build_version":"2019-07-17","purchased_purges":2,"victory":false,"max_hp_per_floor":[82,82,82,82,82,82,82,82,82,82,89,89,89,89,89,89,89,89,89,89,89,89,89],"card_choices":[{"not_picked":["Chill","Aggregate"],"picked":"Go for the Eyes","floor":1.0},{"not_picked":["Stack","Conserve Battery"],"picked":"Ball Lightning","floor":3.0},{"not_picked":["Conserve Battery","Cold Snap"],"picked":"Sweeping Beam","floor":6.0},{"not_picked":["Amplify","Recycle"],"picked":"Compile Driver","floor":8.0},{"not_picked":["Compile Driver","Steam Power"],"picked":"Tempest","floor":10.0},{"not_picked":["Streamline","Genetic Algorithm"],"picked":"Aggregate","floor":11.0},{"not_picked":["Doom and Gloom","Streamline"],"picked":"Sweeping Beam","floor":13.0},{"not_picked":["All For One","Thunder Strike"],"picked":"Reboot","floor":16.0},{"not_picked":["Compile Driver","Sweeping Beam+1"],"picked":"Chill","floor":18.0},{"not_picked":["Streamline","Ball Lightning"],"picked":"Stack","floor":20.0},{"not_picked":["Rebound+1","Rip and Tear+1"],"picked":"Turbo+1","floor":22}],"player_experience":699711,"relics_obtained":[{"floor":6.0,"key":"Blood Vial"},{"floor":8.0,"key":"Boot"},{"floor":9.0,"key":"Lantern"},{"floor":10.0,"key":"MawBank"},{"floor":11.0,"key":"Strawberry"}],"event_choices":[{"damage_healed":0.0,"max_hp_gain":0.0,"max_hp_loss":0.0,"gold_gain":275.0,"event_name":"Golden Shrine","player_choice":"Desecrate","floor":2.0,"gold_loss":0.0,"damage_taken":0.0,"cards_obtained":["Regret"]},{"damage_healed":0.0,"max_hp_gain":0.0,"max_hp_loss":0.0,"gold_gain":75.0,"event_name":"World of Goop","player_choice":"Gather Gold","floor":5.0,"gold_loss":0.0,"damage_taken":11.0},{"damage_healed":0.0,"max_hp_gain":0.0,"max_hp_loss":0.0,"gold_gain":0.0,"event_name":"Dead Adventurer","player_choice":"Searched \u00271\u0027 times","floor":10.0,"gold_loss":0.0,"damage_taken":0.0},{"damage_healed":0.0,"max_hp_gain":0.0,"max_hp_loss":0.0,"gold_gain":175.0,"event_name":"Liars Game","player_choice":"AGREE","floor":14.0,"gold_loss":0.0,"damage_taken":0.0,"cards_obtained":["Doubt"]},{"damage_healed":0,"gold_gain":0,"cards_transformed":["Strike_B","Strike_B"],"player_choice":"Became Test Subject","damage_taken":0,"max_hp_gain":0,"max_hp_loss":0,"event_name":"Drug Dealer","floor":21,"gold_loss":0,"cards_obtained":["Chaos","Storm"]}],"is_beta":false,"boss_relics":[{"not_picked":["Orrery","Snecko Eye"],"picked":"Eternal Feather"}],"items_purged_floors":[4,19],"is_endless":false,"potions_floor_spawned":[1,6,11,13,16,22],"killed_by":"Slavers","ascension_level":5}