{"gold_per_floor":[13,25,42,42,53,53,86,99,99,162,175,195,206,206,206,301,301,321,333,207,207,222,222,255,271,296,395,421,421,447,463,463,463],"floor_reached":33,"playtime":2524,"items_purged":["Parasite"],"score":484,"play_id":"115be198-f2d8-4cb7-9f31-4f862212628e","local_time":"20190824110717","is_ascension_mode":true,"campfire_choices":[{"data":"Body Slam","floor":6,"key":"SMITH"},{"data":"Bludgeon","floor":15,"key":"SMITH"},{"data":"Entrench","floor":23,"key":"SMITH"},{"floor":29,"key":"REST"},{"data":"True Grit","floor":32,"key":"SMITH"}],"neow_cost":"NO_GOLD","seed_source_timestamp":780083439942600,"circlet_count":0,"master_deck":["Strike_R","Strike_R","Strike_R","Strike_R","Defend_R","Defend_R","Defend_R","Defend_R","Bash","Bludgeon+1","Body Slam+1","Thunderclap","Shrug It Off","Intimidate","Anger","Pommel Strike","Disarm","True Grit+1","Offering","Shockwave","Clothesline","Shrug It Off","Whirlwind","Entrench+1","Flame Barrier","Regret","Warcry+1"],"relics":["Burning Blood","Pantograph","Kunai","Tiny Chest","Cursed Key","Meat on the Bone","Centennial Puzzle","Letter Opener","Frozen Egg 2"],"potions_floor_usage":[10,10,16,22,24,28,33,33],"damage_taken":[{"damage":12,"enemies":"Jaw Worm","floor":1,"turns":2},{"damage":0,"enemies":"Cultist","floor":2,"turns":3},{"damage":0,"enemies":"Small Slimes","floor":3,"turns":2},{"damage":6,"enemies":"Looter","floor":5,"turns":2},{"damage":20,"enemies":"Lagavulin","floor":7,"turns":5},{"damage":9,"enemies":"2 Fungi Beasts","floor":8,"turns":2},{"damage":15,"enemies":"3 Sentries","floor":10,"turns":6},{"damage":2,"enemies":"Large Slime","floor":11,"turns":7},{"damage":14,"enemies":"Lots of Slimes","floor":12,"turns":4},{"damage":11,"enemies":"Red Slaver","floor":13,"turns":3},{"damage":47,"enemies":"Hexaghost","floor":16,"turns":9},{"damage":15,"enemies":"Shell Parasite","floor":18,"turns":4},{"damage":6,"enemies":"Chosen","floor":19,"turns":5},{"damage":15,"enemies":"Snecko","floor":22,"turns":4},{"damage":21,"enemies":"Book of Stabbing","floor":24,"turns":7},{"damage":11,"enemies":"Shelled Parasite and Fungi","floor":25,"turns":5},{"damage":20,"enemies":"Slavers","floor":28,"turns":5},{"damage":9,"enemies":"Book of Stabbing","floor":30,"turns":4},{"damage":21,"enemies":"Centurion and Healer","floor":31,"turns":6},{"damage":78,"enemies":"Automaton","floor":33,"turns":8}],"seed_played":"-5352253693099361704","potions_obtained":[{"floor":1,"key":"Energy Potion"},{"floor":7,"key":"GamblersBrew"},{"floor":8,"key":"Swift Potion"},{"floor":12,"key":"BloodPotion"},{"floor":16,"key":"Swift Potion"},{"floor":18,"key":"AttackPotion"},{"floor":24,"key":"Poison Potion"},{"floor":31,"key":"AttackPotion"}],"is_trial":false,"path_per_floor":["M","M","M","?","M","R","E","M","T","E","M","M","M","?","R","B",null,"M","M","$","?","M","R","E","M","T","?","E","R","E","M","R","B"],"character_chosen":"IRONCLAD","items_purchased":["Shrug It Off"],"campfire_rested":1,"item_purchase_floors":[20],"current_hp_per_floor":[66,72,78,78,78,78,64,61,61,52,56,48,43,63,63,39,70,61,61,61,61,71,71,56,51,51,51,49,72,69,54,54,0],"gold":463,"neow_bonus":"THREE_RARE_CARDS","is_prod":false,"is_daily":false,"chose_seed":false,"campfire_upgraded":4,"win_rate":0,"timestamp":1566612437,"path_taken":["M","M","M","?","M","R","E","M","T","E","M","M","?","?","R","BOSS","M","M","$","?","M","R","E","M","T","?","E","R","E","M","R","BOSS"],"build_version":"2019-07-17","purchased_purges":1,"victory":false,"max_hp_per_floor":[80,80,80,80,80,80,80,80,80,80,80,80,80,80,80,80,80,80,80,77,77,77,77,77,77,77,77,77,77,77,77,77,77],"card_choices":[{"not_picked":["Fiend Fire","Offering"],"picked":"Bludgeon","floor":0},{"not_picked":["Rupture","Blood for Blood"],"picked":"Body Slam","floor":1},{"not_picked":["Flex","Twin Strike"],"picked":"Thunderclap","floor":2},{"not_picked":["Dropkick","Dual Wield"],"picked":"Shrug It Off","floor":3},{"not_picked":["Demon Form","Infernal Blade"],"picked":"Intimidate","floor":5},{"not_picked":["Feel No Pain","Corruption"],"picked":"Anger","floor":7},{"not_picked":["Searing Blow","Dropkick"],"picked":"Pommel Strike","floor":8},{"not_picked":["Thunderclap","Fire Breathing","Searing Blow"],"picked":"SKIP","floor":10},{"not_picked":["Seeing Red","Second Wind"],"picked":"Disarm","floor":11},{"not_picked":["Warcry","Iron Wave"],"picked":"True Grit","floor":12},{"not_picked":["Infernal Blade","Clash","Pommel Strike"],"picked":"SKIP","floor":13},{"not_picked":["Double Tap","Berserk"],"picked":"Offering","floor":16},{"not_picked":["Anger+1","Iron Wave+1"],"picked":"Shockwave","floor":18},{"not_picked":["Perfected Strike","Cleave"],"picked":"Clothesline","floor":19},{"not_picked":["Body Slam","True Grit"],"picked":"Entrench","floor":22},{"not_picked":["Flex","Offering"],"picked":"Flame Barrier","floor":24},{"not_picked":["Dropkick","Evolve+1","Sentinel"],"picked":"SKIP","floor":25},{"not_picked":["Sword Boomerang","Perfected Strike"],"picked":"Warcry+1","floor":28},{"not_picked":["Clash","Rage","Searing Blow+1"],"picked":"SKIP","floor":30},{"not_picked":["Iron Wave","Sever Soul+1","Intimidate"],"picked":"SKIP","floor":31}],"player_experience":191170,"relics_obtained":[{"floor":7,"key":"Pantograph"},{"floor":9,"key":"Kunai"},{"floor":10,"key":"Tiny Chest"},{"floor":24,"key":"Meat on the Bone"},{"floor":26,"key":"Centennial Puzzle"},{"floor":28,"key":"Letter Opener"},{"floor":30,"key":"Frozen Egg 2"}],"event_choices":[{"cards_removed":["Strike_R"],"damage_healed":0,"gold_gain":0,"player_choice":"Offered Basic","damage_taken":0,"max_hp_gain":0,"max_hp_loss":0,"event_name":"Bonfire Elementals","floor":4,"gold_loss":0},{"damage_healed":20,"gold_gain":0,"player_choice":"Healed and dodged fight","damage_taken":0,"max_hp_gain":0,"max_hp_loss":0,"event_name":"Mushrooms","floor":14,"gold_loss":0,"cards_obtained":["Parasite"]},{"damage_healed":0,"gold_gain":0,"player_choice":"Read","damage_taken":0,"max_hp_gain":0,"max_hp_loss":0,"event_name":"The Library","floor":21,"gold_loss":0,"cards_obtained":["Whirlwind"]},{"damage_healed":0,"gold_gain":99,"player_choice":"Stole From Cult","damage_taken":0,"max_hp_gain":0,"max_hp_loss":0,"event_name":"Nest","floor":27,"gold_loss":0}],"is_beta":false,"boss_relics":[{"not_picked":["Eternal Feather","Philosopher\u0027s Stone"],"picked":"Cursed Key"}],"items_purged_floors":[20],"is_endless":false,"potions_floor_spawned":[1,7,8,12,16,18,19,24,31],"killed_by":"Automaton","ascension_level":8}