{"gold_per_floor":[113,113,127,127,202,202,229,247,247,227],"floor_reached":10,"playtime":203,"items_purged":[],"score":122,"play_id":"9dcdf7e6-bf7f-439e-aee6-33d20fbbaff0","local_time":"20190822085328","is_ascension_mode":true,"campfire_choices":[{"floor":6,"key":"REST"}],"neow_cost":"NONE","seed_source_timestamp":95452498934600,"circlet_count":0,"master_deck":["AscendersBane","Strike_B","Strike_B","Strike_B","Strike_B","Defend_B","Defend_B","Defend_B","Defend_B+1","Zap+1","Dualcast","Amplify","Streamline","Auto Shields","Sunder","Doom and Gloom"],"relics":["Cracked Core","Frozen Egg 2","Bronze Scales","Sundial"],"potions_floor_usage":[10],"damage_taken":[{"damage":0,"enemies":"2 Louse","floor":1,"turns":3},{"damage":7,"enemies":"Small Slimes","floor":3,"turns":2},{"damage":27,"enemies":"Gremlin Nob","floor":7,"turns":4},{"damage":1,"enemies":"Jaw Worm","floor":8,"turns":2},{"damage":8,"enemies":"Exordium Thugs","floor":10,"turns":2}],"seed_played":"8020872895668345610","potions_obtained":[{"floor":8,"key":"SteroidPotion"}],"is_trial":false,"path_per_floor":["M","?","M","?","?","R","E","M","T","M"],"character_chosen":"DEFECT","items_purchased":[],"campfire_rested":1,"item_purchase_floors":[],"current_hp_per_floor":[64,59,52,31,20,41,14,13,13,5],"gold":227,"neow_bonus":"ONE_RANDOM_RARE_CARD","is_prod":false,"is_daily":false,"chose_seed":false,"campfire_upgraded":0,"win_rate":0,"timestamp":1566431608,"path_taken":["M","?","M","?","?","R","E","M","T","M"],"build_version":"2019-07-17","purchased_purges":0,"victory":false,"max_hp_per_floor":[71,71,71,71,71,71,71,71,71,71],"card_choices":[{"not_picked":["Redo","Chaos"],"picked":"Streamline","floor":1},{"not_picked":["Turbo","Steam"],"picked":"Auto Shields","floor":3},{"not_picked":["Storm+1","Steam"],"picked":"Sunder","floor":7},{"not_picked":["Steam Power","Compile Driver"],"picked":"Doom and Gloom","floor":8}],"player_experience":737243,"relics_obtained":[{"floor":7,"key":"Bronze Scales"},{"floor":9,"key":"Sundial"}],"event_choices":[{"damage_healed":0,"gold_gain":0,"player_choice":"Success","damage_taken":5,"relics_obtained":["Frozen Egg 2"],"max_hp_gain":0,"max_hp_loss":0,"event_name":"Scrap Ooze","floor":2,"gold_loss":0},{"damage_healed":0,"gold_gain":0,"player_choice":"Entered Light","damage_taken":21,"max_hp_gain":0,"max_hp_loss":0,"event_name":"Shining Light","floor":4,"gold_loss":0,"cards_upgraded":["Zap","Defend_B"]},{"damage_healed":0,"gold_gain":75,"player_choice":"Gather Gold","damage_taken":11,"max_hp_gain":0,"max_hp_loss":0,"event_name":"World of Goop","floor":5,"gold_loss":0}],"is_beta":false,"boss_relics":[],"items_purged_floors":[],"is_endless":false,"potions_floor_spawned":[8],"killed_by":"Exordium Thugs","ascension_level":17}