{"gold_per_floor":[115,131,406,421,19,19,44,59,59,75,102,102,102,28,28,103,103,113,130,130,55,55,55,88,88,137,137,137,149,149,73,73,73],"floor_reached":33,"playtime":1432,"items_purged":["Regret"],"score":528,"play_id":"2ac5905f-caa1-4fc8-b877-e0ed920eec4f","local_time":"20190824073335","is_ascension_mode":true,"campfire_choices":[{"data":"Sunder","floor":6,"key":"SMITH"},{"floor":12,"key":"REST"},{"data":"Seek","floor":15,"key":"SMITH"},{"data":"Chaos","floor":23,"key":"SMITH"},{"floor":25,"key":"REST"},{"data":"Ghostly","floor":28,"key":"SMITH"},{"floor":30,"key":"REST"},{"data":"Ghostly","floor":32,"key":"SMITH"}],"neow_cost":"NONE","seed_source_timestamp":262233614397400,"circlet_count":0,"master_deck":["AscendersBane","Strike_B","Strike_B","Strike_B","Defend_B","Defend_B","Defend_B","Defend_B","Zap+1","Dualcast","Ball Lightning","Capacitor","Sunder+1","Beam Cell+1","Chaos+1","Streamline+1","Chill","Rebound+1","Seek+1","Biased Cognition","BootSequence+1","Skim","Reinforced Body","Writhe","Darkness","Ghostly+1","Ghostly","Ghostly+1","Turbo+1","Redo","Defragment"],"relics":["Cracked Core","NeowsBlessing","Molten Egg 2","Girya","Nunchaku","Mango","Philosopher\u0027s Stone","Prayer Wheel","Kunai","Omamori"],"potions_floor_usage":[7,11,11,16,24],"damage_taken":[{"damage":0,"enemies":"Jaw Worm","floor":1,"turns":1},{"damage":0,"enemies":"Cultist","floor":2,"turns":1},{"damage":2,"enemies":"2 Louse","floor":4,"turns":2},{"damage":10,"enemies":"3 Sentries","floor":7,"turns":4},{"damage":10,"enemies":"Gremlin Gang","floor":8,"turns":4},{"damage":28,"enemies":"Exordium Thugs","floor":10,"turns":5},{"damage":5,"enemies":"Lagavulin","floor":11,"turns":4},{"damage":19,"enemies":"Slime Boss","floor":16,"turns":8},{"damage":0,"enemies":"Chosen","floor":18,"turns":2},{"damage":9,"enemies":"3 Byrds","floor":19,"turns":4},{"damage":58,"enemies":"Gremlin Leader","floor":24,"turns":5},{"damage":7,"enemies":"3 Cultists","floor":29,"turns":7},{"damage":34,"enemies":"Champ","floor":33,"turns":10}],"seed_played":"4879369255357340099","potions_obtained":[{"floor":1,"key":"Fire Potion"},{"floor":7,"key":"SkillPotion"},{"floor":10,"key":"PowerPotion"},{"floor":11,"key":"Weak Potion"},{"floor":18,"key":"PowerPotion"},{"floor":19,"key":"SpeedPotion"}],"is_trial":false,"path_per_floor":["M","M","?","M","$","R","E","M","T","M","E","R","?","$","R","B",null,"M","M","?","?","?","R","E","R","T","?","R","M","R","$","R","B"],"character_chosen":"DEFECT","items_purchased":["Molten Egg 2","Beam Cell+1","Seek","Defragment"],"campfire_rested":3,"item_purchase_floors":[5,5,14,31],"current_hp_per_floor":[64,64,64,62,62,62,52,42,42,14,23,48,48,48,48,29,71,71,62,62,62,62,62,4,29,29,29,29,22,34,34,34,0],"gold":73,"neow_bonus":"THREE_ENEMY_KILL","is_prod":false,"is_daily":false,"chose_seed":false,"campfire_upgraded":5,"win_rate":0,"timestamp":1566599615,"path_taken":["M","M","?","?","$","R","E","?","T","M","E","R","?","$","R","BOSS","M","?","?","?","?","R","E","R","T","?","R","M","R","?","R","BOSS"],"build_version":"2019-07-17","purchased_purges":1,"victory":false,"max_hp_per_floor":[71,71,71,71,71,71,71,71,71,71,85,85,85,85,85,85,85,85,85,85,85,85,85,85,85,85,42,42,42,42,42,42,42],"card_choices":[{"not_picked":["Stack","Barrage"],"picked":"Ball Lightning","floor":1},{"not_picked":["Stack","Sweeping Beam"],"picked":"Capacitor","floor":2},{"not_picked":["Steam","Storm"],"picked":"Sunder","floor":4},{"not_picked":["Heatsinks","Buffer"],"picked":"Chaos","floor":7},{"not_picked":["Fusion","Ball Lightning+1"],"picked":"Streamline+1","floor":8},{"not_picked":["Ball Lightning+1","Rebound+1"],"picked":"Chill","floor":10},{"not_picked":["Hello World","Storm"],"picked":"Rebound+1","floor":11},{"not_picked":["Creative AI","Multi-Cast"],"picked":"Biased Cognition","floor":16},{"not_picked":["Stack","Gash+1"],"picked":"BootSequence+1","floor":18},{"not_picked":["Loop","Fusion"],"picked":"Skim","floor":19},{"not_picked":["Steam Power","Doom and Gloom+1"],"picked":"Darkness","floor":24},{"not_picked":["Gash+1","Streamline+1"],"picked":"Turbo+1","floor":29},{"not_picked":["Recycle","Sweeping Beam+1"],"picked":"Redo","floor":29}],"player_experience":797524,"relics_obtained":[{"floor":7,"key":"Girya"},{"floor":9,"key":"Nunchaku"},{"floor":11,"key":"Mango"},{"floor":24,"key":"Kunai"},{"floor":26,"key":"Omamori"}],"event_choices":[{"damage_healed":0,"gold_gain":275,"player_choice":"Desecrate","damage_taken":0,"max_hp_gain":0,"max_hp_loss":0,"event_name":"Golden Shrine","floor":3,"gold_loss":0,"cards_obtained":["Regret"]},{"damage_healed":0,"gold_gain":0,"player_choice":"Upgraded","damage_taken":0,"max_hp_gain":0,"max_hp_loss":0,"event_name":"Upgrade Shrine","floor":13,"gold_loss":0,"cards_upgraded":["Zap"]},{"damage_healed":0,"gold_gain":0,"player_choice":"Read","damage_taken":0,"max_hp_gain":0,"max_hp_loss":0,"event_name":"The Library","floor":20,"gold_loss":0,"cards_obtained":["Reinforced Body"]},{"cards_removed":["Strike_B"],"damage_healed":0,"gold_gain":0,"player_choice":"Gave Gold","damage_taken":0,"max_hp_gain":0,"max_hp_loss":0,"event_name":"Beggar","floor":21,"gold_loss":75},{"damage_healed":0,"gold_gain":0,"player_choice":"Opened","damage_taken":0,"relics_obtained":["Prayer Wheel"],"max_hp_gain":0,"max_hp_loss":0,"event_name":"The Mausoleum","floor":22,"gold_loss":0,"cards_obtained":["Writhe"]},{"damage_healed":0,"gold_gain":0,"player_choice":"Became a Ghost","damage_taken":0,"max_hp_gain":0,"max_hp_loss":43,"event_name":"Ghosts","floor":27,"gold_loss":0,"cards_obtained":["Ghostly","Ghostly","Ghostly"]}],"is_beta":false,"boss_relics":[{"not_picked":["Fusion Hammer","Nuclear Battery"],"picked":"Philosopher\u0027s Stone"}],"items_purged_floors":[5],"is_endless":false,"potions_floor_spawned":[1,7,10,11,18,19],"killed_by":"Champ","ascension_level":19}