{"gold_per_floor":[110,120,140,215,228,228,216,245,295,309,309,326,65,98,98,201,201,219,219,27,47,65,80,80,140,140,140,158,158,192,192,192,290,290,302,316,316,327,13,13,27,27,27,27,39,39,39,50,50,50],"floor_reached":50,"playtime":7145,"items_purged":["Strike_G","Endless Agony","Flechettes"],"score":547,"play_id":"62f3d4aa-5151-4147-b625-1c29cb0e4445","local_time":"20181002004433","is_ascension_mode":true,"campfire_choices":[{"floor":6.0,"key":"REST"},{"floor":11,"key":"REST"},{"data":"Quick Slash","floor":15,"key":"SMITH"},{"floor":24,"key":"REST"},{"floor":27,"key":"REST"},{"data":"Crippling Poison","floor":29,"key":"SMITH"},{"data":"Poisoned Stab","floor":32,"key":"SMITH"},{"floor":40,"key":"REST"},{"floor":42,"key":"REST"},{"floor":44,"key":"REST"},{"floor":49,"key":"REST"}],"neow_cost":"","seed_source_timestamp":128738532769705,"circlet_count":0,"master_deck":["Survivor","Neutralize","Blur","Backstab","Sucker Punch","Deadly Poison","Noxious Fumes","Deadly Poison","Predator","Quick Slash+1","Caltrops","Envenom","Adrenaline","Cloak And Dagger","Poisoned Stab+1","All Out Attack","PiercingWail","Caltrops","Blade Dance","Outmaneuver","Bane","Outmaneuver+1","Crippling Poison+1","Choke","Terror+1","Backflip","Dodge and Roll","Dodge and Roll","Accuracy","Prepared+1","Madness","Madness","Bane+1"],"special_seed":0,"relics":["Ring of the Snake","Mummified Hand","Orichalcum","Membership Card","Gremlin Horn","Pandora\u0027s Box","Bag of Marbles","Tiny Chest","Shuriken","Darkstone Periapt","Blue Candle","Black Star","Potion Belt","Calipers","Incense Burner"],"potions_floor_usage":[8,14,16,25,33,45,47,48,50,50,50,50,50,50,50],"damage_taken":[{"damage":4.0,"enemies":"Jaw Worm","floor":1.0,"turns":6.0},{"damage":5.0,"enemies":"Small Slimes","floor":2.0,"turns":6.0},{"damage":0.0,"enemies":"2 Louse","floor":3.0,"turns":3.0},{"damage":0.0,"enemies":"Red Slaver","floor":5.0,"turns":4.0},{"damage":10,"enemies":"Exordium Thugs","floor":7,"turns":4},{"damage":8,"enemies":"Lagavulin","floor":8,"turns":7},{"damage":0,"enemies":"Gremlin Gang","floor":10,"turns":5},{"damage":0,"enemies":"Blue Slaver","floor":12,"turns":3},{"damage":13,"enemies":"3 Sentries","floor":14,"turns":7},{"damage":30,"enemies":"The Guardian","floor":16,"turns":8},{"damage":4,"enemies":"Chosen","floor":18,"turns":3},{"damage":1,"enemies":"Shell Parasite","floor":21,"turns":4},{"damage":9,"enemies":"Snake Plant","floor":22,"turns":3},{"damage":13,"enemies":"Centurion and Healer","floor":23,"turns":3},{"damage":12,"enemies":"Slavers","floor":25,"turns":4},{"damage":0,"enemies":"Snecko","floor":28,"turns":3},{"damage":0,"enemies":"Gremlin Leader","floor":30,"turns":3},{"damage":37,"enemies":"Champ","floor":33,"turns":8},{"damage":5,"enemies":"Orb Walker","floor":35,"turns":2},{"damage":17,"enemies":"3 Shapes","floor":36,"turns":2},{"damage":32,"enemies":"3 Darklings","floor":38,"turns":4},{"damage":0,"enemies":"4 Shapes","floor":41,"turns":5},{"damage":0,"enemies":"Spire Growth","floor":45,"turns":3},{"damage":41,"enemies":"Sphere and 2 Shapes","floor":48,"turns":6},{"damage":81,"enemies":"Awakened One","floor":50,"turns":10}],"seed_played":"-616612522891122786","potions_obtained":[{"floor":1.0,"key":"Regen Potion"},{"floor":7,"key":"Block Potion"},{"floor":10,"key":"GamblersBrew"},{"floor":12,"key":"LiquidBronze"},{"floor":16,"key":"PowerPotion"},{"floor":21,"key":"FairyPotion"},{"floor":25,"key":"Block Potion"},{"floor":35,"key":"Dexterity Potion"},{"floor":41,"key":"PowerPotion"},{"floor":45,"key":"SteroidPotion"},{"floor":47,"key":"Fruit Juice"},{"floor":47,"key":"Swift Potion"},{"floor":47,"key":"EntropicBrew"}],"is_trial":false,"path_per_floor":["M","M","M","?","M","R","M","E","T","M","R","M","$","E","R","B",null,"M","?","$","M","M","M","R","E","T","R","M","R","E","T","R","B",null,"M","M","?","M","$","R","M","R","T","R","M","?","?","M","R"],"character_chosen":"THE_SILENT","items_purchased":["Membership Card","Caltrops","Bag of Marbles","Bane","GhostInAJar","Potion Belt","Calipers","Dodge and Roll"],"campfire_rested":8,"item_purchase_floors":[13,13,20,20,20,39,39,39],"current_hp_per_floor":[66,61,61,50,50,70,60,52,52,52,70,70,70,57,57,42,70,66,66,66,65,56,43,64,52,52,70,70,70,70,70,70,33,70,65,48,48,16,16,37,37,58,58,70,70,61,66,25,47,0],"gold":50,"neow_bonus":"","is_prod":false,"is_daily":false,"chose_seed":false,"campfire_upgraded":3,"win_rate":0,"timestamp":1538466273,"path_taken":["M","M","M","?","M","R","?","E","T","M","R","M","$","E","R","BOSS","M","?","$","M","M","M","R","E","T","R","M","R","E","?","R","BOSS","M","M","?","M","$","R","M","R","T","R","M","?","?","M","R","BOSS"],"build_version":"2018-09-27","purchased_purges":3,"victory":false,"max_hp_per_floor":[70,70,70,70,70,70,70,70,70,70,70,70,70,70,70,70,70,70,70,70,70,70,70,70,70,70,70,70,70,70,70,70,70,70,70,70,70,70,70,70,70,70,70,70,70,70,75,75,75,75],"card_choices":[{"not_picked":["Choke","Cloak And Dagger"],"picked":"Blur","floor":1.0},{"not_picked":["Choke","Eviscerate"],"picked":"Backstab","floor":2.0},{"not_picked":["Finisher","Outmaneuver"],"picked":"Sucker Punch","floor":3.0},{"not_picked":["Heel Hook","Flying Knee"],"picked":"Deadly Poison","floor":5.0},{"not_picked":["Blade Dance","PiercingWail"],"picked":"Noxious Fumes","floor":7},{"not_picked":["Skewer","Backflip"],"picked":"Deadly Poison","floor":8},{"not_picked":["Prepared","Slice"],"picked":"Predator","floor":10},{"not_picked":["Finisher","Blade Dance"],"picked":"Quick Slash","floor":12},{"not_picked":["Deadly Poison","Infinite Blades"],"picked":"Envenom","floor":14},{"not_picked":["Envenom","Glass Knife"],"picked":"Adrenaline","floor":16},{"not_picked":["Deadly Poison","Escape Plan+1"],"picked":"Outmaneuver","floor":18},{"not_picked":["Eviscerate","Backflip","Deflect"],"picked":"SKIP","floor":21},{"not_picked":["Heel Hook","Dagger Spray"],"picked":"Outmaneuver+1","floor":22},{"not_picked":["Deflect","Dodge and Roll"],"picked":"Crippling Poison","floor":23},{"not_picked":["Skewer","Dagger Spray","Escape Plan"],"picked":"SKIP","floor":25},{"not_picked":["Riddle With Holes","Eviscerate"],"picked":"Choke","floor":28},{"not_picked":["Underhanded Strike","Predator"],"picked":"Terror+1","floor":30},{"not_picked":["Bane","Slice"],"picked":"Backflip","floor":35},{"not_picked":["Masterful Stab+1","Eviscerate","Deadly Poison"],"picked":"SKIP","floor":36},{"not_picked":["PiercingWail","Blade Dance+1"],"picked":"Dodge and Roll","floor":38},{"not_picked":["All Out Attack","Outmaneuver"],"picked":"Accuracy","floor":41},{"not_picked":["Flechettes","PiercingWail"],"picked":"Prepared+1","floor":45},{"not_picked":["Caltrops+1","Predator+1"],"picked":"Bane+1","floor":48}],"player_experience":105483,"relics_obtained":[{"floor":8,"key":"Mummified Hand"},{"floor":9,"key":"Orichalcum"},{"floor":14,"key":"Gremlin Horn"},{"floor":25,"key":"Tiny Chest"},{"floor":26,"key":"Shuriken"},{"floor":30,"key":"Darkstone Periapt"},{"floor":31,"key":"Blue Candle"},{"floor":43,"key":"Incense Burner"}],"event_choices":[{"event_name":"World of Goop","player_choice":"Gather Gold","floor":4.0,"damage_taken":0.0},{"event_name":"Purifier","player_choice":"One Purge","floor":19,"damage_taken":0},{"event_name":"SensoryStone","player_choice":"Memory 1","floor":37,"damage_taken":0},{"event_name":"Winding Halls","player_choice":"Embrace Madness","floor":46,"damage_taken":0},{"event_name":"The Lab","player_choice":"Got Potions","floor":47,"damage_taken":0}],"is_beta":false,"boss_relics":[{"not_picked":["Tiny House","Ectoplasm"],"picked":"Pandora\u0027s Box"},{"not_picked":["Sozu","Philosopher\u0027s Stone"],"picked":"Black Star"}],"items_purged_floors":[13,20,39],"is_endless":false,"potions_floor_spawned":[1,7,10,12,16,21,23,25,30,35,41,45],"killed_by":"Awakened One","ascension_level":1}