{"gold_per_floor":[114,114,132,132,147,160,183,183,256,256,256,271,42,85,85,210,210,228,242,242,272,272,272,172,187,269,269,294,294,294,38,38,161,161,180,180,195,11,0,0,0,16,16,16,35,35,35,48,48,48],"floor_reached":51,"playtime":2751,"items_purged":["Injury","Shame","Writhe"],"score":769,"play_id":"969c0422-b047-498e-9d66-4272e8508fc3","local_time":"20190104094611","is_ascension_mode":true,"campfire_choices":[{"floor":8,"key":"REST"},{"data":"Zap","floor":10,"key":"SMITH"},{"data":"Static Discharge","floor":15,"key":"SMITH"},{"data":"Dualcast","floor":23,"key":"SMITH"},{"data":"Biased Cognition","floor":27,"key":"SMITH"},{"data":"Creative AI","floor":29,"key":"SMITH"},{"floor":32,"key":"REST"},{"data":"Seek","floor":40,"key":"SMITH"},{"data":"Hologram","floor":41,"key":"SMITH"},{"data":"Defragment","floor":46,"key":"SMITH"},{"floor":49,"key":"REST"}],"neow_cost":"NONE","seed_source_timestamp":430454186875339,"circlet_count":0,"master_deck":["Strike_B+1","Strike_B+1","Defend_B","Defend_B","Defend_B","Defend_B","Zap+1","Dualcast+1","Sweeping Beam+1","Beam Cell","Steam","Doom and Gloom","Chill","BootSequence","Static Discharge+1","Biased Cognition+1","Creative AI+1","Defragment+1","Core Surge","Seek+1","FTL+1","Hologram+1","Force Field","Defragment+1","Ball Lightning"],"relics":["Cracked Core","Whetstone","Golden Idol","Gremlin Horn","WingedGreaves","Velvet Choker","MutagenicStrength","Tiny Chest","Gambling Chip","The Courier","Happy Flower","Runic Pyramid","Runic Capacitor","Red Mask","Unceasing Top","Peace Pipe"],"potions_floor_usage":[33,50],"damage_taken":[{"damage":7,"enemies":"Jaw Worm","floor":1,"turns":3},{"damage":1,"enemies":"2 Louse","floor":3,"turns":2},{"damage":0,"enemies":"Small Slimes","floor":5,"turns":2},{"damage":3,"enemies":"3 Louse","floor":6,"turns":2},{"damage":3,"enemies":"Blue Slaver","floor":7,"turns":3},{"damage":10,"enemies":"Exordium Wildlife","floor":12,"turns":3},{"damage":7,"enemies":"Gremlin Nob","floor":14,"turns":3},{"damage":25,"enemies":"The Guardian","floor":16,"turns":7},{"damage":0,"enemies":"Spheric Guardian","floor":18,"turns":3},{"damage":2,"enemies":"2 Thieves","floor":19,"turns":4},{"damage":3,"enemies":"Centurion and Healer","floor":25,"turns":4},{"damage":0,"enemies":"Chosen and Byrds","floor":28,"turns":5},{"damage":4,"enemies":"Automaton","floor":33,"turns":9},{"damage":2,"enemies":"3 Darklings","floor":35,"turns":4},{"damage":0,"enemies":"3 Shapes","floor":37,"turns":3},{"damage":10,"enemies":"3 Darklings","floor":42,"turns":4},{"damage":0,"enemies":"Sphere and 2 Shapes","floor":45,"turns":4},{"damage":21,"enemies":"4 Shapes","floor":48,"turns":5},{"damage":43,"enemies":"Time Eater","floor":50,"turns":5}],"seed_played":"537694347025282228","potions_obtained":[{"floor":6,"key":"Fire Potion"},{"floor":7,"key":"SkillPotion"},{"floor":14,"key":"Ancient Potion"},{"floor":33,"key":"Swift Potion"}],"is_trial":false,"path_per_floor":["M","?","M","?","M","M","M","R","T","R","?","M","$","E","R","B",null,"M","M","?","?","T","R","$","M","T","R","M","R","?","$","R","B",null,"M","?","M","$","?","R","R","M","T","T","M","R","?","M","R","B",null],"character_chosen":"DEFECT","items_purchased":["BootSequence","Static Discharge","Defragment","Core Surge","Runic Capacitor","Hologram"],"campfire_rested":3,"item_purchase_floors":[13,13,31,31,38,38],"current_hp_per_floor":[68,68,67,52,52,49,46,68,68,68,68,58,58,51,51,26,63,63,61,61,61,61,61,61,58,58,58,58,58,58,58,75,71,74,72,72,72,72,72,72,72,62,62,62,62,62,62,41,63,20],"gold":48,"neow_bonus":"RANDOM_COMMON_RELIC","is_prod":false,"is_daily":false,"chose_seed":false,"campfire_upgraded":8,"win_rate":0,"timestamp":1546562771,"path_taken":["M","?","M","?","M","M","M","R","T","R","?","M","$","E","R","BOSS","M","M","?","?","?","R","$","M","T","R","?","R","?","?","R","BOSS","M","?","?","$","?","R","R","M","T","?","M","R","?","M","R","BOSS"],"build_version":"2018-12-20","purchased_purges":3,"victory":true,"max_hp_per_floor":[75,75,75,75,75,75,75,75,75,75,75,75,75,75,75,75,75,75,75,75,75,75,75,75,75,75,75,75,75,75,75,75,75,75,75,75,75,75,75,75,75,75,75,75,75,75,75,75,75,75],"card_choices":[{"not_picked":["Leap","Hologram"],"picked":"Sweeping Beam","floor":1},{"not_picked":["Rebound","White Noise"],"picked":"Beam Cell","floor":3},{"not_picked":["Compile Driver","Leap"],"picked":"Cold Snap","floor":5},{"not_picked":["Cold Snap","Conserve Battery","Rebound"],"picked":"SKIP","floor":6},{"not_picked":["Beam Cell","Reboot"],"picked":"Steam","floor":7},{"not_picked":["Hello World","Barrage"],"picked":"Chill","floor":12},{"not_picked":["Fusion","Storm","Stack"],"picked":"SKIP","floor":14},{"not_picked":["Buffer","Seek"],"picked":"Biased Cognition","floor":16},{"not_picked":["Scrape","Steam","Barrage"],"picked":"SKIP","floor":18},{"not_picked":["Beam Cell","Gash"],"picked":"Creative AI","floor":19},{"not_picked":["Reprogram+1","Cold Snap","Steam"],"picked":"SKIP","floor":25},{"not_picked":["Coolheaded","Rebound","Beam Cell"],"picked":"SKIP","floor":28},{"not_picked":["Creative AI","Multi-Cast"],"picked":"Seek","floor":33},{"not_picked":["Steam","Loop"],"picked":"FTL+1","floor":35},{"not_picked":["Genetic Algorithm+1","Steam","Compile Driver+1"],"picked":"SKIP","floor":37},{"not_picked":["Steam","Lockon"],"picked":"Force Field","floor":42},{"not_picked":["Fusion","Turbo+1"],"picked":"Defragment+1","floor":45},{"not_picked":["Coolheaded","Scrape"],"picked":"Ball Lightning","floor":48}],"player_experience":135269,"relics_obtained":[{"floor":9,"key":"Gremlin Horn"},{"floor":14,"key":"WingedGreaves"},{"floor":22,"key":"Gambling Chip"},{"floor":26,"key":"The Courier"},{"floor":43,"key":"Unceasing Top"},{"floor":44,"key":"Peace Pipe"}],"event_choices":[{"damage_healed":0,"gold_gain":0,"player_choice":"Take Wound","damage_taken":0,"relics_obtained":["Golden Idol"],"max_hp_gain":0,"max_hp_loss":0,"event_name":"Golden Idol","floor":2,"gold_loss":0,"cards_obtained":["Injury"]},{"damage_healed":0,"gold_gain":0,"player_choice":"Entered Light","damage_taken":15,"max_hp_gain":0,"max_hp_loss":0,"event_name":"Shining Light","floor":4,"gold_loss":0,"cards_upgraded":["Sweeping Beam","Strike_B"]},{"damage_healed":0,"gold_gain":0,"cards_transformed":["Strike_B"],"player_choice":"Change","damage_taken":0,"max_hp_gain":0,"max_hp_loss":0,"event_name":"Living Wall","floor":11,"gold_loss":0,"cards_obtained":["Doom and Gloom"]},{"damage_healed":0,"gold_gain":0,"player_choice":"Inject Mutagens","damage_taken":0,"relics_obtained":["MutagenicStrength"],"max_hp_gain":0,"max_hp_loss":0,"event_name":"Drug Dealer","floor":20,"gold_loss":0},{"damage_healed":0,"gold_gain":0,"player_choice":"Stole Relic","damage_taken":0,"relics_obtained":["Tiny Chest"],"max_hp_gain":0,"max_hp_loss":0,"event_name":"Addict","floor":21,"gold_loss":0,"cards_obtained":["Shame"]},{"damage_healed":0,"gold_gain":0,"player_choice":"Opened","damage_taken":0,"relics_obtained":["Happy Flower"],"max_hp_gain":0,"max_hp_loss":0,"event_name":"The Mausoleum","floor":30,"gold_loss":0,"cards_obtained":["Writhe"]},{"cards_removed":["Strike_B"],"damage_healed":0,"gold_gain":0,"player_choice":"Purged","damage_taken":0,"max_hp_gain":0,"max_hp_loss":0,"event_name":"Purifier","floor":36,"gold_loss":0},{"damage_healed":0,"gold_gain":0,"player_choice":"Paid","damage_taken":0,"relics_obtained":["Red Mask"],"max_hp_gain":0,"max_hp_loss":0,"event_name":"Tomb of Lord Red Mask","floor":39,"gold_loss":11},{"cards_removed":["Cold Snap"],"damage_healed":0,"gold_gain":0,"player_choice":"Removed Attack","damage_taken":0,"max_hp_gain":0,"max_hp_loss":0,"event_name":"Falling","floor":47,"gold_loss":0}],"is_beta":false,"boss_relics":[{"not_picked":["Fusion Hammer","Coffee Dripper"],"picked":"Velvet Choker"},{"not_picked":["Astrolabe","Black Star"],"picked":"Runic Pyramid"}],"items_purged_floors":[13,24,31],"is_endless":false,"potions_floor_spawned":[6,7,14,25,28,33,35,37,45],"ascension_level":5}