{"gold_per_floor":[111,127,127,202,202,229,229,14,14,43,54,54,54,78,78,176,176,200,43,43,43,67,67,91,91,164,164,207,226,246,246,246,339,339,360,11,11,30,48,48,73,73,97,97,110,110,110,135,135,135],"floor_reached":51,"playtime":2933,"items_purged":["Regret"],"score":1391,"play_id":"4f622396-57db-473b-b363-e2ed110cbe9e","local_time":"20190807183119","is_ascension_mode":true,"campfire_choices":[{"data":"Neutralize","floor":7,"key":"SMITH"},{"floor":12,"key":"REST"},{"data":"Skewer","floor":15,"key":"SMITH"},{"floor":23,"key":"REST"},{"data":"Well Laid Plans","floor":27,"key":"SMITH"},{"data":"Footwork","floor":32,"key":"SMITH"},{"data":"Panacea","floor":40,"key":"SMITH"},{"floor":42,"key":"REST"},{"data":"Cloak And Dagger","floor":44,"key":"SMITH"},{"data":"Cloak And Dagger","floor":49,"key":"SMITH"}],"neow_cost":"NONE","seed_source_timestamp":405125292500200,"circlet_count":0,"master_deck":["AscendersBane","Strike_G+1","Strike_G+1","Strike_G+1","Strike_G+1","Strike_G+1","Defend_G+1","Defend_G+1","Defend_G+1","Defend_G+1","Defend_G+1","Survivor","Neutralize+1","Cloak And Dagger","Cloak And Dagger","Well Laid Plans+1","Infinite Blades","Injury","Skewer+1","Adrenaline","Dagger Throw","Dagger Throw","Backflip+1","Accuracy+1","Writhe","Well Laid Plans","Cloak And Dagger+1","Footwork+1","Adrenaline","Footwork+1","Panacea+1","Crippling Poison","Cloak And Dagger+1","Blur","Acrobatics+1"],"relics":["Ring of the Snake","NeowsBlessing","Letter Opener","Du-Vu Doll","Orichalcum","PreservedInsect","Bottled Tornado","Centennial Puzzle","Golden Idol","Sozu","Dream Catcher","Mercury Hourglass","Kunai","Darkstone Periapt","Busted Crown","Vajra","Bag of Marbles"],"potions_floor_usage":[10,33],"damage_taken":[{"damage":0,"enemies":"Jaw Worm","floor":1,"turns":1},{"damage":0,"enemies":"Small Slimes","floor":2,"turns":1},{"damage":0,"enemies":"3 Sentries","floor":6,"turns":1},{"damage":7,"enemies":"Lagavulin","floor":10,"turns":6},{"damage":2,"enemies":"2 Louse","floor":11,"turns":2},{"damage":0,"enemies":"2 Fungi Beasts","floor":14,"turns":3},{"damage":30,"enemies":"The Guardian","floor":16,"turns":13},{"damage":3,"enemies":"3 Byrds","floor":18,"turns":4},{"damage":9,"enemies":"Shell Parasite","floor":22,"turns":3},{"damage":0,"enemies":"Snake Plant","floor":24,"turns":3},{"damage":2,"enemies":"Gremlin Leader","floor":28,"turns":3},{"damage":0,"enemies":"Centurion and Healer","floor":29,"turns":4},{"damage":0,"enemies":"Snecko","floor":30,"turns":4},{"damage":22,"enemies":"Champ","floor":33,"turns":10},{"damage":0,"enemies":"Orb Walker","floor":35,"turns":2},{"damage":18,"enemies":"3 Darklings","floor":38,"turns":4},{"damage":0,"enemies":"4 Shapes","floor":39,"turns":4},{"damage":11,"enemies":"Jaw Worm Horde","floor":41,"turns":4},{"damage":12,"enemies":"Writhing Mass","floor":45,"turns":5},{"damage":0,"enemies":"Spire Growth","floor":48,"turns":2},{"damage":10,"enemies":"Donu and Deca","floor":50,"turns":10}],"seed_played":"3518354992808169742","potions_obtained":[{"floor":6,"key":"Energy Potion"},{"floor":16,"key":"Dexterity Potion"}],"is_trial":false,"path_per_floor":["M","M","?","?","?","E","R","$","T","E","M","R","?","M","R","B",null,"M","$","?","$","M","R","M","?","T","R","E","M","M","?","R","B",null,"M","$","?","M","M","R","M","R","T","R","M","?","?","M","R","B",null],"character_chosen":"THE_SILENT","items_purchased":["PreservedInsect","Well Laid Plans","Dream Catcher","Panacea","Vajra"],"campfire_rested":3,"item_purchase_floors":[8,8,19,36,36],"current_hp_per_floor":[59,59,33,22,22,22,22,22,22,15,13,32,32,32,32,2,50,47,47,47,47,38,57,57,57,57,57,55,55,55,55,55,33,58,58,58,58,40,40,40,29,48,48,48,36,54,54,54,54,44],"gold":135,"neow_bonus":"THREE_ENEMY_KILL","is_prod":false,"is_daily":false,"chose_seed":false,"campfire_upgraded":7,"win_rate":0,"timestamp":1565170279,"path_taken":["M","M","?","?","?","E","R","$","T","E","M","R","?","M","R","BOSS","M","$","?","$","M","R","M","?","T","R","E","M","M","?","R","BOSS","M","$","?","M","M","R","M","R","T","R","?","?","?","?","R","BOSS"],"build_version":"2019-07-17","purchased_purges":1,"victory":true,"max_hp_per_floor":[66,66,66,66,66,66,66,66,66,66,66,66,66,66,66,66,66,66,66,66,66,66,66,66,66,66,66,66,66,66,66,66,66,66,66,66,66,66,66,66,66,66,66,66,66,54,54,54,54,54],"card_choices":[{"not_picked":["Flying Knee","Underhanded Strike"],"picked":"Cloak And Dagger","floor":1},{"not_picked":["Quick Slash","Reflex"],"picked":"Cloak And Dagger","floor":2},{"not_picked":["Flechettes","Expertise"],"picked":"Quick Slash","floor":6},{"not_picked":["Poisoned Stab","Deflect","Bane"],"picked":"SKIP","floor":10},{"not_picked":["Tactician","Flying Knee"],"picked":"Infinite Blades","floor":11},{"not_picked":["Outmaneuver","Underhanded Strike"],"picked":"Skewer","floor":14},{"not_picked":["Bullet Time","Burst"],"picked":"Adrenaline","floor":16},{"not_picked":["Deadly Poison","PiercingWail"],"picked":"Dagger Throw","floor":18},{"not_picked":["Finisher","PiercingWail"],"picked":"Dagger Throw","floor":22},{"not_picked":["Concentrate","Dagger Spray"],"picked":"Backflip+1","floor":23},{"not_picked":["Terror","Prepared"],"picked":"Accuracy+1","floor":24},{"not_picked":["Quick Slash","Bane"],"picked":"Well Laid Plans","floor":28},{"not_picked":["Envenom","Flying Knee"],"picked":"Cloak And Dagger","floor":29},{"not_picked":["Flechettes","Flying Knee","Underhanded Strike"],"picked":"SKIP","floor":30},{"not_picked":["A Thousand Cuts","Corpse Explosion"],"picked":"Adrenaline","floor":33},{"not_picked":[],"picked":"Footwork+1","floor":35},{"not_picked":[],"picked":"Crippling Poison","floor":38},{"not_picked":["Slice+1"],"picked":"SKIP","floor":39},{"not_picked":[],"picked":"Cloak And Dagger","floor":41},{"not_picked":[],"picked":"Blur","floor":42},{"not_picked":["Predator"],"picked":"SKIP","floor":45},{"not_picked":[],"picked":"Acrobatics+1","floor":48}],"player_experience":614272,"relics_obtained":[{"floor":6,"key":"Orichalcum"},{"floor":9,"key":"Bottled Tornado"},{"floor":10,"key":"Centennial Puzzle"},{"floor":26,"key":"Kunai"},{"floor":28,"key":"Darkstone Periapt"},{"floor":43,"key":"Bag of Marbles"}],"event_choices":[{"damage_healed":0,"gold_gain":0,"player_choice":"Success","damage_taken":26,"relics_obtained":["Letter Opener"],"max_hp_gain":0,"max_hp_loss":0,"event_name":"Scrap Ooze","floor":3,"gold_loss":0},{"damage_healed":0,"gold_gain":75,"player_choice":"Gather Gold","damage_taken":11,"max_hp_gain":0,"max_hp_loss":0,"event_name":"World of Goop","floor":4,"gold_loss":0},{"damage_healed":0,"gold_gain":0,"player_choice":"Box","damage_taken":0,"relics_obtained":["Du-Vu Doll"],"max_hp_gain":0,"max_hp_loss":0,"event_name":"Big Fish","floor":5,"gold_loss":0,"cards_obtained":["Regret"]},{"damage_healed":0,"gold_gain":0,"player_choice":"Take Wound","damage_taken":0,"relics_obtained":["Golden Idol"],"max_hp_gain":0,"max_hp_loss":0,"event_name":"Golden Idol","floor":13,"gold_loss":0,"cards_obtained":["Injury"]},{"damage_healed":0,"gold_gain":0,"player_choice":"Simplicity","damage_taken":0,"max_hp_gain":0,"max_hp_loss":0,"event_name":"Back to Basics","floor":20,"gold_loss":0,"cards_upgraded":["Strike_G","Strike_G","Strike_G","Strike_G","Strike_G","Defend_G","Defend_G","Defend_G","Defend_G","Defend_G"]},{"damage_healed":0,"gold_gain":0,"player_choice":"Opened","damage_taken":0,"relics_obtained":["Mercury Hourglass"],"max_hp_gain":0,"max_hp_loss":0,"event_name":"The Mausoleum","floor":25,"gold_loss":0,"cards_obtained":["Writhe"]},{"damage_healed":0,"gold_gain":0,"player_choice":"Read","damage_taken":0,"max_hp_gain":0,"max_hp_loss":0,"event_name":"The Library","floor":31,"gold_loss":0,"cards_obtained":["Footwork"]},{"damage_healed":0,"gold_gain":0,"player_choice":"Ignored","damage_taken":0,"max_hp_gain":0,"max_hp_loss":0,"event_name":"Fountain of Cleansing","floor":37,"gold_loss":0},{"damage_healed":54,"gold_gain":0,"player_choice":"Heal","damage_taken":0,"max_hp_gain":0,"max_hp_loss":12,"event_name":"The Moai Head","floor":46,"gold_loss":0},{"cards_removed":["Quick Slash"],"damage_healed":0,"gold_gain":0,"player_choice":"Removed Attack","damage_taken":0,"max_hp_gain":0,"max_hp_loss":0,"event_name":"Falling","floor":47,"gold_loss":0}],"is_beta":false,"boss_relics":[{"not_picked":["Empty Cage","Lizard Tail"],"picked":"Sozu"},{"not_picked":["Snecko Eye","Coffee Dripper"],"picked":"Busted Crown"}],"items_purged_floors":[36],"is_endless":false,"potions_floor_spawned":[6,16,18,28,29,35,39,48],"ascension_level":19}