{"path_per_floor":["M","M","M","?","M","E","M","R","T","E","M","M","R","$","R","B",null,"M","M","M","M","M","$","R","?","T","R","?","E","M","M","R","B",null,"M","M","M","M","$","R","E","?","T","?","?","R","$","E","R","B"],"character_chosen":"IRONCLAD","items_purchased":["War Paint","Bag of Marbles"],"gold_per_floor":[114,129,144,144,159,189,204,204,229,259,274,289,289,139,139,239,239,239,239,239,239,239,89,89,89,89,89,12,12,12,12,12,12,12,12,12,12,12,12,12,12,12,12,0,0,0,0,0,0,0],"floor_reached":51,"campfire_rested":4,"playtime":2325,"current_hp_per_floor":[71,83,86,79,81,85,91,91,91,83,89,103,103,103,103,103,109,107,81,50,37,57,57,93,93,93,120,120,105,108,92,129,101,131,104,112,124,124,124,124,96,131,131,131,131,131,131,109,145,109],"items_purged":[],"gold":0,"score":966,"play_id":"89345d42-af3a-4558-ac4d-ef8f2e85f677","local_time":"20180518023043","daily_mods":["Shiny","Time Dilation","Hoarder"],"is_prod":false,"is_daily":true,"chose_seed":false,"is_ascension_mode":false,"campfire_upgraded":5,"timestamp":1526581843,"path_taken":["M","M","M","?","M","E","M","R","T","E","M","M","R","$","R","BOSS","M","M","M","M","M","$","R","?","T","R","?","E","?","?","R","BOSS","M","M","M","M","?","R","E","?","T","?","?","R","$","E","R","BOSS"],"build_version":"2018-05-10","seed_source_timestamp":33463597934234,"purchased_purges":0,"victory":true,"master_deck":["Double Tap+1","Double Tap","Double Tap","Demon Form+1","Demon Form+1","Demon Form+1","Bludgeon","Bludgeon","Bludgeon","Feed","Feed","Feed","Limit Break","Limit Break","Limit Break","Barricade","Barricade","Barricade","Fiend Fire+1","Fiend Fire","Fiend Fire","Dark Embrace","Dark Embrace","Dark Embrace","Berserk","Berserk","Impervious+1","Impervious","Impervious","Juggernaut","Juggernaut","Juggernaut","Brutality","Brutality","Brutality","Reaper","Reaper","Reaper","Exhume","Exhume","Exhume","Offering","Offering+1","Offering","Immolate","Immolate","Immolate","Entrench","Entrench","Entrench","Bloodletting+1","Bloodletting+1","Bloodletting+1","J.A.X.","J.A.X.","J.A.X.","Writhe","Writhe","Writhe"],"max_hp_per_floor":[80,83,86,86,86,100,100,100,100,100,100,103,103,103,103,109,109,117,117,120,120,120,120,120,120,120,120,120,122,127,129,129,131,131,133,135,137,139,139,139,141,141,141,141,141,141,141,143,145,145],"relics":["Burning Blood","Self Forming Clay","Mango","Happy Flower","Art of War","War Paint","Ectoplasm","Bag of Marbles","Tiny Chest","Singing Bowl","Black Star","Dream Catcher","Blood Vial","Bottled Tornado","Red Mask","Gremlin Horn","Ornamental Fan"],"card_choices":[{"not_picked":["Warcry","Havoc"],"picked":"Entrench","floor":11},{"not_picked":["Pommel Strike","Thunderclap"],"picked":"Bloodletting","floor":18}],"player_experience":47092,"potions_floor_usage":[10,18,18,21,29,41,41],"damage_taken":[{"damage":15,"enemies":"Jaw Worm","floor":1,"turns":2},{"damage":4,"enemies":"2 Louse","floor":2,"turns":2},{"damage":5,"enemies":"Small Slimes","floor":3,"turns":2},{"damage":4,"enemies":"Exordium Wildlife","floor":5,"turns":1},{"damage":16,"enemies":"3 Sentries","floor":6,"turns":2},{"damage":0,"enemies":"Lots of Slimes","floor":7,"turns":1},{"damage":14,"enemies":"Gremlin Nob","floor":10,"turns":3},{"damage":0,"enemies":"3 Louse","floor":11,"turns":2},{"damage":0,"enemies":"2 Fungi Beasts","floor":12,"turns":2},{"damage":12,"enemies":"Slime Boss","floor":16,"turns":7},{"damage":24,"enemies":"3 Byrds","floor":18,"turns":4},{"damage":32,"enemies":"Spheric Guardian","floor":19,"turns":5},{"damage":40,"enemies":"3 Cultists","floor":20,"turns":5},{"damage":19,"enemies":"Snake Plant","floor":21,"turns":5},{"damage":8,"enemies":"Snecko","floor":22,"turns":3},{"damage":23,"enemies":"Gremlin Leader","floor":29,"turns":2},{"damage":8,"enemies":"3 Cultists","floor":30,"turns":2},{"damage":24,"enemies":"Snake Plant","floor":31,"turns":2},{"damage":36,"enemies":"Automaton","floor":33,"turns":3},{"damage":35,"enemies":"3 Darklings","floor":35,"turns":3},{"damage":0,"enemies":"Orb Walker","floor":36,"turns":1},{"damage":58,"enemies":"Maw","floor":37,"turns":5},{"damage":8,"enemies":"3 Darklings","floor":38,"turns":1},{"damage":49,"enemies":"Nemesis","floor":41,"turns":3},{"damage":66,"enemies":"2 Orb Walkers","floor":48,"turns":4},{"damage":42,"enemies":"Time Eater","floor":50,"turns":5}],"event_choices":[{"event_name":"Scrap Ooze","player_choice":"success","floor":4,"damage_taken":7},{"event_name":"Ghosts","player_choice":"Ignored","floor":25,"damage_taken":0},{"event_name":"Drug Dealer","player_choice":"Got JAXXED","floor":28,"damage_taken":0},{"event_name":"Winding Halls","player_choice":"Writhe","floor":42,"damage_taken":0},{"event_name":"Tomb of Lord Red Mask","player_choice":"Paid","floor":44,"damage_taken":0}],"boss_relics":[{"not_picked":["Astrolabe","Philosopher\u0027s Stone"],"picked":"Ectoplasm"},{"not_picked":["Mark of Pain","Tiny House"],"picked":"Black Star"}],"potions_floor_spawned":[1,7,10,11,16,20,22,29,30,31,36,37,41],"seed_played":"-8851493181465648625","ascension_level":0,"is_trial":false}