{"path_per_floor":["M","M","?","?","T","E","M","R","T","R","M","M","M","M","R","B",null,"M","?","M","?","$","T","R","?","T","M","?","M","E","M","R","B",null,"M","?","M","?","M","R","E","R","T","E","M","E","?","?","R","B"],"character_chosen":"THE_SILENT","items_purchased":["Dead Branch"],"gold_per_floor":[114,129,129,129,129,159,174,174,174,174,189,204,219,234,234,334,334,349,349,364,364,14,14,14,14,14,29,29,44,74,89,89,189,189,204,204,219,219,234,234,264,264,264,294,309,339,299,299,299,299],"floor_reached":51,"campfire_rested":2,"playtime":3905,"current_hp_per_floor":[70,70,70,70,70,43,43,43,43,43,43,37,37,36,65,28,65,43,43,43,43,43,43,43,43,43,42,63,63,40,40,40,48,65,65,65,64,56,55,55,43,43,43,40,40,27,27,27,60,26],"items_purged":["Normality"],"gold":299,"score":807,"play_id":"ac26243d-5f5a-4bc4-810f-399ebdb29344","local_time":"20180429005120","daily_mods":["Insanity","Time Dilation","Night Terrors"],"is_prod":false,"is_daily":true,"chose_seed":false,"is_ascension_mode":false,"campfire_upgraded":3,"timestamp":1524930680,"path_taken":["M","?","?","?","?","E","M","R","T","R","M","M","M","M","R","BOSS","M","?","M","?","$","?","R","?","T","M","?","M","E","M","R","BOSS","M","?","M","?","M","R","E","R","T","E","M","E","?","?","R","BOSS"],"build_version":"2018-04-26","seed_source_timestamp":0,"purchased_purges":1,"victory":true,"master_deck":["After Image","Well Laid Plans","A Thousand Cuts","Expertise","Bane","After Image","Cloak And Dagger","Quick Slash","Envenom","Riddle With Holes","Heel Hook","Night Terror","A Thousand Cuts","Phantasmal Killer","Calculated Gamble","Corpse Explosion","Corpse Explosion","Unload","Prepared","Deflect","Finisher","Leg Sweep","Storm of Steel","Outmaneuver","Tools of the Trade","Flying Knee","Backstab","Blade Dance","Phantasmal Killer","PiercingWail","Masterful Stab","Blur","Dagger Spray","Unload","All Out Attack+1","Setup","Noxious Fumes","Corpse Explosion","Predator","A Thousand Cuts","Quick Slash","Tactician","Deflect","Setup","Noxious Fumes","Bane","Tools of the Trade","Skewer","Neutralize","Backflip","Poisoned Stab","Regret","Concentrate","PiercingWail","Poisoned Stab","Underhanded Strike","Dagger Spray","Poisoned Stab","Tactician","Dagger Throw","Deflect+1","Injury","Parasite","Crippling Poison","PiercingWail","Dagger Throw+1","Malaise","Adrenaline","Backflip","Adrenaline","Calculated Gamble+1","Madness+1","Madness","Blade Dance+1","Distraction+1","Clumsy","Cloak And Dagger","Tactician","Backflip+1"],"max_hp_per_floor":[70,70,70,70,70,70,70,70,70,70,70,70,70,70,65,65,65,65,65,65,65,65,65,65,65,65,65,65,65,65,65,65,65,65,65,65,65,65,65,65,65,65,65,65,65,65,65,65,60,60],"relics":["Ring of the Snake","Torii","Juzu Bracelet","Bottled Flame","Girya","Smiling Mask","Cursed Key","Dead Branch","Ginger","Blue Candle","Unceasing Top","Philosopher\u0027s Stone","Toolbox","Matryoshka","Tingsha","Art of War"],"card_choices":[{"not_picked":["Flying Knee","Finisher"],"picked":"Backflip","floor":1},{"not_picked":["Flying Knee","Caltrops"],"picked":"Poisoned Stab","floor":2},{"not_picked":["Expertise","Night Terror"],"picked":"Concentrate","floor":6},{"not_picked":["Quick Slash","Slice"],"picked":"PiercingWail","floor":7},{"not_picked":["Predator","PiercingWail"],"picked":"Poisoned Stab","floor":11},{"not_picked":["Acrobatics","Bouncing Flask"],"picked":"Underhanded Strike","floor":12},{"not_picked":["PiercingWail","Bane"],"picked":"Dagger Spray","floor":13},{"not_picked":["Dodge and Roll","Blur"],"picked":"Poisoned Stab","floor":14},{"not_picked":["Unload","Doppelganger"],"picked":"Tactician","floor":16},{"not_picked":["Distraction","Flying Knee"],"picked":"Dagger Throw","floor":18},{"not_picked":["Leg Sweep","Bane"],"picked":"Deflect","floor":20},{"not_picked":["Heel Hook","Quick Slash"],"picked":"Crippling Poison","floor":27},{"not_picked":["Flying Knee","Backflip"],"picked":"PiercingWail","floor":29},{"not_picked":["Glass Knife","Dagger Spray"],"picked":"Dagger Throw","floor":30},{"not_picked":["Flechettes","Slice"],"picked":"Malaise","floor":31},{"not_picked":["Tools of the Trade","Envenom"],"picked":"Adrenaline","floor":33},{"not_picked":["Quick Slash","Bane"],"picked":"Backflip","floor":35},{"not_picked":["Slice","Dagger Spray"],"picked":"Calculated Gamble","floor":37},{"not_picked":["Expertise","Well Laid Plans"],"picked":"Blade Dance","floor":39},{"not_picked":["Dodge and Roll","Backflip"],"picked":"Distraction","floor":41},{"not_picked":["Footwork","Noxious Fumes"],"picked":"Cloak And Dagger","floor":44},{"not_picked":["Endless Agony","Dagger Throw"],"picked":"Tactician","floor":45},{"not_picked":["Caltrops","Slice"],"picked":"Backflip","floor":46}],"player_experience":470185,"potions_floor_usage":[6,20,30,30,33,33,46,50,50,50],"damage_taken":[{"damage":0,"enemies":"Cultist","floor":1,"turns":3},{"damage":0,"enemies":"2 Louse","floor":2,"turns":1},{"damage":27,"enemies":"Gremlin Nob","floor":6,"turns":4},{"damage":0,"enemies":"Small Slimes","floor":7,"turns":3},{"damage":0,"enemies":"Blue Slaver","floor":11,"turns":1},{"damage":6,"enemies":"Lots of Slimes","floor":12,"turns":3},{"damage":0,"enemies":"Large Slime","floor":13,"turns":5},{"damage":1,"enemies":"Blue Slaver","floor":14,"turns":2},{"damage":37,"enemies":"The Guardian","floor":16,"turns":11},{"damage":22,"enemies":"Chosen","floor":18,"turns":4},{"damage":0,"enemies":"Spheric Guardian","floor":20,"turns":3},{"damage":1,"enemies":"Snake Plant","floor":27,"turns":3},{"damage":0,"enemies":"Centurion and Healer","floor":29,"turns":1},{"damage":28,"enemies":"Slavers","floor":30,"turns":3},{"damage":0,"enemies":"3 Cultists","floor":31,"turns":2},{"damage":4,"enemies":"Champ","floor":33,"turns":5},{"damage":0,"enemies":"Orb Walker","floor":35,"turns":1},{"damage":1,"enemies":"3 Shapes","floor":37,"turns":5},{"damage":1,"enemies":"3 Darklings","floor":39,"turns":1},{"damage":12,"enemies":"2 Orb Walkers","floor":41,"turns":2},{"damage":3,"enemies":"Giant Head","floor":44,"turns":5},{"damage":0,"enemies":"Sphere and 2 Shapes","floor":45,"turns":1},{"damage":13,"enemies":"2 Orb Walkers","floor":46,"turns":3},{"damage":34,"enemies":"Donu and Deca","floor":50,"turns":5}],"event_choices":[{"event_name":"Big Fish","player_choice":"Box","floor":3,"damage_taken":0},{"event_name":"Accursed Blacksmith","player_choice":"Rummage","floor":4,"damage_taken":0},{"event_name":"Drug Dealer","player_choice":"Ignored","floor":19,"damage_taken":0},{"event_name":"N\u0027loth","player_choice":"Ignored","floor":21,"damage_taken":0},{"event_name":"Addict","player_choice":"Ignored","floor":25,"damage_taken":0},{"event_name":"The Library","player_choice":"Heal","floor":28,"damage_taken":0},{"event_name":"Duplicator","player_choice":"One dupe","floor":36,"damage_taken":0},{"event_name":"Winding Halls","player_choice":"Embrace Madness","floor":38,"damage_taken":0},{"event_name":"The Woman in Blue","player_choice":"Bought 3 Potions","floor":47,"damage_taken":0}],"boss_relics":[{"not_picked":["Black Star","Ectoplasm"],"picked":"Cursed Key"},{"not_picked":["White Beast Statue","Runic Pyramid"],"picked":"Philosopher\u0027s Stone"}],"potions_floor_spawned":[1,2,11,16,18,29,30,35,41,44,45],"seed_played":"8797904352761270822","ascension_level":0,"is_trial":false}