{"gold_per_floor":[114,130,140,153,168,168,181,181,181,181,191,217,217,237,237,314,314,288,308,308,308,21,21,40,40,40,40,40,40,40,40,40,40],"floor_reached":33,"playtime":1366,"items_purged":[],"score":594,"play_id":"926b12b5-1345-44f5-8ef9-e8ed11553bb3","local_time":"20190822130035","is_ascension_mode":true,"campfire_choices":[{"data":"Zap","floor":6,"key":"SMITH"},{"data":"White Noise","floor":8,"key":"SMITH"},{"floor":10,"key":"REST"},{"data":"Darkness","floor":13,"key":"SMITH"},{"floor":15,"key":"REST"},{"data":"Echo Form","floor":23,"key":"SMITH"},{"data":"White Noise","floor":25,"key":"SMITH"},{"data":"Dualcast","floor":29,"key":"SMITH"},{"floor":32,"key":"REST"}],"neow_cost":"PERCENT_DAMAGE","seed_source_timestamp":109116511661000,"circlet_count":0,"master_deck":["AscendersBane","Defend_B+1","Defend_B+1","Defend_B+1","Defend_B+1","Zap+1","Dualcast+1","Undo","Darkness+1","Auto Shields","Ball Lightning","White Noise+1","Conserve Battery","Compile Driver","Genetic Algorithm","Ball Lightning","BootSequence","Echo Form+1","Injury","Decay","Writhe","White Noise+1","Hologram+1","Necronomicurse","Leap","Bite","Bite","Bite","Bite","Bite","FTL"],"relics":["Cracked Core","Dream Catcher","FossilizedHelix","Calling Bell","Potion Belt","Pear","StoneCalendar","Necronomicon","Meat on the Bone","Ornamental Fan"],"potions_floor_usage":[7,12,14,16,33],"damage_taken":[{"damage":1,"enemies":"Cultist","floor":1,"turns":3},{"damage":7,"enemies":"2 Louse","floor":2,"turns":2},{"damage":0,"enemies":"Jaw Worm","floor":3,"turns":3},{"damage":3,"enemies":"3 Louse","floor":4,"turns":5},{"damage":5,"enemies":"Exordium Wildlife","floor":5,"turns":3},{"damage":5,"enemies":"Gremlin Gang","floor":7,"turns":5},{"damage":2,"enemies":"2 Fungi Beasts","floor":11,"turns":4},{"damage":30,"enemies":"Lagavulin","floor":12,"turns":5},{"damage":11,"enemies":"Exordium Thugs","floor":14,"turns":6},{"damage":36,"enemies":"Slime Boss","floor":16,"turns":11},{"damage":14,"enemies":"2 Thieves","floor":18,"turns":4},{"damage":33,"enemies":"Chosen","floor":19,"turns":6},{"damage":5,"enemies":"Snecko","floor":24,"turns":6},{"damage":61,"enemies":"Automaton","floor":33,"turns":10}],"seed_played":"-8493046129702248235","potions_obtained":[{"floor":3,"key":"Weak Potion"},{"floor":4,"key":"PowerPotion"},{"floor":7,"key":"LiquidBronze"},{"floor":11,"key":"SteroidPotion"},{"floor":12,"key":"EssenceOfSteel"},{"floor":18,"key":"Weak Potion"},{"floor":24,"key":"LiquidBronze"}],"is_trial":false,"path_per_floor":["M","M","M","M","M","R","M","R","T","R","M","E","R","M","R","B",null,"M","M","?","?","$","R","M","R","T","$","?","R","$","?","R","B"],"character_chosen":"DEFECT","items_purchased":["Meat on the Bone"],"campfire_rested":3,"item_purchase_floors":[22],"current_hp_per_floor":[59,52,52,49,44,44,39,39,39,64,62,32,32,21,46,10,76,62,29,48,27,27,27,34,34,34,34,34,34,34,34,53,2],"gold":40,"neow_bonus":"TWENTY_PERCENT_HP_BONUS","is_prod":false,"is_daily":false,"chose_seed":false,"campfire_upgraded":6,"win_rate":0,"timestamp":1566446435,"path_taken":["M","M","M","?","M","R","M","R","T","R","?","E","R","M","R","BOSS","M","M","?","?","$","R","M","R","T","$","?","R","$","?","R","BOSS"],"build_version":"2019-07-17","purchased_purges":0,"victory":false,"max_hp_per_floor":[85,85,85,85,85,85,85,85,85,85,85,85,85,85,85,85,95,95,95,95,95,95,95,95,95,95,95,66,66,66,66,66,66],"card_choices":[{"not_picked":["Rebound","Coolheaded"],"picked":"Undo","floor":1},{"not_picked":["Beam Cell","Stack","Storm"],"picked":"SKIP","floor":2},{"not_picked":["Cold Snap","Barrage"],"picked":"Darkness","floor":3},{"not_picked":["Turbo","Steam"],"picked":"Auto Shields","floor":4},{"not_picked":["Conserve Battery","Cold Snap"],"picked":"Ball Lightning","floor":5},{"not_picked":["Doom and Gloom","Hello World"],"picked":"White Noise","floor":7},{"not_picked":["Steam","Storm"],"picked":"Conserve Battery","floor":10},{"not_picked":["Barrage","Turbo"],"picked":"Compile Driver","floor":11},{"not_picked":["Echo Form","Steam"],"picked":"Genetic Algorithm","floor":12},{"not_picked":["Static Discharge","Coolheaded"],"picked":"Ball Lightning","floor":14},{"not_picked":["Streamline","Leap"],"picked":"BootSequence","floor":15},{"not_picked":["Meteor Strike","Creative AI"],"picked":"Echo Form","floor":16},{"not_picked":["Chaos","Steam Power"],"picked":"White Noise","floor":18},{"not_picked":["Chaos","Coolheaded"],"picked":"Hologram+1","floor":19},{"not_picked":["Ball Lightning","Steam"],"picked":"Leap","floor":24},{"not_picked":["Beam Cell","Cold Snap"],"picked":"FTL","floor":32}],"player_experience":749533,"relics_obtained":[{"floor":9,"key":"Dream Catcher"},{"floor":12,"key":"FossilizedHelix"},{"floor":17,"key":"Potion Belt"},{"floor":17,"key":"Pear"},{"floor":17,"key":"StoneCalendar"},{"floor":21,"key":"Necronomicon"},{"floor":26,"key":"Ornamental Fan"}],"event_choices":[{"damage_healed":19,"gold_gain":0,"player_choice":"Heal","damage_taken":0,"max_hp_gain":0,"max_hp_loss":0,"event_name":"The Library","floor":20,"gold_loss":0},{"damage_healed":0,"gold_gain":0,"player_choice":"Obtained Book","damage_taken":21,"max_hp_gain":0,"max_hp_loss":0,"event_name":"Cursed Tome","floor":21,"gold_loss":0},{"damage_healed":0,"gold_gain":0,"player_choice":"Became a vampire","damage_taken":0,"max_hp_gain":0,"max_hp_loss":29,"event_name":"Vampires","floor":28,"gold_loss":0,"cards_obtained":["Bite","Bite","Bite","Bite","Bite"]},{"damage_healed":0,"gold_gain":0,"player_choice":"Simplicity","damage_taken":0,"max_hp_gain":0,"max_hp_loss":0,"event_name":"Back to Basics","floor":31,"gold_loss":0,"cards_upgraded":["Defend_B","Defend_B","Defend_B","Defend_B"]}],"is_beta":false,"boss_relics":[{"not_picked":["Velvet Choker","FrozenCore"],"picked":"Calling Bell"}],"items_purged_floors":[],"is_endless":false,"potions_floor_spawned":[3,4,7,11,12,18,24],"killed_by":"Automaton","ascension_level":18}