{"gold_per_floor":[109,122,142,154,57,85,85,85,85,117,137,137,163,173,173,173],"floor_reached":16,"playtime":4007,"items_purged":["Strike_R"],"score":195,"play_id":"fc8137ce-999a-423c-beee-e15d4a018718","local_time":"20190827002548","is_ascension_mode":true,"campfire_choices":[{"data":"Bash","floor":7,"key":"SMITH"},{"data":"Metallicize","floor":12,"key":"SMITH"},{"data":"Ghostly Armor","floor":15,"key":"SMITH"}],"neow_cost":"NONE","seed_source_timestamp":109264630891100,"circlet_count":0,"master_deck":["AscendersBane","Strike_R","Strike_R","Strike_R","Defend_R","Defend_R","Defend_R","Defend_R","Bash+1","Shrug It Off","Ghostly Armor+1","Metallicize+1","Feel No Pain","Armaments","Cleave","Warcry","Pummel+1","Iron Wave+1"],"relics":["Burning Blood","Omamori","Bag of Marbles","Molten Egg 2","Boot"],"potions_floor_usage":[10,13,14],"damage_taken":[{"damage":0,"enemies":"2 Louse","floor":1,"turns":4},{"damage":1,"enemies":"Cultist","floor":2,"turns":4},{"damage":6,"enemies":"Small Slimes","floor":3,"turns":5},{"damage":10,"enemies":"Looter","floor":4,"turns":4},{"damage":7,"enemies":"3 Sentries","floor":6,"turns":17},{"damage":24,"enemies":"Gremlin Nob","floor":10,"turns":5},{"damage":0,"enemies":"2 Fungi Beasts","floor":11,"turns":3},{"damage":8,"enemies":"3 Sentries","floor":13,"turns":11},{"damage":6,"enemies":"Exordium Wildlife","floor":14,"turns":4},{"damage":72,"enemies":"Hexaghost","floor":16,"turns":15}],"seed_played":"-3629902983979023270","potions_obtained":[{"floor":2,"key":"LiquidBronze"},{"floor":6,"key":"Block Potion"},{"floor":10,"key":"SkillPotion"}],"is_trial":false,"path_per_floor":["M","M","M","M","$","E","R","?","T","E","M","R","E","M","R","B"],"character_chosen":"IRONCLAD","items_purchased":["Armaments"],"campfire_rested":0,"item_purchase_floors":[5],"current_hp_per_floor":[86,88,88,84,84,83,83,83,83,65,71,71,69,69,69,0],"gold":173,"neow_bonus":"TEN_PERCENT_HP_BONUS","is_prod":false,"is_daily":false,"chose_seed":false,"campfire_upgraded":3,"win_rate":0,"timestamp":1566879948,"path_taken":["M","M","M","M","$","E","R","?","T","E","?","R","E","M","R","BOSS"],"build_version":"2019-07-17","purchased_purges":1,"victory":false,"max_hp_per_floor":[88,88,88,88,88,88,88,88,88,88,88,88,88,88,88,88],"card_choices":[{"not_picked":["Headbutt","Thunderclap"],"picked":"Shrug It Off","floor":1},{"not_picked":["Flex","Pummel"],"picked":"Ghostly Armor","floor":2},{"not_picked":["Anger","Thunderclap"],"picked":"Metallicize","floor":3},{"not_picked":["Infernal Blade","Shrug It Off"],"picked":"Feel No Pain","floor":4},{"not_picked":["Pommel Strike","Impervious"],"picked":"Cleave","floor":6},{"not_picked":["Clothesline","Thunderclap"],"picked":"Pummel","floor":10},{"not_picked":["Sword Boomerang+1","Wild Strike+1"],"picked":"Iron Wave+1","floor":11},{"not_picked":["Bloodletting","Thunderclap+1","Reckless Charge+1"],"picked":"SKIP","floor":13},{"not_picked":["Thunderclap+1","Rage","Flex"],"picked":"SKIP","floor":14}],"player_experience":4112219,"relics_obtained":[{"floor":6,"key":"Omamori"},{"floor":9,"key":"Bag of Marbles"},{"floor":10,"key":"Molten Egg 2"},{"floor":13,"key":"Boot"}],"event_choices":[{"damage_healed":0,"gold_gain":0,"cards_transformed":["Strike_R"],"player_choice":"Transformed","damage_taken":0,"max_hp_gain":0,"max_hp_loss":0,"event_name":"Transmorgrifier","floor":8,"gold_loss":0,"cards_obtained":["Warcry"]}],"is_beta":false,"boss_relics":[],"items_purged_floors":[5],"is_endless":false,"potions_floor_spawned":[2,6,10],"killed_by":"Hexaghost","ascension_level":12}