{"gold_per_floor":[219,230,23,42,56,87,87,87,111,130,85,96,96,116,116,218,218,228,143,143,168,183,209,308,308,356,372,372,384,384],"floor_reached":30,"playtime":2141,"items_purged":[],"score":277,"play_id":"dcf550ee-885a-450a-a8b9-021a3b03dc4a","local_time":"20180924000237","is_ascension_mode":false,"campfire_choices":[{"floor":7,"key":"REST"},{"floor":13,"key":"REST"},{"data":"Infinite Blades","floor":15,"key":"SMITH"},{"floor":25,"key":"REST"}],"neow_cost":"NONE","seed_source_timestamp":391648564107935,"circlet_count":0,"master_deck":["Defend_G","Defend_G","Defend_G","Defend_G","Defend_G","Strike_G","Strike_G","Strike_G","Strike_G","Strike_G","Survivor","Neutralize","Sucker Punch","Distraction","Deadly Poison","Infinite Blades+1","Blade Dance","Caltrops","Deadly Poison","Accuracy","Poisoned Stab","Venomology","Blade Dance+1","Blade Dance+1","Caltrops+1","Bane","Blade Dance"],"relics":["Ring of the Snake","Vajra","Bronze Scales","Potion Belt","Centennial Puzzle","Black Star","Snake Skull","Oddly Smooth Stone","Omamori","Happy Flower","Pen Nib","MutagenicStrength"],"potions_floor_usage":[16,16,18,23,23,23,23,29,29,29,30],"damage_taken":[{"damage":2,"enemies":"Small Slimes","floor":1,"turns":6},{"damage":2,"enemies":"2 Louse","floor":2,"turns":3},{"damage":0,"enemies":"Jaw Worm","floor":4,"turns":4},{"damage":2,"enemies":"2 Fungi Beasts","floor":5,"turns":4},{"damage":21,"enemies":"3 Sentries","floor":6,"turns":8},{"damage":7,"enemies":"3 Louse","floor":10,"turns":2},{"damage":1,"enemies":"Exordium Wildlife","floor":12,"turns":3},{"damage":2,"enemies":"Blue Slaver","floor":14,"turns":3},{"damage":54,"enemies":"The Guardian","floor":16,"turns":8},{"damage":17,"enemies":"2 Thieves","floor":18,"turns":4},{"damage":10,"enemies":"Chosen","floor":22,"turns":4},{"damage":17,"enemies":"Slavers","floor":23,"turns":5},{"damage":25,"enemies":"Snecko","floor":27,"turns":6},{"damage":12,"enemies":"3 Cultists","floor":29,"turns":3},{"damage":10,"enemies":"Snake Plant","floor":30,"turns":2}],"seed_played":"7808149348804395706","potions_obtained":[{"floor":4,"key":"Energy Potion"},{"floor":6,"key":"SpeedPotion"},{"floor":12,"key":"AttackPotion"},{"floor":14,"key":"Regen Potion"},{"floor":16,"key":"AttackPotion"},{"floor":18,"key":"Fire Potion"},{"floor":22,"key":"Block Potion"}],"is_trial":false,"path_per_floor":["M","M","$","M","M","E","R","?","T","M","?","M","R","M","R","B",null,"M","?","?","T","M","E","?","R","T","M","?","M"],"character_chosen":"THE_SILENT","items_purchased":["Vajra","Deadly Poison"],"campfire_rested":3,"item_purchase_floors":[3,3],"current_hp_per_floor":[68,66,66,66,64,43,64,57,57,50,50,49,70,68,68,28,70,53,53,53,53,43,26,26,47,47,22,22,10,0],"gold":384,"neow_bonus":"HUNDRED_GOLD","is_prod":false,"is_daily":false,"chose_seed":false,"campfire_upgraded":1,"win_rate":0.0,"timestamp":1537772557,"path_taken":["M","M","$","M","M","E","R","?","T","M","?","M","R","M","R","BOSS","M","?","?","?","M","E","?","R","T","M","?","M","?"],"build_version":"2018-09-20","purchased_purges":0,"victory":false,"max_hp_per_floor":[70,70,70,70,70,70,70,70,70,70,70,70,70,70,70,70,70,70,70,70,70,70,70,70,70,70,70,70,70,70],"card_choices":[{"not_picked":["Deflect","Underhanded Strike"],"picked":"Sucker Punch","floor":1},{"not_picked":["Prepared","Expertise"],"picked":"Distraction","floor":2},{"not_picked":["Eviscerate","Quick Slash"],"picked":"Infinite Blades","floor":4},{"not_picked":["Dagger Spray","Acrobatics"],"picked":"Blade Dance","floor":5},{"not_picked":["Terror","Acrobatics"],"picked":"Caltrops","floor":6},{"not_picked":["Prepared","Dagger Throw"],"picked":"Deadly Poison","floor":10},{"not_picked":["Predator","Endless Agony"],"picked":"Accuracy","floor":12},{"not_picked":["Unload","Backflip"],"picked":"Poisoned Stab","floor":14},{"not_picked":["Malaise","Tools of the Trade"],"picked":"Venomology","floor":16},{"not_picked":["Dagger Spray","Outmaneuver+1"],"picked":"Blade Dance+1","floor":18},{"not_picked":["Underhanded Strike","Heel Hook"],"picked":"Caltrops+1","floor":22},{"not_picked":["Distraction","Footwork"],"picked":"Bane","floor":23},{"not_picked":["Footwork+1","Leg Sweep","Slice"],"picked":"SKIP","floor":27},{"not_picked":["Tactician","Acrobatics"],"picked":"Blade Dance","floor":29}],"player_experience":70673,"relics_obtained":[{"floor":6,"key":"Bronze Scales"},{"floor":9,"key":"Centennial Puzzle"},{"floor":21,"key":"Oddly Smooth Stone"},{"floor":23,"key":"Omamori"},{"floor":23,"key":"Happy Flower"},{"floor":26,"key":"Pen Nib"}],"event_choices":[{"event_name":"Scrap Ooze","player_choice":"success","floor":8,"damage_taken":7},{"event_name":"World of Goop","player_choice":"Left","floor":11,"damage_taken":0},{"event_name":"Addict","player_choice":"Obtained Relic","floor":19,"damage_taken":0},{"event_name":"Duplicator","player_choice":"One dupe","floor":20,"damage_taken":0},{"event_name":"Nest","player_choice":"Stole From Cult","floor":24,"damage_taken":0},{"event_name":"Drug Dealer","player_choice":"Inject Mutagens","floor":28,"damage_taken":0}],"is_beta":false,"boss_relics":[{"not_picked":["Eternal Feather","Velvet Choker"],"picked":"Black Star"}],"items_purged_floors":[],"is_endless":false,"potions_floor_spawned":[4,6,12,14,16,18,22],"killed_by":"Snake Plant","ascension_level":0}