{"gold_per_floor":[10,23,41,56,56,56,100,100,179,179,218,218,258,258,258,354,354,379,379,402,418,433,433,477,477,501,521,521,535,535,553,553,553],"floor_reached":33,"playtime":2206,"items_purged":[],"score":502,"play_id":"3c247bc0-3256-4ec9-a7e3-29334946176e","local_time":"20190820110135","is_ascension_mode":true,"campfire_choices":[{"floor":6,"key":"REST"},{"data":"Zap","floor":8,"key":"SMITH"},{"floor":10,"key":"REST"},{"data":"Dualcast","floor":12,"key":"SMITH"},{"floor":15,"key":"REST"},{"floor":23,"key":"REST"},{"data":"Seek","floor":25,"key":"SMITH"},{"data":"Hologram","floor":28,"key":"SMITH"},{"data":"Redo","floor":30,"key":"SMITH"},{"floor":32,"key":"REST"}],"neow_cost":"NO_GOLD","seed_source_timestamp":0,"circlet_count":0,"master_deck":["AscendersBane","Strike_B","Strike_B","Strike_B","Defend_B","Defend_B","Defend_B","Defend_B","Zap+1","Dualcast+1","Rebound","Steam","Ball Lightning","Streamline","Conserve Battery","Conserve Battery","Glacier","Seek+1","Rebound","Hologram+1","Machine Learning","Undo","Reinforced Body","FTL","Redo+1","Machine Learning"],"special_seed":0,"relics":["Cracked Core","Incense Burner","Golden Idol","Dodecahedron","Tiny Chest","DataDisk","Sundial","Nuclear Battery","Dream Catcher","Bag of Marbles"],"potions_floor_usage":[7,16,18,20,31],"damage_taken":[{"damage":1,"enemies":"Cultist","floor":1,"turns":3},{"damage":1,"enemies":"2 Louse","floor":2,"turns":2},{"damage":1,"enemies":"Jaw Worm","floor":3,"turns":3},{"damage":0,"enemies":"3 Louse","floor":4,"turns":3},{"damage":12,"enemies":"Gremlin Nob","floor":7,"turns":3},{"damage":24,"enemies":"3 Sentries","floor":11,"turns":5},{"damage":18,"enemies":"Lagavulin","floor":13,"turns":6},{"damage":15,"enemies":"Hexaghost","floor":16,"turns":13},{"damage":21,"enemies":"2 Thieves","floor":18,"turns":3},{"damage":2,"enemies":"Chosen","floor":20,"turns":4},{"damage":6,"enemies":"Shelled Parasite and Fungi","floor":21,"turns":7},{"damage":1,"enemies":"Sentry and Sphere","floor":22,"turns":6},{"damage":11,"enemies":"Book of Stabbing","floor":24,"turns":9},{"damage":8,"enemies":"Snecko","floor":27,"turns":4},{"damage":0,"enemies":"Centurion and Healer","floor":29,"turns":9},{"damage":4,"enemies":"3 Cultists","floor":31,"turns":6},{"damage":35,"enemies":"Collector","floor":33,"turns":12}],"seed_played":"-2363499051384071894","potions_obtained":[{"floor":3,"key":"Fire Potion"},{"floor":7,"key":"GamblersBrew"},{"floor":16,"key":"PowerPotion"},{"floor":18,"key":"AttackPotion"},{"floor":27,"key":"Explosive Potion"}],"is_trial":false,"path_per_floor":["M","M","M","M","?","R","E","R","T","R","E","R","E","?","R","B",null,"M","?","M","M","M","R","E","R","T","M","R","M","R","M","R","B"],"character_chosen":"DEFECT","items_purchased":[],"campfire_rested":5,"item_purchase_floors":[],"current_hp_per_floor":[63,62,61,61,37,58,46,46,46,67,43,43,25,25,46,31,61,40,40,38,32,31,52,41,41,41,33,33,33,33,29,50,15],"gold":553,"neow_bonus":"ONE_RARE_RELIC","is_prod":false,"is_daily":false,"chose_seed":false,"campfire_upgraded":5,"win_rate":0,"timestamp":1566266495,"path_taken":["M","M","M","M","?","R","E","R","T","R","E","R","E","?","R","BOSS","M","?","M","?","M","R","E","R","T","M","R","M","R","M","R","BOSS"],"build_version":"2019-07-17","purchased_purges":0,"victory":false,"max_hp_per_floor":[71,71,71,71,71,71,71,71,71,71,71,71,71,71,71,71,71,71,71,71,71,71,71,71,71,71,71,71,71,71,71,71,71],"card_choices":[{"not_picked":["Compile Driver","Go for the Eyes"],"picked":"Rebound","floor":1},{"not_picked":["Rebound","Chaos"],"picked":"Steam","floor":2},{"not_picked":["Compile Driver","Recycle"],"picked":"Ball Lightning","floor":3},{"not_picked":["Multi-Cast","Lockon"],"picked":"Streamline","floor":4},{"not_picked":["Static Discharge","Rebound"],"picked":"Conserve Battery","floor":7},{"not_picked":["Force Field","Auto Shields"],"picked":"Conserve Battery","floor":11},{"not_picked":["Rebound","Loop"],"picked":"Glacier","floor":13},{"not_picked":["Thunder Strike","Reboot"],"picked":"Seek","floor":16},{"not_picked":["Barrage","Beam Cell"],"picked":"Rebound","floor":18},{"not_picked":["Aggregate","Cold Snap"],"picked":"Hologram","floor":20},{"not_picked":["Gash","Hello World"],"picked":"Machine Learning","floor":21},{"not_picked":["Double Energy","Coolheaded"],"picked":"Undo","floor":22},{"not_picked":["Turbo","Force Field"],"picked":"Reinforced Body","floor":24},{"not_picked":["Gash","Turbo+1"],"picked":"FTL","floor":27},{"not_picked":["Streamline","Coolheaded"],"picked":"Redo","floor":29},{"not_picked":["Cold Snap","Lockon","Go for the Eyes"],"picked":"SKIP","floor":31},{"not_picked":["Gash","Melter"],"picked":"Machine Learning","floor":32}],"player_experience":717092,"relics_obtained":[{"floor":7,"key":"Dodecahedron"},{"floor":9,"key":"Tiny Chest"},{"floor":11,"key":"DataDisk"},{"floor":13,"key":"Sundial"},{"floor":24,"key":"Dream Catcher"},{"floor":26,"key":"Bag of Marbles"}],"event_choices":[{"damage_healed":0,"gold_gain":0,"player_choice":"Take Damage","damage_taken":24,"relics_obtained":["Golden Idol"],"max_hp_gain":0,"max_hp_loss":0,"event_name":"Golden Idol","floor":5,"gold_loss":0},{"damage_healed":0,"gold_gain":0,"player_choice":"Ignored","damage_taken":0,"max_hp_gain":0,"max_hp_loss":0,"event_name":"Liars Game","floor":14,"gold_loss":0},{"cards_removed":["Strike_B"],"damage_healed":0,"gold_gain":0,"player_choice":"Purged","damage_taken":0,"max_hp_gain":0,"max_hp_loss":0,"event_name":"Purifier","floor":19,"gold_loss":0}],"is_beta":false,"boss_relics":[{"not_picked":["Calling Bell","Pandora\u0027s Box"],"picked":"Nuclear Battery"}],"items_purged_floors":[],"is_endless":false,"potions_floor_spawned":[3,7,16,18,27],"killed_by":"Collector","ascension_level":15}