{"gold_per_floor":[19,32,49,60,60,60,7,82,82,82,96,96,111,125,125,125],"floor_reached":16,"playtime":680,"items_purged":[],"score":174,"play_id":"923da082-b1ee-4e0e-880e-85f0e4c619a8","local_time":"20190804225429","is_ascension_mode":true,"campfire_choices":[{"floor":6,"key":"REST"},{"data":"Sucker Punch","floor":10,"key":"SMITH"},{"floor":15,"key":"REST"}],"neow_cost":"NO_GOLD","seed_source_timestamp":163977117192000,"circlet_count":0,"master_deck":["AscendersBane","Strike_G","Strike_G","Strike_G","Strike_G","Strike_G","Defend_G","Defend_G","Defend_G","Defend_G","Defend_G","Survivor","Neutralize","Leg Sweep","Flying Knee","Dagger Spray","Footwork","Sucker Punch+1","Neutralize","Prepared"],"relics":["Ring of the Snake","Bird Faced Urn","Blue Candle","Matryoshka"],"potions_floor_usage":[14,16,16],"damage_taken":[{"damage":12,"enemies":"Cultist","floor":1,"turns":5},{"damage":0,"enemies":"Jaw Worm","floor":2,"turns":5},{"damage":2,"enemies":"Small Slimes","floor":3,"turns":5},{"damage":3,"enemies":"Exordium Wildlife","floor":4,"turns":5},{"damage":4,"enemies":"2 Fungi Beasts","floor":11,"turns":4},{"damage":0,"enemies":"Red Slaver","floor":13,"turns":7},{"damage":11,"enemies":"Exordium Wildlife","floor":14,"turns":4},{"damage":43,"enemies":"The Guardian","floor":16,"turns":14}],"seed_played":"-5287599178354123139","potions_obtained":[{"floor":2,"key":"SkillPotion"},{"floor":13,"key":"Swift Potion"},{"floor":14,"key":"Poison Potion"}],"is_trial":false,"path_per_floor":["M","M","M","M","?","R","$","?","T","R","M","?","M","M","R","B"],"character_chosen":"THE_SILENT","items_purchased":["Sucker Punch"],"campfire_rested":2,"item_purchase_floors":[7],"current_hp_per_floor":[47,47,45,42,16,35,35,24,24,24,22,22,24,15,34,0],"gold":125,"neow_bonus":"ONE_RARE_RELIC","is_prod":false,"is_daily":false,"chose_seed":false,"campfire_upgraded":1,"win_rate":0,"timestamp":1564926869,"path_taken":["M","?","M","M","?","R","$","?","T","R","?","?","M","M","R","BOSS"],"build_version":"2019-07-17","purchased_purges":0,"victory":false,"max_hp_per_floor":[66,66,66,66,66,66,66,66,66,66,66,66,66,66,66,66],"card_choices":[{"not_picked":["Dagger Spray","Blade Dance"],"picked":"Leg Sweep","floor":1},{"not_picked":["Endless Agony","PiercingWail"],"picked":"Flying Knee","floor":2},{"not_picked":["Catalyst","Blade Dance"],"picked":"Dagger Spray","floor":3},{"not_picked":["Masterful Stab","Blade Dance"],"picked":"Footwork","floor":4},{"not_picked":["Poisoned Stab","Flechettes","Acrobatics"],"picked":"SKIP","floor":11},{"not_picked":["Distraction","PiercingWail","Expertise"],"picked":"SKIP","floor":13},{"not_picked":["Blade Dance","Quick Slash","Setup"],"picked":"SKIP","floor":14}],"player_experience":569513,"relics_obtained":[{"floor":9,"key":"Matryoshka"}],"event_choices":[{"damage_healed":0,"gold_gain":0,"player_choice":"Success","damage_taken":26,"relics_obtained":["Blue Candle"],"max_hp_gain":0,"max_hp_loss":0,"event_name":"Scrap Ooze","floor":5,"gold_loss":0},{"damage_healed":0,"gold_gain":75,"player_choice":"Gather Gold","damage_taken":11,"max_hp_gain":0,"max_hp_loss":0,"event_name":"World of Goop","floor":8,"gold_loss":0},{"damage_healed":0,"gold_gain":0,"player_choice":"2 cards matched","damage_taken":0,"max_hp_gain":0,"max_hp_loss":0,"event_name":"Match and Keep!","floor":12,"gold_loss":0,"cards_obtained":["Neutralize","Prepared"]}],"is_beta":false,"boss_relics":[],"items_purged_floors":[],"is_endless":false,"potions_floor_spawned":[2,13,14],"killed_by":"The Guardian","ascension_level":17}