{"gold_per_floor":[113,113,133,52,66,91,91,101,101,118,129,129,145,155,155,254,254,273,291,37,57,69,69,69,69,69,69,18,34,34,44,44,146,146,163,178,226,42,42,58,58,77,77,110,110],"floor_reached":45,"playtime":4502,"items_purged":[],"score":476,"play_id":"0dfb0eb8-1bc6-4978-b671-f32c32b075c1","local_time":"20181201224905","is_ascension_mode":false,"campfire_choices":[{"data":"Defragment","floor":7,"key":"SMITH"},{"floor":15,"key":"REST"},{"data":"Zap","floor":23,"key":"SMITH"},{"data":"Dualcast","floor":25,"key":"SMITH"},{"data":"Double Energy","floor":27,"key":"SMITH"},{"data":"Biased Cognition","floor":30,"key":"SMITH"},{"data":"Tempest","floor":32,"key":"SMITH"},{"floor":41,"key":"RECALL"}],"neow_cost":"NONE","seed_source_timestamp":343159069791700,"circlet_count":0,"master_deck":["Strike_B","Strike_B","Strike_B","Defend_B","Defend_B","Defend_B","Defend_B","Zap+1","Dualcast+1","FTL","Hologram","Defragment+1","Tempest+1","Auto Shields","Rainbow","Double Energy+1","Sweeping Beam","Aggregate","Cold Snap","Biased Cognition+1","Coolheaded","Cold Snap+1","Leap","Leap","Stack","Leap","Seek","Chill+1","Ball Lightning","Chaos","Chaos","Zap","Aggregate+1","Conserve Battery","Fission"],"relics":["Cracked Core","NeowsBlessing","Happy Flower","Oddly Smooth Stone","Lizard Tail","Strange Spoon","Letter Opener","Fusion Hammer","Emotion Chip","Ancient Tea Set","Bird Faced Urn","Regal Pillow"],"potions_floor_usage":[6,16,16,16,31,33,42,44,45],"damage_taken":[{"damage":0,"enemies":"Jaw Worm","floor":1,"turns":1},{"damage":0,"enemies":"Cultist","floor":3,"turns":1},{"damage":0,"enemies":"2 Louse","floor":5,"turns":1},{"damage":21,"enemies":"Lagavulin","floor":6,"turns":7},{"damage":8,"enemies":"Gremlin Gang","floor":8,"turns":5},{"damage":0,"enemies":"2 Fungi Beasts","floor":10,"turns":2},{"damage":16,"enemies":"Exordium Thugs","floor":11,"turns":5},{"damage":9,"enemies":"Lots of Slimes","floor":13,"turns":3},{"damage":1,"enemies":"2 Fungi Beasts","floor":14,"turns":3},{"damage":3,"enemies":"The Guardian","floor":16,"turns":8},{"damage":6,"enemies":"3 Byrds","floor":18,"turns":4},{"damage":0,"enemies":"Spheric Guardian","floor":19,"turns":5},{"damage":9,"enemies":"Snecko","floor":21,"turns":5},{"damage":4,"enemies":"Shelled Parasite and Fungi","floor":22,"turns":10},{"damage":2,"enemies":"Sentry and Sphere","floor":29,"turns":5},{"damage":1,"enemies":"Centurion and Healer","floor":31,"turns":4},{"damage":53,"enemies":"Automaton","floor":33,"turns":13},{"damage":5,"enemies":"3 Shapes","floor":35,"turns":4},{"damage":3,"enemies":"3 Darklings","floor":36,"turns":7},{"damage":18,"enemies":"2 Orb Walkers","floor":37,"turns":5},{"damage":0,"enemies":"Transient","floor":40,"turns":5},{"damage":19,"enemies":"Jaw Worm Horde","floor":42,"turns":3},{"damage":30,"enemies":"Reptomancer","floor":44,"turns":5},{"damage":28,"enemies":"Maw","floor":45,"turns":4}],"seed_played":"-6247374959619458491","potions_obtained":[{"floor":1,"key":"FearPotion"},{"floor":6,"key":"Regen Potion"},{"floor":10,"key":"LiquidBronze"},{"floor":14,"key":"Poison Potion"},{"floor":18,"key":"Block Potion"},{"floor":19,"key":"Strength Potion"},{"floor":31,"key":"Dexterity Potion"},{"floor":35,"key":"Energy Potion"},{"floor":42,"key":"Energy Potion"}],"is_trial":false,"path_per_floor":["M","?","M","$","M","E","R","M","T","M","M","?","M","M","R","B",null,"M","M","$","M","M","R","?","R","T","R","$","M","R","M","R","B",null,"M","M","?","$","?","M","R","M","T","E","M"],"character_chosen":"DEFECT","items_purchased":["Defragment","Strange Spoon","Leap","Swift Potion","Chaos","Ancient Tea Set"],"campfire_rested":1,"item_purchase_floors":[4,20,20,28,38,38],"current_hp_per_floor":[75,75,75,75,75,54,54,46,46,46,30,30,21,20,42,54,75,69,69,69,60,56,56,56,56,56,56,56,54,54,53,53,37,75,70,67,49,49,49,49,49,30,30,4,0],"gold":110,"neow_bonus":"THREE_ENEMY_KILL","is_prod":false,"is_daily":false,"chose_seed":false,"campfire_upgraded":6,"win_rate":0,"timestamp":1543672145,"path_taken":["M","?","M","$","M","E","R","M","T","?","M","?","?","M","R","BOSS","M","M","$","M","M","R","?","R","T","R","?","M","R","?","R","BOSS","M","M","?","$","?","M","R","M","T","E","?"],"build_version":"2018-11-15","purchased_purges":0,"victory":false,"max_hp_per_floor":[75,75,75,75,75,75,75,75,75,75,75,75,75,75,75,75,75,75,75,75,75,75,75,75,75,75,75,75,75,75,75,75,75,75,75,75,75,75,75,75,75,75,75,75,75],"card_choices":[{"not_picked":["Gash","Redo"],"picked":"FTL","floor":1},{"not_picked":["Barrage","Rebound"],"picked":"Hologram","floor":3},{"not_picked":["FTL","Cold Snap"],"picked":"Tempest","floor":5},{"not_picked":["White Noise","Barrage"],"picked":"Auto Shields","floor":6},{"not_picked":["Compile Driver","Sunder"],"picked":"Rainbow","floor":8},{"not_picked":["Go for the Eyes","Chaos"],"picked":"Double Energy","floor":10},{"not_picked":["White Noise","Beam Cell"],"picked":"Sweeping Beam","floor":11},{"not_picked":["Stack","Undo"],"picked":"Aggregate","floor":13},{"not_picked":["Barrage","Fusion"],"picked":"Cold Snap","floor":14},{"not_picked":["Hyperbeam","Rainbow"],"picked":"Biased Cognition","floor":16},{"not_picked":["Loop","Go for the Eyes"],"picked":"Coolheaded","floor":18},{"not_picked":["White Noise","Beam Cell"],"picked":"Cold Snap+1","floor":19},{"not_picked":["Hologram","Scrape"],"picked":"Leap","floor":21},{"not_picked":["Static Discharge","Sweeping Beam"],"picked":"Stack","floor":22},{"not_picked":["Gash","Amplify"],"picked":"Leap","floor":29},{"not_picked":["Sweeping Beam+1","Gash","Redo"],"picked":"SKIP","floor":31},{"not_picked":["Echo Form","Biased Cognition"],"picked":"Seek","floor":33},{"not_picked":["Sweeping Beam","Beam Cell+1"],"picked":"Chill+1","floor":35},{"not_picked":["Gash+1","Beam Cell"],"picked":"Ball Lightning","floor":36},{"not_picked":["Barrage","Ball Lightning"],"picked":"Chaos","floor":37},{"not_picked":["Cold Snap","Skim"],"picked":"Aggregate+1","floor":40},{"not_picked":["Ball Lightning","White Noise+1"],"picked":"Conserve Battery","floor":42},{"not_picked":["Consume","Lockon"],"picked":"Fission","floor":44}],"player_experience":568612,"relics_obtained":[{"floor":6,"key":"Happy Flower"},{"floor":9,"key":"Oddly Smooth Stone"},{"floor":37,"key":"Emotion Chip"},{"floor":43,"key":"Bird Faced Urn"},{"floor":44,"key":"Regal Pillow"}],"event_choices":[{"damage_healed":0,"gold_gain":0,"player_choice":"Ignored","damage_taken":0,"max_hp_gain":0,"max_hp_loss":0,"event_name":"NoteForYourself","floor":2,"gold_loss":0},{"cards_removed":["Strike_B"],"damage_healed":0,"gold_gain":0,"player_choice":"Offered Basic","damage_taken":0,"max_hp_gain":0,"max_hp_loss":0,"event_name":"Bonfire Elementals","floor":12,"gold_loss":0},{"damage_healed":0,"gold_gain":0,"player_choice":"Gave Potion","damage_taken":0,"relics_obtained":["Letter Opener"],"max_hp_gain":0,"max_hp_loss":0,"event_name":"WeMeetAgain","floor":24,"gold_loss":0},{"damage_healed":0,"gold_gain":0,"player_choice":"Fight","damage_taken":0,"max_hp_gain":0,"max_hp_loss":0,"event_name":"Mysterious Sphere","floor":37,"gold_loss":0},{"damage_healed":0,"gold_gain":0,"player_choice":"1 cards matched","damage_taken":0,"max_hp_gain":0,"max_hp_loss":0,"event_name":"Match and Keep!","floor":39,"gold_loss":0,"cards_obtained":["Zap"]}],"is_beta":false,"boss_relics":[{"not_picked":["Inserter","Sozu"],"picked":"Lizard Tail"},{"not_picked":["Snecko Eye","Pandora\u0027s Box"],"picked":"Fusion Hammer"}],"items_purged_floors":[],"is_endless":false,"potions_floor_spawned":[1,6,10,14,18,19,31,35,42],"killed_by":"Maw","ascension_level":0}