{"gold_per_floor":[15,29,29,42,42,42,62,62,115,146,61,61,80,105,105,198,198,212,236,236],"floor_reached":20,"playtime":1411,"items_purged":[],"score":343,"play_id":"c1b5935b-f37d-4dad-bbcb-33283820f0e6","local_time":"20190806152514","is_ascension_mode":true,"campfire_choices":[{"data":"Unload","floor":6,"key":"SMITH"},{"data":"Survivor","floor":8,"key":"SMITH"},{"floor":12,"key":"REST"},{"floor":15,"key":"REST"}],"neow_cost":"NO_GOLD","seed_source_timestamp":309093565114500,"circlet_count":0,"master_deck":["AscendersBane","Strike_G","Strike_G","Strike_G","Strike_G","Strike_G","Defend_G","Defend_G","Defend_G","Defend_G","Defend_G","Survivor+1","Neutralize+1","Dagger Spray","Deflect","Unload+1","Acrobatics","Blur","Noxious Fumes","Footwork","PiercingWail","Corpse Explosion","Bouncing Flask","Acrobatics"],"relics":["Ring of the Snake","WingedGreaves","Golden Idol","PreservedInsect","Lantern","Snecko Eye"],"potions_floor_usage":[10,16,16,20],"damage_taken":[{"damage":0,"enemies":"Jaw Worm","floor":1,"turns":7},{"damage":0,"enemies":"2 Louse","floor":2,"turns":2},{"damage":0,"enemies":"Cultist","floor":4,"turns":4},{"damage":7,"enemies":"Exordium Thugs","floor":7,"turns":6},{"damage":11,"enemies":"Gremlin Nob","floor":10,"turns":4},{"damage":24,"enemies":"Large Slime","floor":13,"turns":6},{"damage":4,"enemies":"Lots of Slimes","floor":14,"turns":4},{"damage":3,"enemies":"The Guardian","floor":16,"turns":14},{"damage":23,"enemies":"Chosen","floor":18,"turns":7},{"damage":8,"enemies":"2 Thieves","floor":19,"turns":4},{"damage":33,"enemies":"Sentry and Sphere","floor":20,"turns":6}],"seed_played":"-1681256485037301154","potions_obtained":[{"floor":1,"key":"Block Potion"},{"floor":2,"key":"Dexterity Potion"},{"floor":13,"key":"Ancient Potion"},{"floor":14,"key":"Dexterity Potion"},{"floor":19,"key":"Regen Potion"}],"is_trial":false,"path_per_floor":["M","M","?","M","?","R","M","R","T","E","$","R","M","M","R","B",null,"M","M","M"],"character_chosen":"THE_SILENT","items_purchased":["Noxious Fumes"],"campfire_rested":2,"item_purchase_floors":[11],"current_hp_per_floor":[59,59,36,36,36,36,29,29,29,18,18,37,13,9,28,25,56,33,25,7],"gold":236,"neow_bonus":"ONE_RARE_RELIC","is_prod":false,"is_daily":false,"chose_seed":false,"campfire_upgraded":2,"win_rate":0,"timestamp":1565072714,"path_taken":["M","M","?","M","?","R","M","R","T","E","$","R","M","M","R","BOSS","M","M","?"],"build_version":"2019-07-17","purchased_purges":0,"victory":false,"max_hp_per_floor":[66,66,66,66,66,66,66,66,66,66,66,66,66,66,66,66,66,66,66,66],"card_choices":[{"not_picked":["Expertise","Outmaneuver"],"picked":"Dagger Spray","floor":1},{"not_picked":["Quick Slash","Bane"],"picked":"Deflect","floor":2},{"not_picked":["Choke","Dodge and Roll"],"picked":"Unload","floor":4},{"not_picked":["Deflect","Setup"],"picked":"Acrobatics","floor":7},{"not_picked":["Dodge and Roll","Crippling Poison"],"picked":"Blur","floor":10},{"not_picked":["Quick Slash","Bane"],"picked":"Footwork","floor":13},{"not_picked":["Endless Agony","Cloak And Dagger"],"picked":"PiercingWail","floor":14},{"not_picked":["Malaise","Unload"],"picked":"Corpse Explosion","floor":16},{"not_picked":["Underhanded Strike","PiercingWail"],"picked":"Bouncing Flask","floor":18},{"not_picked":["Flying Knee","Deadly Poison"],"picked":"Acrobatics","floor":19}],"player_experience":592108,"relics_obtained":[{"floor":9,"key":"PreservedInsect"},{"floor":10,"key":"Lantern"}],"event_choices":[{"damage_healed":0,"gold_gain":0,"player_choice":"Take Damage","damage_taken":23,"relics_obtained":["Golden Idol"],"max_hp_gain":0,"max_hp_loss":0,"event_name":"Golden Idol","floor":3,"gold_loss":0},{"damage_healed":0,"gold_gain":0,"player_choice":"Forge","damage_taken":0,"max_hp_gain":0,"max_hp_loss":0,"event_name":"Accursed Blacksmith","floor":5,"gold_loss":0,"cards_upgraded":["Neutralize"]}],"is_beta":false,"boss_relics":[{"not_picked":["Runic Pyramid","Orrery"],"picked":"Snecko Eye"}],"items_purged_floors":[],"is_endless":false,"potions_floor_spawned":[1,2,13,14,19],"killed_by":"Sentry and Sphere","ascension_level":19}