{"gold_per_floor":[113,128,143,153,170,170,190,208,208,283,283,283,310,324,324,423,423,436,446,459,475,475,475,43,43],"floor_reached":25,"playtime":2894,"items_purged":["Accuracy"],"score":244,"play_id":"451f7f85-3f8e-4252-8d97-0a2a2cc1eadf","local_time":"20181003000255","is_ascension_mode":true,"campfire_choices":[{"floor":6,"key":"REST"},{"floor":12,"key":"REST"},{"data":"Poisoned Stab","floor":15,"key":"SMITH"},{"data":"Dash","floor":23,"key":"SMITH"}],"neow_cost":"NONE","seed_source_timestamp":16646672638049,"circlet_count":0,"master_deck":["Defend_G","Defend_G","Defend_G","Defend_G","Defend_G","Survivor","Neutralize","Acrobatics","Poisoned Stab+1","Poisoned Stab","Underhanded Strike","Dagger Spray","Cloak And Dagger","Outmaneuver","Dagger Spray","Corpse Explosion","Bane+1","Predator","Dash+1","Bite","Bite","Bite","Bite","Bite","Bane+1"],"relics":["Ring of the Snake","Centennial Puzzle","Pantograph","Tingsha","White Beast Statue","Orichalcum","DollysMirror"],"potions_floor_usage":[13,16,16,16,20,21,21,25],"damage_taken":[{"damage":0,"enemies":"2 Louse","floor":1,"turns":2},{"damage":0,"enemies":"Small Slimes","floor":2,"turns":4},{"damage":0,"enemies":"Cultist","floor":3,"turns":4},{"damage":11,"enemies":"Lots of Slimes","floor":4,"turns":5},{"damage":8,"enemies":"2 Fungi Beasts","floor":5,"turns":4},{"damage":9,"enemies":"Exordium Wildlife","floor":7,"turns":4},{"damage":3,"enemies":"3 Louse","floor":8,"turns":3},{"damage":18,"enemies":"3 Sentries","floor":13,"turns":8},{"damage":7,"enemies":"Large Slime","floor":14,"turns":5},{"damage":37,"enemies":"The Guardian","floor":16,"turns":8},{"damage":5,"enemies":"3 Byrds","floor":18,"turns":4},{"damage":7,"enemies":"Chosen","floor":19,"turns":6},{"damage":11,"enemies":"3 Cultists","floor":20,"turns":3},{"damage":19,"enemies":"Centurion and Healer","floor":21,"turns":7},{"damage":33,"enemies":"Book of Stabbing","floor":25,"turns":5}],"seed_played":"2236411413815083090","potions_obtained":[{"floor":2,"key":"Poison Potion"},{"floor":5,"key":"AttackPotion"},{"floor":8,"key":"SpeedPotion"},{"floor":11,"key":"EssenceOfSteel"},{"floor":13,"key":"LiquidBronze"},{"floor":18,"key":"Energy Potion"},{"floor":19,"key":"LiquidBronze"},{"floor":20,"key":"Fire Potion"},{"floor":21,"key":"Block Potion"}],"is_trial":false,"path_per_floor":["M","M","M","M","M","R","M","M","T","?","?","R","E","M","R","B",null,"M","M","M","M","?","R","$"],"character_chosen":"THE_SILENT","items_purchased":["Orichalcum","DollysMirror"],"campfire_rested":2,"item_purchase_floors":[24,24],"current_hp_per_floor":[70,70,70,59,51,70,61,58,58,47,47,68,50,43,43,31,70,65,58,47,28,28,28,28,0],"gold":43,"neow_bonus":"RANDOM_COMMON_RELIC","is_prod":false,"is_daily":false,"chose_seed":false,"campfire_upgraded":2,"win_rate":0,"timestamp":1538550175,"path_taken":["M","M","M","M","M","R","M","M","T","?","?","R","E","M","R","BOSS","M","M","M","M","?","R","$","E"],"build_version":"2018-09-27","purchased_purges":1,"victory":false,"max_hp_per_floor":[70,70,70,70,70,70,70,70,70,70,70,70,70,70,70,70,70,70,70,70,70,49,49,49,49],"card_choices":[{"not_picked":["PiercingWail","Blade Dance"],"picked":"Acrobatics","floor":1},{"not_picked":["Deflect","Crippling Poison"],"picked":"Poisoned Stab","floor":2},{"not_picked":["Prepared","Dagger Spray"],"picked":"Poisoned Stab","floor":3},{"not_picked":["All Out Attack","Prepared"],"picked":"Underhanded Strike","floor":4},{"not_picked":["Flechettes","Endless Agony"],"picked":"Dagger Spray","floor":5},{"not_picked":["Skewer","Blade Dance"],"picked":"Cloak And Dagger","floor":7},{"not_picked":["Skewer","A Thousand Cuts"],"picked":"Accuracy","floor":8},{"not_picked":["PiercingWail","Choke"],"picked":"Outmaneuver","floor":13},{"not_picked":["Distraction","Well Laid Plans"],"picked":"Dagger Spray","floor":14},{"not_picked":["Wraith Form v2","After Image"],"picked":"Corpse Explosion","floor":16},{"not_picked":["Sucker Punch","Predator"],"picked":"Bane+1","floor":18},{"not_picked":["Underhanded Strike+1","Cloak And Dagger"],"picked":"Predator","floor":19},{"not_picked":["Quick Slash","Sucker Punch"],"picked":"Dash","floor":20},{"not_picked":["Flechettes","Sucker Punch","Escape Plan"],"picked":"SKIP","floor":21}],"player_experience":121209,"relics_obtained":[{"floor":9,"key":"Pantograph"},{"floor":13,"key":"Tingsha"}],"event_choices":[{"event_name":"World of Goop","player_choice":"Gather Gold","floor":10,"damage_taken":0},{"event_name":"The Lab","player_choice":"Got Potions","floor":11,"damage_taken":0},{"event_name":"Vampires","player_choice":"Became a vampire","floor":22,"damage_taken":0}],"is_beta":false,"boss_relics":[{"not_picked":["Busted Crown","Ring of the Serpent"],"picked":"White Beast Statue"}],"items_purged_floors":[24],"is_endless":false,"potions_floor_spawned":[2,5,8,13,14,18,19,20,21],"killed_by":"Book of Stabbing","ascension_level":1}