{"gold_per_floor":[113,131,145,155,155,155,171,181,256,256,276,47,63,78,78,176,176,186,206,106,106,116,147,147,22,48,58,77,77,177,20,20,116,116,129,184,196,46,65,65,94,106,106,31,48,68,0,0,0,0],"floor_reached":50,"playtime":4394,"items_purged":["Strike_R","Parasite","Defend_R","Defend_R"],"score":492,"play_id":"cfd4d5b8-7ed6-4219-a0e4-ae6c174d6738","local_time":"20180923135412","is_ascension_mode":false,"campfire_choices":[{"floor":6.0,"key":"REST"},{"floor":10.0,"key":"REST"},{"floor":15.0,"key":"REST"},{"data":"Double Tap","floor":24.0,"key":"SMITH"},{"floor":29.0,"key":"REST"},{"floor":32.0,"key":"REST"},{"floor":40,"key":"REST"},{"floor":49,"key":"REST"}],"neow_cost":"CURSE","seed_source_timestamp":0,"circlet_count":0,"master_deck":["Strike_R","Strike_R","Strike_R","Strike_R","Defend_R","Defend_R","Bash","Bludgeon","Flex","Heavy Blade","Perfected Strike","Carnage","Headbutt","Headbutt","Shockwave","Uppercut","Double Tap+1","Perfected Strike+1","Blood for Blood","Whirlwind","Wild Strike","Demon Form","Headbutt","Impervious","Wild Strike+1"],"special_seed":0,"relics":["Burning Blood","Paper Frog","Sundial","Blood Vial","Velvet Choker","Calipers","Centennial Puzzle","Du-Vu Doll","Mercury Hourglass","Vajra","Mark of Pain","Unceasing Top","Boot","Letter Opener","Red Mask"],"potions_floor_usage":[41,45,48,50,50],"damage_taken":[{"damage":0.0,"enemies":"2 Louse","floor":1.0,"turns":3.0},{"damage":11.0,"enemies":"Jaw Worm","floor":2.0,"turns":2.0},{"damage":5.0,"enemies":"Small Slimes","floor":3.0,"turns":3.0},{"damage":17.0,"enemies":"Looter","floor":4.0,"turns":4.0},{"damage":15.0,"enemies":"Gremlin Gang","floor":7.0,"turns":5.0},{"damage":31.0,"enemies":"Exordium Thugs","floor":8.0,"turns":5.0},{"damage":7.0,"enemies":"3 Louse","floor":11.0,"turns":3.0},{"damage":7.0,"enemies":"Blue Slaver","floor":13.0,"turns":2.0},{"damage":21.0,"enemies":"Exordium Thugs","floor":14.0,"turns":4.0},{"damage":48.0,"enemies":"The Guardian","floor":16.0,"turns":8.0},{"damage":10.0,"enemies":"Chosen","floor":18.0,"turns":3.0},{"damage":18.0,"enemies":"3 Byrds","floor":19.0,"turns":5.0},{"damage":6.0,"enemies":"Snecko","floor":22.0,"turns":3.0},{"damage":25.0,"enemies":"Gremlin Leader","floor":23.0,"turns":5.0},{"damage":12.0,"enemies":"Centurion and Healer","floor":27.0,"turns":4.0},{"damage":21.0,"enemies":"Snake Plant","floor":28.0,"turns":2.0},{"damage":28.0,"enemies":"Colosseum Slavers","floor":30.0,"turns":4.0},{"damage":6.0,"enemies":"Colosseum Nobs","floor":30.0,"turns":3.0},{"damage":46.0,"enemies":"Collector","floor":33.0,"turns":6.0},{"damage":10,"enemies":"3 Darklings","floor":35,"turns":2},{"damage":43,"enemies":"Mysterious Sphere","floor":36,"turns":3},{"damage":5,"enemies":"Orb Walker","floor":37,"turns":2},{"damage":9,"enemies":"4 Shapes","floor":39,"turns":3},{"damage":33,"enemies":"2 Orb Walkers","floor":41,"turns":3},{"damage":20,"enemies":"Sphere and 2 Shapes","floor":42,"turns":4},{"damage":22,"enemies":"Reptomancer","floor":45,"turns":4},{"damage":12,"enemies":"4 Shapes","floor":46,"turns":3},{"damage":0,"enemies":"Spire Growth","floor":48,"turns":1},{"damage":59,"enemies":"Donu and Deca","floor":50,"turns":3}],"seed_played":"4593271258511919830","potions_obtained":[{"floor":1.0,"key":"Strength Potion"},{"floor":2.0,"key":"LiquidBronze"},{"floor":8.0,"key":"Poison Potion"},{"floor":11.0,"key":"Fruit Juice"},{"floor":16.0,"key":"Weak Potion"},{"floor":18.0,"key":"Energy Potion"},{"floor":19.0,"key":"SpeedPotion"},{"floor":23.0,"key":"Fire Potion"},{"floor":28.0,"key":"Poison Potion"},{"floor":35,"key":"SpeedPotion"},{"floor":36,"key":"SteroidPotion"},{"floor":41,"key":"Poison Potion"},{"floor":42,"key":"Fire Potion"},{"floor":45,"key":"SmokeBomb"}],"is_trial":false,"path_per_floor":["M","M","M","M","?","R","M","M","T","R","M","$","M","M","R","B",null,"M","M","$","?","M","E","R","$","T","M","M","R","?","$","R","B",null,"M","?","M","$","M","R","E","M","T","$","M","M","?","M","R"],"character_chosen":"IRONCLAD","items_purchased":["Blood Vial","Vajra","BloodPotion"],"campfire_rested":7,"item_purchase_floors":[12,31,44],"current_hp_per_floor":[80,75,76,65,47,71,62,37,37,61,65,65,66,53,78,38,85,81,71,71,71,73,56,56,56,56,52,39,63,45,45,69,31,82,78,43,46,46,45,69,44,32,32,32,26,22,22,30,54,0],"gold":0,"neow_bonus":"THREE_RARE_CARDS","is_prod":false,"is_daily":false,"chose_seed":false,"campfire_upgraded":1,"win_rate":0.0,"timestamp":1537736052,"path_taken":["M","M","M","M","?","R","M","M","T","R","M","$","M","M","R","BOSS","M","M","$","?","M","E","R","?","T","M","M","R","?","$","R","BOSS","M","?","M","$","M","R","E","M","T","?","M","?","?","M","R","BOSS"],"build_version":"2018-09-20","purchased_purges":4,"victory":false,"max_hp_per_floor":[80,80,80,80,80,80,80,80,80,80,85,85,85,85,85,85,85,85,85,82,82,82,82,82,82,82,82,82,82,82,82,82,82,82,82,82,82,82,82,82,82,82,82,82,82,82,82,82,82,82],"card_choices":[{"not_picked":["Brutality","Offering"],"picked":"Bludgeon","floor":0.0},{"not_picked":["Anger","Shrug It Off"],"picked":"Flex","floor":1.0},{"not_picked":["Dual Wield","Ghostly Armor"],"picked":"Heavy Blade","floor":2.0},{"not_picked":["Battle Trance","Power Through"],"picked":"Perfected Strike","floor":3.0},{"not_picked":["Infernal Blade","Clash"],"picked":"Carnage","floor":4.0},{"not_picked":["Iron Wave","Feel No Pain"],"picked":"Headbutt","floor":7.0},{"not_picked":["Shrug It Off","Fire Breathing"],"picked":"Headbutt","floor":8.0},{"not_picked":["Carnage","Clothesline"],"picked":"Shockwave","floor":11.0},{"not_picked":["Anger","Heavy Blade"],"picked":"Uppercut","floor":13.0},{"not_picked":["Reckless Charge","Sword Boomerang","Headbutt"],"picked":"SKIP","floor":14.0},{"not_picked":["Impervious","Juggernaut"],"picked":"Double Tap","floor":16.0},{"not_picked":["Shrug It Off","Thunderclap"],"picked":"Perfected Strike+1","floor":18.0},{"not_picked":["Cleave","Warcry"],"picked":"Blood for Blood","floor":19.0},{"not_picked":["Juggernaut","Infernal Blade"],"picked":"Wild Strike","floor":22.0},{"not_picked":["Burning Pact","Whirlwind"],"picked":"Demon Form","floor":23.0},{"not_picked":["Iron Wave+1","Perfected Strike"],"picked":"Headbutt","floor":27.0},{"not_picked":["Headbutt+1","Pommel Strike+1","Dropkick"],"picked":"SKIP","floor":28.0},{"not_picked":["Limit Break","Bludgeon"],"picked":"Impervious","floor":33.0},{"not_picked":["Warcry","Bloodletting+1","Iron Wave"],"picked":"SKIP","floor":35},{"not_picked":["Seeing Red+1","Warcry","Shrug It Off"],"picked":"SKIP","floor":37},{"not_picked":["Second Wind","Body Slam","Headbutt"],"picked":"SKIP","floor":39},{"not_picked":["Sword Boomerang+1","Juggernaut","True Grit+1"],"picked":"SKIP","floor":41},{"not_picked":["Body Slam+1","Bludgeon"],"picked":"Wild Strike+1","floor":42},{"not_picked":["Burning Pact","Spot Weakness","Feel No Pain"],"picked":"SKIP","floor":45},{"not_picked":["Twin Strike","Body Slam","Warcry+1"],"picked":"SKIP","floor":46}],"player_experience":59100,"relics_obtained":[{"floor":9.0,"key":"Sundial"},{"floor":23.0,"key":"Calipers"},{"floor":26.0,"key":"Centennial Puzzle"},{"floor":30.0,"key":"Du-Vu Doll"},{"floor":30.0,"key":"Mercury Hourglass"},{"floor":36,"key":"Unceasing Top"},{"floor":41,"key":"Boot"},{"floor":43,"key":"Letter Opener"}],"event_choices":[{"event_name":"Scrap Ooze","player_choice":"success","floor":5.0,"damage_taken":18.0},{"event_name":"The Library","player_choice":"Read","floor":21.0,"damage_taken":0.0},{"event_name":"Colosseum","player_choice":"Fight","floor":30.0,"damage_taken":0.0},{"event_name":"Colosseum","player_choice":"Fought Nobs","floor":30.0,"damage_taken":0.0},{"event_name":"Mysterious Sphere","player_choice":"Fight","floor":36,"damage_taken":0},{"event_name":"Tomb of Lord Red Mask","player_choice":"Paid","floor":47,"damage_taken":0}],"is_beta":false,"boss_relics":[{"not_picked":["Lizard Tail","Black Star"],"picked":"Velvet Choker"},{"not_picked":["Runic Cube","Astrolabe"],"picked":"Mark of Pain"}],"items_purged_floors":[12,20,25,38],"is_endless":false,"potions_floor_spawned":[1,2,8,11,16,18,19,23,28,35,36,41,42,45],"killed_by":"Donu and Deca","ascension_level":0}