{"gold_per_floor":[110,12,12,26,40,74,74,89,163,17,33,45,64,78,78,177,177,193,268,19,19,37,37,37,37,37,37,37,53,53,63,63,167,167,186,240,37,37],"floor_reached":38,"playtime":3202,"items_purged":[],"score":401,"play_id":"7702ef4c-c941-49ac-87c4-8e643ef9b6d4","local_time":"20180920171326","is_ascension_mode":false,"campfire_choices":[{"floor":7,"key":"REST"},{"floor":15,"key":"REST"},{"floor":23,"key":"REST"},{"data":"Outmaneuver","floor":25,"key":"SMITH"},{"data":"Infinite Blades","floor":27,"key":"SMITH"},{"floor":32,"key":"REST"}],"neow_cost":"NONE","seed_source_timestamp":106829421827283,"circlet_count":0,"master_deck":["Defend_G","Defend_G","Defend_G","Defend_G","Defend_G","Strike_G","Strike_G","Strike_G","Strike_G","Strike_G","Survivor","Neutralize","Flying Knee","Outmaneuver+1","Finesse+1","Outmaneuver","Infinite Blades+1","Caltrops","Sucker Punch","Acrobatics+1","Eviscerate","Venomology","Dagger Throw","Die Die Die","Underhanded Strike+1","Writhe","Blade Dance+1","Acrobatics","RitualDagger","Footwork","Malaise","Eviscerate","Quick Slash+1","Infinite Blades","Dagger Spray"],"relics":["Ring of the Serpent","Tough Bandages","Pantograph","Vajra","WristBlade","Ninja Scroll","War Paint","Shuriken","Torii","Tiny Chest"],"potions_floor_usage":[6,13,16,16,16,16,18,31,33,33,33,36,38],"damage_taken":[{"damage":1,"enemies":"Jaw Worm","floor":1,"turns":5},{"damage":0,"enemies":"Cultist","floor":4,"turns":4},{"damage":0,"enemies":"2 Louse","floor":5,"turns":4},{"damage":58,"enemies":"Gremlin Nob","floor":6,"turns":5},{"damage":2,"enemies":"Looter","floor":8,"turns":4},{"damage":7,"enemies":"Blue Slaver","floor":11,"turns":4},{"damage":13,"enemies":"Exordium Thugs","floor":12,"turns":5},{"damage":1,"enemies":"2 Fungi Beasts","floor":13,"turns":4},{"damage":14,"enemies":"Lots of Slimes","floor":14,"turns":4},{"damage":22,"enemies":"Slime Boss","floor":16,"turns":9},{"damage":20,"enemies":"Spheric Guardian","floor":18,"turns":6},{"damage":0,"enemies":"Chosen","floor":22,"turns":3},{"damage":23,"enemies":"Shelled Parasite and Fungi","floor":29,"turns":4},{"damage":26,"enemies":"Snake Plant","floor":31,"turns":3},{"damage":51,"enemies":"Champ","floor":33,"turns":9},{"damage":5,"enemies":"Orb Walker","floor":35,"turns":3},{"damage":50,"enemies":"Mysterious Sphere","floor":36,"turns":4},{"damage":27,"enemies":"3 Darklings","floor":38,"turns":2}],"seed_played":"-3346461002267801705","potions_obtained":[{"floor":1,"key":"Energy Potion"},{"floor":8,"key":"Strength Potion"},{"floor":12,"key":"Regen Potion"},{"floor":13,"key":"Poison Potion"},{"floor":14,"key":"GhostInAJar"},{"floor":29,"key":"Regen Potion"},{"floor":33,"key":"Poison Potion"},{"floor":35,"key":"SteroidPotion"}],"is_trial":false,"path_per_floor":["M","$","?","M","M","E","R","M","T","$","M","M","M","M","R","B",null,"M","?","$","?","M","R","?","R","T","R","?","M","?","M","R","B",null,"M","?","$"],"character_chosen":"THE_SILENT","items_purchased":["Finesse","Vajra","Ninja Scroll","Infinite Blades","Tiny Chest","Dagger Spray"],"campfire_rested":4,"item_purchase_floors":[2,10,20,37,37,37],"current_hp_per_floor":[69,69,74,74,74,16,38,36,36,36,29,16,27,13,35,38,75,55,48,48,48,48,70,70,70,70,70,70,47,41,15,37,26,75,70,20,20,0],"gold":37,"neow_bonus":"THREE_CARDS","is_prod":false,"is_daily":false,"chose_seed":false,"campfire_upgraded":2,"win_rate":0.0,"timestamp":1537488806,"path_taken":["M","$","?","M","M","E","R","M","T","$","M","M","M","M","R","BOSS","M","?","$","?","?","R","?","R","T","R","?","M","?","M","R","BOSS","M","?","?","M"],"build_version":"2018-09-06","purchased_purges":0,"victory":false,"max_hp_per_floor":[70,70,75,75,75,75,75,75,75,75,75,75,75,75,75,75,75,75,75,75,75,75,75,75,75,75,75,75,75,75,75,75,75,75,75,75,75,75],"card_choices":[{"not_picked":["Slice","Dagger Spray"],"picked":"Flying Knee","floor":0},{"not_picked":["Escape Plan","Dodge and Roll"],"picked":"Outmaneuver","floor":1},{"not_picked":["Eviscerate","Blade Dance"],"picked":"Outmaneuver","floor":4},{"not_picked":["PiercingWail","Calculated Gamble"],"picked":"Infinite Blades","floor":5},{"not_picked":["Outmaneuver","PiercingWail"],"picked":"Caltrops","floor":6},{"not_picked":["Bane","Underhanded Strike"],"picked":"Sucker Punch","floor":8},{"not_picked":["Slice","Noxious Fumes"],"picked":"Acrobatics","floor":11},{"not_picked":["Distraction","PiercingWail"],"picked":"Eviscerate","floor":12},{"not_picked":["Bouncing Flask","Prepared"],"picked":"Venomology","floor":13},{"not_picked":["Endless Agony","Catalyst"],"picked":"Dagger Throw","floor":14},{"not_picked":["Envenom","Bullet Time"],"picked":"Die Die Die","floor":16},{"not_picked":["Blade Dance","Bane"],"picked":"Underhanded Strike+1","floor":18},{"not_picked":["Flying Knee+1","Escape Plan"],"picked":"Blade Dance+1","floor":22},{"not_picked":["Blade Dance+1","Well Laid Plans"],"picked":"Acrobatics","floor":29},{"not_picked":["Acrobatics","Envenom"],"picked":"Footwork","floor":31},{"not_picked":["Wraith Form v2","After Image"],"picked":"Malaise","floor":33},{"not_picked":["PiercingWail+1","Distraction"],"picked":"Eviscerate","floor":35},{"not_picked":["Masterful Stab","Flying Knee"],"picked":"Quick Slash+1","floor":36}],"player_experience":27267,"relics_obtained":[{"floor":6,"key":"Tough Bandages"},{"floor":9,"key":"Pantograph"},{"floor":26,"key":"Shuriken"},{"floor":36,"key":"Torii"}],"event_choices":[{"event_name":"Big Fish","player_choice":"Donut","floor":3,"damage_taken":0},{"event_name":"FaceTrader","player_choice":"Touch","floor":19,"damage_taken":0},{"event_name":"The Mausoleum","player_choice":"Yes","floor":21,"damage_taken":0},{"event_name":"Beggar","player_choice":"Ignored","floor":24,"damage_taken":0},{"event_name":"Ghosts","player_choice":"Ignored","floor":28,"damage_taken":0},{"event_name":"Nest","player_choice":"Joined the Cult","floor":30,"damage_taken":0},{"event_name":"Mysterious Sphere","player_choice":"Fight","floor":36,"damage_taken":0}],"is_beta":false,"boss_relics":[{"not_picked":["Ectoplasm","Orrery"],"picked":"WristBlade"},{"not_picked":["Black Star","Empty Cage"],"picked":"Ring of the Serpent"}],"items_purged_floors":[],"is_endless":false,"potions_floor_spawned":[1,8,12,13,14,29,33,35],"killed_by":"3 Darklings","ascension_level":0}