{"gold_per_floor":[11,22,22,0,0,0,26,26,49,61,74,87,87,107,107,209,209,224,239,239,21,36,36,49,64,90,90,15,41,41,67,67,167,167,178,178,178,178,224,224,243,243,243,260,260],"floor_reached":45,"playtime":4090,"items_purged":["Strike_G"],"score":520,"play_id":"9902be4e-572f-4b76-8473-336b544822c8","local_time":"20190707114757","is_ascension_mode":true,"campfire_choices":[{"data":"Terror","floor":6,"key":"SMITH"},{"floor":8,"key":"REST"},{"floor":13,"key":"REST"},{"data":"Envenom","floor":15,"key":"SMITH"},{"data":"Apotheosis","floor":23,"key":"SMITH"},{"floor":27,"key":"REST"},{"data":"Neutralize","floor":32,"key":"SMITH"},{"floor":40,"key":"REST"},{"floor":42,"key":"REST"}],"neow_cost":"NO_GOLD","seed_source_timestamp":515280477833500,"circlet_count":0,"master_deck":["Strike_G","Defend_G","Defend_G","Defend_G","Defend_G","Defend_G","Survivor","Neutralize+1","Backstab","Quick Slash","Terror+1","Distraction","PiercingWail","Envenom+1","Cloak And Dagger","Backstab","Footwork","Burst","Blur","Neutralize","Apotheosis+1","Blade Dance","Footwork+1","Skewer","Backflip+1","Accuracy","J.A.X.","Venomology","Blade Dance","Secret Weapon","Thinking Ahead","Setup+1","Acrobatics"],"relics":["Ring of the Snake","Centennial Puzzle","Blood Vial","WristBlade","Bag of Preparation","Regal Pillow","Bronze Scales","Fusion Hammer","Nunchaku","Darkstone Periapt"],"potions_floor_usage":[16,16,18,19,33,39,44,44,45],"damage_taken":[{"damage":0,"enemies":"Cultist","floor":1,"turns":3},{"damage":4,"enemies":"Small Slimes","floor":2,"turns":4},{"damage":34,"enemies":"Gremlin Nob","floor":7,"turns":4},{"damage":0,"enemies":"Jaw Worm","floor":10,"turns":5},{"damage":18,"enemies":"Gremlin Gang","floor":11,"turns":7},{"damage":1,"enemies":"Exordium Wildlife","floor":12,"turns":3},{"damage":4,"enemies":"Exordium Thugs","floor":14,"turns":5},{"damage":12,"enemies":"Hexaghost","floor":16,"turns":11},{"damage":3,"enemies":"2 Thieves","floor":18,"turns":3},{"damage":6,"enemies":"3 Byrds","floor":19,"turns":10},{"damage":8,"enemies":"Sentry and Sphere","floor":22,"turns":6},{"damage":0,"enemies":"Centurion and Healer","floor":24,"turns":7},{"damage":7,"enemies":"Snake Plant","floor":25,"turns":2},{"damage":3,"enemies":"Book of Stabbing","floor":29,"turns":4},{"damage":25,"enemies":"Automaton","floor":33,"turns":9},{"damage":0,"enemies":"3 Shapes","floor":35,"turns":5},{"damage":14,"enemies":"2 Orb Walkers","floor":39,"turns":5},{"damage":3,"enemies":"Orb Walker","floor":41,"turns":1},{"damage":0,"enemies":"4 Shapes","floor":44,"turns":8},{"damage":71,"enemies":"Transient","floor":45,"turns":4}],"seed_played":"779728212592843917","potions_obtained":[{"floor":7,"key":"FearPotion"},{"floor":10,"key":"Block Potion"},{"floor":14,"key":"SteroidPotion"},{"floor":16,"key":"SpeedPotion"},{"floor":25,"key":"SteroidPotion"},{"floor":29,"key":"SkillPotion"},{"floor":39,"key":"PowerPotion"},{"floor":41,"key":"Fire Potion"},{"floor":44,"key":"Regen Potion"}],"is_trial":false,"path_per_floor":["M","M","?","$","?","R","E","R","T","M","M","M","R","M","R","B",null,"M","M","?","$","M","R","M","M","T","R","$","E","?","T","R","B",null,"M","?","?","?","?","R","M","R","T","M","M"],"character_chosen":"THE_SILENT","items_purchased":["PiercingWail","Apotheosis","Blade Dance"],"campfire_rested":5,"item_purchase_floors":[4,21,21],"current_hp_per_floor":[70,66,66,66,66,66,32,53,53,55,39,40,61,59,59,49,70,67,63,63,63,57,57,59,54,54,70,70,67,67,67,67,44,70,70,70,60,60,48,66,63,66,66,66,0],"gold":260,"neow_bonus":"TRANSFORM_TWO_CARDS","is_prod":false,"is_daily":false,"chose_seed":false,"campfire_upgraded":4,"win_rate":0,"timestamp":1562467677,"path_taken":["M","M","?","$","?","R","E","R","T","?","M","M","R","M","R","BOSS","M","?","?","$","M","R","?","M","T","R","$","E","?","?","R","BOSS","M","?","?","?","?","R","M","R","T","M","M"],"build_version":"2019-07-05","purchased_purges":1,"victory":false,"max_hp_per_floor":[70,70,70,70,70,70,70,70,70,70,70,70,70,70,70,70,70,70,70,70,70,70,70,70,70,70,70,70,70,70,70,70,70,70,70,70,70,66,66,66,66,66,66,66,66],"card_choices":[{"not_picked":["Sucker Punch","Setup"],"picked":"Terror","floor":1},{"not_picked":["Terror","Slice","Choke"],"picked":"SKIP","floor":2},{"not_picked":["Cloak And Dagger","Quick Slash"],"picked":"Envenom","floor":7},{"not_picked":["Bane","Sucker Punch"],"picked":"Cloak And Dagger","floor":10},{"not_picked":["Prepared","Reflex"],"picked":"Backstab","floor":11},{"not_picked":["Dagger Spray","Cloak And Dagger"],"picked":"Footwork","floor":12},{"not_picked":["Terror","Tactician","Underhanded Strike"],"picked":"SKIP","floor":14},{"not_picked":["Tools of the Trade","After Image"],"picked":"Burst","floor":16},{"not_picked":["Dagger Spray","Backstab+1","Bane"],"picked":"SKIP","floor":18},{"not_picked":["Dagger Spray","Dodge and Roll"],"picked":"Blur","floor":19},{"not_picked":["Acrobatics","Setup"],"picked":"Footwork+1","floor":22},{"not_picked":["Underhanded Strike+1","Crippling Poison"],"picked":"Skewer","floor":24},{"not_picked":["Doppelganger","Prepared"],"picked":"Backflip+1","floor":25},{"not_picked":["Crippling Poison","Acrobatics"],"picked":"Accuracy","floor":29},{"not_picked":["Unload","Wraith Form v2"],"picked":"Venomology","floor":33},{"not_picked":["Distraction","Cloak And Dagger+1"],"picked":"Blade Dance","floor":35},{"not_picked":["Finesse","Flash of Steel"],"picked":"Secret Weapon","floor":37},{"not_picked":["Enlightenment","Chrysalis"],"picked":"Thinking Ahead","floor":37},{"not_picked":["Choke","Deflect"],"picked":"Setup+1","floor":39},{"not_picked":["Predator+1","Deadly Poison"],"picked":"Acrobatics","floor":41},{"not_picked":["Dagger Throw","Poisoned Stab","Flying Knee"],"picked":"SKIP","floor":44}],"player_experience":283868,"relics_obtained":[{"floor":7,"key":"Centennial Puzzle"},{"floor":9,"key":"Blood Vial"},{"floor":26,"key":"Bag of Preparation"},{"floor":29,"key":"Regal Pillow"},{"floor":31,"key":"Bronze Scales"},{"floor":39,"key":"Nunchaku"},{"floor":43,"key":"Darkstone Periapt"}],"event_choices":[{"damage_healed":0,"gold_gain":0,"cards_transformed":["Strike_G"],"player_choice":"Change","damage_taken":0,"max_hp_gain":0,"max_hp_loss":0,"event_name":"Living Wall","floor":3,"gold_loss":0,"cards_obtained":["Distraction"]},{"damage_healed":0,"gold_gain":0,"player_choice":"Ignored","damage_taken":0,"max_hp_gain":0,"max_hp_loss":0,"event_name":"Liars Game","floor":5,"gold_loss":0},{"damage_healed":0,"gold_gain":0,"player_choice":"1 cards matched","damage_taken":0,"max_hp_gain":0,"max_hp_loss":0,"event_name":"Match and Keep!","floor":20,"gold_loss":0,"cards_obtained":["Neutralize"]},{"damage_healed":0,"gold_gain":0,"player_choice":"Obtain J.A.X.","damage_taken":0,"max_hp_gain":0,"max_hp_loss":0,"event_name":"Drug Dealer","floor":30,"gold_loss":0,"cards_obtained":["J.A.X."]},{"damage_healed":0,"gold_gain":0,"player_choice":"Ignored","damage_taken":0,"max_hp_gain":0,"max_hp_loss":0,"event_name":"Tomb of Lord Red Mask","floor":36,"gold_loss":0},{"damage_healed":0,"gold_gain":0,"player_choice":"Memory 3","damage_taken":10,"max_hp_gain":0,"max_hp_loss":0,"event_name":"SensoryStone","floor":37,"gold_loss":0},{"damage_healed":0,"gold_gain":0,"player_choice":"Max HP","damage_taken":0,"max_hp_gain":0,"max_hp_loss":4,"event_name":"Winding Halls","floor":38,"gold_loss":0},{"damage_healed":0,"gold_gain":0,"player_choice":"Fight","damage_taken":0,"max_hp_gain":0,"max_hp_loss":0,"event_name":"Mysterious Sphere","floor":39,"gold_loss":0}],"is_beta":false,"boss_relics":[{"not_picked":["Ectoplasm","Black Star"],"picked":"WristBlade"},{"not_picked":["Empty Cage","Ring of the Serpent"],"picked":"Fusion Hammer"}],"items_purged_floors":[28],"is_endless":false,"potions_floor_spawned":[7,10,14,16,25,29,39,41,44],"killed_by":"Transient","ascension_level":4}