{"gold_per_floor":[110,110,35,35,48,48,66,66,119,154,154,154,169,183,183,284,284,295,5,5,21,21,21,34,34,81,96,96,112,132,132,132,233,233,253,1252,1252,1267,1282,1282,1298,1310,1336,607,607,622,113,127,127,127],"floor_reached":51,"playtime":2331,"items_purged":["Strike_G","Strike_G","Strike_G+1","Underhanded Strike"],"score":701,"play_id":"d72937e0-e7ad-4452-b2b9-627371729d25","local_time":"20190806014623","is_ascension_mode":false,"campfire_choices":[{"data":"Noxious Fumes","floor":6.0,"key":"SMITH"},{"data":"Neutralize","floor":8.0,"key":"SMITH"},{"data":"Escape Plan","floor":12.0,"key":"SMITH"},{"data":"Crippling Poison","floor":15.0,"key":"SMITH"},{"data":"Envenom","floor":23.0,"key":"SMITH"},{"data":"Bane","floor":25.0,"key":"SMITH"},{"data":"Crippling Poison","floor":32.0,"key":"SMITH"},{"floor":40.0,"key":"REST"},{"floor":49.0,"key":"REST"}],"neow_cost":"TEN_PERCENT_HP_LOSS","seed_source_timestamp":11371490392402,"circlet_count":0,"master_deck":["Defend_G","Defend_G","Survivor","Neutralize+1","Noxious Fumes+1","Escape Plan+1","Crippling Poison+1","Bane+1","Envenom+1","Deflect","Cloak And Dagger+1","Slice+1","Poisoned Stab+1","Masterful Stab+1","Crippling Poison+1","After Image","Crippling Poison+1","Deadly Poison","Skewer","Riddle With Holes","Blade Dance+1","Acrobatics","Infinite Blades","Bane","Transmutation","Madness","Catalyst+1","Footwork","Cloak And Dagger","Dodge and Roll","Cloak And Dagger+1"],"special_seed":0,"relics":["Ring of the Serpent","Omamori","Bag of Preparation","TwistedFunnel","Matryoshka","Orichalcum","Centennial Puzzle","Philosopher\u0027s Stone","Pen Nib","Happy Flower","Membership Card","Snake Skull","Pocketwatch","Toolbox","Regal Pillow","Question Card"],"potions_floor_usage":[50,50,50],"damage_taken":[{"damage":0.0,"enemies":"2 Louse","floor":1.0,"turns":2.0},{"damage":0.0,"enemies":"Cultist","floor":5.0,"turns":4.0},{"damage":0.0,"enemies":"Small Slimes","floor":7.0,"turns":4.0},{"damage":1.0,"enemies":"Lagavulin","floor":10.0,"turns":7.0},{"damage":7.0,"enemies":"Gremlin Gang","floor":13.0,"turns":5.0},{"damage":0.0,"enemies":"Large Slime","floor":14.0,"turns":5.0},{"damage":17.0,"enemies":"The Guardian","floor":16.0,"turns":10.0},{"damage":12.0,"enemies":"Spheric Guardian","floor":18.0,"turns":6.0},{"damage":0.0,"enemies":"3 Byrds","floor":21.0,"turns":3.0},{"damage":1.0,"enemies":"Centurion and Healer","floor":24.0,"turns":5.0},{"damage":7.0,"enemies":"Snecko","floor":27.0,"turns":5.0},{"damage":0.0,"enemies":"Chosen and Byrds","floor":29.0,"turns":4.0},{"damage":2.0,"enemies":"3 Cultists","floor":30.0,"turns":3.0},{"damage":36.0,"enemies":"Champ","floor":33.0,"turns":8.0},{"damage":4.0,"enemies":"3 Darklings","floor":35.0,"turns":3.0},{"damage":7.0,"enemies":"Orb Walker","floor":38.0,"turns":3.0},{"damage":23.0,"enemies":"Writhing Mass","floor":39.0,"turns":5.0},{"damage":0.0,"enemies":"Transient","floor":41.0,"turns":5.0},{"damage":18.0,"enemies":"Spire Growth","floor":42.0,"turns":4.0},{"damage":6.0,"enemies":"3 Darklings","floor":46.0,"turns":2.0},{"damage":2.0,"enemies":"Sphere and 2 Shapes","floor":48.0,"turns":2.0},{"damage":27,"enemies":"Donu and Deca","floor":50,"turns":6}],"seed_played":"8950104327876285920","potions_obtained":[{"floor":1.0,"key":"FearPotion"},{"floor":4.0,"key":"Ancient Potion"},{"floor":4.0,"key":"SkillPotion"},{"floor":13.0,"key":"Dexterity Potion"},{"floor":16.0,"key":"Block Potion"},{"floor":18.0,"key":"PowerPotion"},{"floor":30.0,"key":"Poison Potion"},{"floor":35.0,"key":"Strength Potion"},{"floor":39.0,"key":"Explosive Potion"},{"floor":48.0,"key":"Strength Potion"}],"is_trial":false,"path_per_floor":["M","?","$","?","M","R","M","R","T","E","?","R","M","M","R","B",null,"M","$","?","M","T","R","M","R","T","M","?","M","M","?","R","B",null,"M","?","?","M","M","R","M","M","T","$","?","M","$","M","R","B",null],"character_chosen":"THE_SILENT","items_purchased":["TwistedFunnel","Membership Card","Snake Skull","Pocketwatch","Acrobatics","Infinite Blades","Bane","SteroidPotion","Transmutation","Madness","GamblersBrew","Dexterity Potion","Footwork","Toolbox","Regal Pillow","Question Card","Cloak And Dagger","Dodge and Roll"],"campfire_rested":2,"item_purchase_floors":[19,44,44,44,44,44,44,44,44,44,47,47,47,47,47,47,47,47],"current_hp_per_floor":[63,63,63,63,63,63,63,63,63,62,49,49,42,42,42,25,63,51,51,51,51,51,51,50,50,50,43,43,43,41,41,41,5,63,59,59,59,52,29,47,47,29,29,29,29,23,23,21,54,27],"gold":127,"neow_bonus":"REMOVE_TWO","is_prod":false,"is_daily":false,"chose_seed":false,"campfire_upgraded":7,"win_rate":0,"timestamp":1565077583,"path_taken":["M","?","?","?","M","R","?","R","T","E","?","R","M","M","R","BOSS","M","$","?","M","?","R","?","R","T","M","?","?","M","?","R","BOSS","M","?","?","M","?","R","M","?","T","$","?","M","?","M","R","BOSS"],"build_version":"2019-07-17","purchased_purges":4,"victory":true,"max_hp_per_floor":[63,63,63,63,63,63,63,63,63,63,63,63,63,63,63,63,63,63,63,63,63,63,63,63,63,63,63,63,63,63,63,63,63,63,63,63,63,63,63,63,63,63,63,63,63,63,63,63,63,63],"card_choices":[{"not_picked":["Cloak And Dagger","Masterful Stab"],"picked":"Noxious Fumes","floor":1.0},{"not_picked":["Masterful Stab","Quick Slash","Endless Agony"],"picked":"SKIP","floor":5.0},{"not_picked":["Blade Dance","Prepared","Flying Knee"],"picked":"SKIP","floor":7.0},{"not_picked":["Quick Slash","Blade Dance"],"picked":"Escape Plan","floor":10.0},{"not_picked":["Caltrops","Well Laid Plans"],"picked":"Crippling Poison","floor":13.0},{"not_picked":["Dodge and Roll","PiercingWail"],"picked":"Bane","floor":14.0},{"not_picked":["Malaise","Tools of the Trade"],"picked":"Envenom","floor":16.0},{"not_picked":["Accuracy+1","Backstab","Prepared"],"picked":"SKIP","floor":18.0},{"not_picked":["Distraction","Outmaneuver"],"picked":"Deflect","floor":21.0},{"not_picked":["Bane+1","Escape Plan"],"picked":"Cloak And Dagger+1","floor":24.0},{"not_picked":["Setup","Terror"],"picked":"Slice+1","floor":27.0},{"not_picked":["Cloak And Dagger+1","Blade Dance"],"picked":"Poisoned Stab+1","floor":29.0},{"not_picked":["Dagger Throw","Cloak And Dagger"],"picked":"Masterful Stab+1","floor":30.0},{"not_picked":["Die Die Die","Grand Finale"],"picked":"After Image","floor":33.0},{"not_picked":["PiercingWail","Acrobatics+1"],"picked":"Crippling Poison+1","floor":35.0},{"not_picked":["Backstab+1","Quick Slash"],"picked":"Deadly Poison","floor":38.0},{"not_picked":["Outmaneuver","Flying Knee+1"],"picked":"Skewer","floor":39.0},{"not_picked":["Deflect+1","Slice+1"],"picked":"Riddle With Holes","floor":41.0},{"not_picked":["Quick Slash+1","Wraith Form v2"],"picked":"Blade Dance+1","floor":42.0},{"not_picked":["Well Laid Plans+1","PiercingWail"],"picked":"Catalyst+1","floor":46.0},{"not_picked":["Poisoned Stab","Sucker Punch","Backflip"],"picked":"Cloak And Dagger+1","floor":48.0}],"player_experience":1636484,"relics_obtained":[{"floor":9.0,"key":"Omamori"},{"floor":10.0,"key":"Bag of Preparation"},{"floor":22.0,"key":"Matryoshka"},{"floor":26.0,"key":"Orichalcum"},{"floor":26.0,"key":"Centennial Puzzle"},{"floor":43.0,"key":"Pen Nib"},{"floor":43.0,"key":"Happy Flower"}],"event_choices":[{"damage_healed":0.0,"max_hp_gain":0.0,"max_hp_loss":0.0,"gold_gain":0.0,"event_name":"NoteForYourself","player_choice":"Ignored","floor":2.0,"gold_loss":0.0,"damage_taken":0.0},{"damage_healed":0.0,"max_hp_gain":0.0,"max_hp_loss":0.0,"gold_gain":0.0,"event_name":"Lab","player_choice":"Got Potions","floor":4.0,"gold_loss":0.0,"damage_taken":0.0},{"damage_healed":0.0,"max_hp_gain":0.0,"max_hp_loss":0.0,"gold_gain":0.0,"event_name":"Shining Light","player_choice":"Entered Light","floor":11.0,"gold_loss":0.0,"damage_taken":13.0,"cards_upgraded":["Strike_G","Strike_G"]},{"damage_healed":0.0,"max_hp_gain":0.0,"max_hp_loss":0.0,"gold_gain":0.0,"event_name":"Ghosts","player_choice":"Ignored","floor":20.0,"gold_loss":0.0,"damage_taken":0.0},{"cards_removed":["Defend_G"],"damage_healed":0.0,"max_hp_gain":0.0,"max_hp_loss":0.0,"gold_gain":0.0,"event_name":"Purifier","player_choice":"Purged","floor":28.0,"gold_loss":0.0,"damage_taken":0.0},{"damage_healed":0.0,"max_hp_gain":0.0,"max_hp_loss":0.0,"gold_gain":0.0,"event_name":"The Library","player_choice":"Read","floor":31.0,"gold_loss":0.0,"damage_taken":0.0,"cards_obtained":["Crippling Poison"]},{"damage_healed":0.0,"max_hp_gain":0.0,"max_hp_loss":0.0,"gold_gain":999.0,"event_name":"MindBloom","player_choice":"Gold","floor":36.0,"gold_loss":0.0,"damage_taken":0.0,"cards_obtained":["Normality","Normality"]},{"damage_healed":0.0,"max_hp_gain":0.0,"max_hp_loss":0.0,"gold_gain":0.0,"cards_transformed":["Defend_G"],"event_name":"Transmorgrifier","player_choice":"Transformed","floor":37.0,"gold_loss":0.0,"damage_taken":0.0,"cards_obtained":["Underhanded Strike"]},{"cards_removed":["Strike_G"],"damage_healed":0.0,"max_hp_gain":0.0,"max_hp_loss":0.0,"gold_gain":0.0,"event_name":"Purifier","player_choice":"Purged","floor":45.0,"gold_loss":0.0,"damage_taken":0.0}],"is_beta":false,"boss_relics":[{"not_picked":["Eternal Feather","Pandora\u0027s Box"],"picked":"Ring of the Serpent"},{"not_picked":["Empty Cage","Tiny House"],"picked":"Philosopher\u0027s Stone"}],"items_purged_floors":[3,19,44,47],"is_endless":false,"potions_floor_spawned":[1,5,7,13,16,18,30,35,39,48],"ascension_level":0}