{"gold_per_floor":[113,113,44,98,48,48,48,63,110,142,197,197,167,177,177,277,277,290,300,300,318,63,63,98,98,98,98,98,18,53,53,53,150,150,162,162,162,213,225,225,241,261,261,286,286,301,318,13,13,13],"floor_reached":51,"playtime":3827,"items_purged":["Strike_R","Strike_R"],"score":843,"play_id":"2789a721-f0a9-46d4-a597-bfe717cde2fd","local_time":"20190708205449","is_ascension_mode":true,"campfire_choices":[{"data":"Body Slam","floor":6,"key":"SMITH"},{"data":"Flame Barrier","floor":12,"key":"SMITH"},{"data":"Clothesline","floor":15,"key":"SMITH"},{"floor":23,"key":"REST"},{"data":"Armaments","floor":25,"key":"SMITH"},{"data":"Whirlwind","floor":28,"key":"SMITH"},{"data":"Barricade","floor":32,"key":"SMITH"},{"floor":40,"key":"REST"},{"floor":45,"key":"REST"},{"data":"Secret Technique","floor":49,"key":"SMITH"}],"neow_cost":"NONE","seed_source_timestamp":634743586476600,"circlet_count":0,"master_deck":["Defend_R","Defend_R","Defend_R","Defend_R","Bash+1","Disarm","Body Slam+1","Pommel Strike","Second Wind","Ghostly Armor","Flame Barrier+1","Clothesline+1","Double Tap","Whirlwind+1","Spot Weakness+1","Battle Trance+1","Power Through","Armaments+1","Metallicize","Pommel Strike+1","Barricade+1","Juggernaut","Ghostly Armor","Madness","Madness","Headbutt+1","Spot Weakness+1","True Grit","Heavy Blade+1","Power Through+1","Burning Pact+1","Rampage+1","Secret Technique+1"],"relics":["Burning Blood","NeowsBlessing","Potion Belt","PreservedInsect","Mummified Hand","Omamori","White Beast Statue","The Courier","Strawberry","Vajra","Matryoshka","Philosopher\u0027s Stone","Dead Branch","Orichalcum","Mercury Hourglass","Juzu Bracelet","Lee\u0027s Waffle"],"potions_floor_usage":[13,16,16,21,24,31,33,33,33,33,38,41,42,44,44,44,50,50,50],"damage_taken":[{"damage":0,"enemies":"Cultist","floor":1,"turns":1},{"damage":0,"enemies":"2 Louse","floor":8,"turns":1},{"damage":0,"enemies":"3 Sentries","floor":10,"turns":2},{"damage":23,"enemies":"Lagavulin Event","floor":11,"turns":6},{"damage":0,"enemies":"Small Slimes","floor":14,"turns":2},{"damage":15,"enemies":"Slime Boss","floor":16,"turns":10},{"damage":7,"enemies":"Shell Parasite","floor":18,"turns":6},{"damage":36,"enemies":"Spheric Guardian","floor":19,"turns":6},{"damage":34,"enemies":"Snecko","floor":21,"turns":6},{"damage":3,"enemies":"Book of Stabbing","floor":24,"turns":6},{"damage":24,"enemies":"Slavers","floor":30,"turns":5},{"damage":0,"enemies":"Chosen and Byrds","floor":31,"turns":1},{"damage":9,"enemies":"Automaton","floor":33,"turns":12},{"damage":0,"enemies":"3 Darklings","floor":35,"turns":1},{"damage":31,"enemies":"2 Orb Walkers","floor":38,"turns":6},{"damage":19,"enemies":"3 Shapes","floor":39,"turns":2},{"damage":39,"enemies":"Jaw Worm Horde","floor":41,"turns":5},{"damage":23,"enemies":"Sphere and 2 Shapes","floor":42,"turns":3},{"damage":4,"enemies":"Nemesis","floor":44,"turns":5},{"damage":9,"enemies":"3 Darklings","floor":46,"turns":4},{"damage":4,"enemies":"Jaw Worm Horde","floor":47,"turns":4},{"damage":71,"enemies":"Time Eater","floor":50,"turns":16}],"seed_played":"-7812301332709761368","potions_obtained":[{"floor":1,"key":"Fire Potion"},{"floor":10,"key":"Weak Potion"},{"floor":13,"key":"Strength Potion"},{"floor":13,"key":"Fruit Juice"},{"floor":18,"key":"GamblersBrew"},{"floor":19,"key":"Swift Potion"},{"floor":20,"key":"SmokeBomb"},{"floor":20,"key":"Energy Potion"},{"floor":20,"key":"Explosive Potion"},{"floor":21,"key":"Dexterity Potion"},{"floor":24,"key":"Explosive Potion"},{"floor":30,"key":"Swift Potion"},{"floor":33,"key":"Fire Potion"},{"floor":35,"key":"Strength Potion"},{"floor":38,"key":"Swift Potion"},{"floor":39,"key":"SteroidPotion"},{"floor":41,"key":"Block Potion"},{"floor":42,"key":"Regen Potion"},{"floor":44,"key":"AttackPotion"},{"floor":46,"key":"FearPotion"},{"floor":47,"key":"GamblersBrew"}],"is_trial":false,"path_per_floor":["M","?","$","T","?","R","?","M","T","E","?","R","?","M","R","B",null,"M","M","?","M","$","R","E","R","T","?","R","$","E","M","R","B",null,"M","?","?","?","M","R","M","M","T","E","R","M","M","$","R","B",null],"character_chosen":"IRONCLAD","items_purchased":["Body Slam","Pommel Strike","Power Through","Armaments","Metallicize","Secret Technique","Lee\u0027s Waffle"],"campfire_rested":3,"item_purchase_floors":[3,3,22,22,22,48,48],"current_hp_per_floor":[80,80,80,80,80,80,80,80,80,80,63,63,68,74,74,65,85,84,54,54,26,26,51,54,54,61,61,61,61,43,49,49,46,92,92,80,80,55,42,69,36,19,19,35,62,59,61,99,99,34],"gold":13,"neow_bonus":"THREE_ENEMY_KILL","is_prod":false,"is_daily":false,"chose_seed":false,"campfire_upgraded":7,"win_rate":0,"timestamp":1562586889,"path_taken":["M","?","$","?","?","R","?","?","T","E","?","R","?","M","R","BOSS","M","M","?","?","$","R","E","R","T","?","R","?","E","M","R","BOSS","M","?","?","?","M","R","M","M","T","E","R","M","M","$","R","BOSS"],"build_version":"2019-07-05","purchased_purges":2,"victory":true,"max_hp_per_floor":[80,80,80,80,80,80,80,80,80,80,80,80,85,85,85,85,85,85,85,85,85,85,85,85,85,92,92,92,92,92,92,92,92,92,92,92,92,92,92,92,92,92,92,92,92,92,92,99,99,99],"card_choices":[{"not_picked":["Shockwave","Anger"],"picked":"Disarm","floor":1},{"not_picked":["Anger","Warcry"],"picked":"Second Wind","floor":8},{"not_picked":["Heavy Blade","Clash"],"picked":"Ghostly Armor","floor":10},{"not_picked":["Combust","Clothesline"],"picked":"Flame Barrier","floor":11},{"not_picked":["Blood for Blood","Wild Strike"],"picked":"Clothesline","floor":14},{"not_picked":["Brutality","Dark Embrace"],"picked":"Double Tap","floor":16},{"not_picked":["Armaments","Dual Wield"],"picked":"Whirlwind","floor":18},{"not_picked":["Whirlwind","Armaments+1"],"picked":"Spot Weakness+1","floor":19},{"not_picked":["Sword Boomerang","Headbutt"],"picked":"Battle Trance+1","floor":21},{"not_picked":["Cleave","Perfected Strike"],"picked":"Pommel Strike+1","floor":24},{"not_picked":["Armaments+1","Anger"],"picked":"Barricade","floor":30},{"not_picked":["Feed","Double Tap"],"picked":"Juggernaut","floor":33},{"not_picked":["Sever Soul","Dropkick+1"],"picked":"Ghostly Armor","floor":35},{"not_picked":["Anger","Clothesline+1"],"picked":"Headbutt+1","floor":38},{"not_picked":["Shrug It Off","Shockwave"],"picked":"Spot Weakness+1","floor":39},{"not_picked":["Inflame","Thunderclap"],"picked":"True Grit","floor":41},{"not_picked":["Clash","Shockwave+1"],"picked":"Heavy Blade+1","floor":42},{"not_picked":["Flex+1","Shrug It Off+1"],"picked":"Power Through+1","floor":44},{"not_picked":["Disarm+1","Bloodletting"],"picked":"Burning Pact+1","floor":46},{"not_picked":["Combust","Dropkick"],"picked":"Rampage+1","floor":47}],"player_experience":317938,"relics_obtained":[{"floor":4,"key":"Potion Belt"},{"floor":9,"key":"PreservedInsect"},{"floor":10,"key":"Mummified Hand"},{"floor":11,"key":"Omamori"},{"floor":24,"key":"The Courier"},{"floor":26,"key":"Strawberry"},{"floor":27,"key":"Vajra"},{"floor":30,"key":"Matryoshka"},{"floor":38,"key":"Dead Branch"},{"floor":43,"key":"Orichalcum"},{"floor":43,"key":"Mercury Hourglass"},{"floor":44,"key":"Juzu Bracelet"}],"event_choices":[{"cards_removed":["Strike_R"],"damage_healed":0,"gold_gain":0,"player_choice":"Purged","damage_taken":0,"max_hp_gain":0,"max_hp_loss":0,"event_name":"Purifier","floor":2,"gold_loss":0},{"cards_removed":["Strike_R"],"damage_healed":0,"gold_gain":0,"player_choice":"Card Removal","damage_taken":0,"max_hp_gain":0,"max_hp_loss":0,"event_name":"The Cleric","floor":5,"gold_loss":50},{"damage_healed":0,"gold_gain":0,"player_choice":"Forge","damage_taken":0,"max_hp_gain":0,"max_hp_loss":0,"event_name":"Accursed Blacksmith","floor":7,"gold_loss":0,"cards_upgraded":["Bash"]},{"damage_healed":0,"gold_gain":30,"player_choice":"Searched \u00272\u0027 times","damage_taken":0,"max_hp_gain":0,"max_hp_loss":0,"event_name":"Dead Adventurer","floor":11,"gold_loss":0},{"damage_healed":0,"gold_gain":0,"player_choice":"Bought 2 Potions","damage_taken":0,"max_hp_gain":0,"max_hp_loss":0,"event_name":"The Woman in Blue","floor":13,"gold_loss":0},{"damage_healed":0,"gold_gain":0,"player_choice":"Got Potions","damage_taken":0,"max_hp_gain":0,"max_hp_loss":0,"event_name":"Lab","floor":20,"gold_loss":0},{"damage_healed":0,"gold_gain":0,"player_choice":"Relic","damage_taken":0,"max_hp_gain":0,"max_hp_loss":0,"event_name":"Wheel of Change","floor":27,"gold_loss":0},{"damage_healed":0,"gold_gain":0,"player_choice":"Embrace Madness","damage_taken":12,"max_hp_gain":0,"max_hp_loss":0,"event_name":"Winding Halls","floor":36,"gold_loss":0,"cards_obtained":["Madness","Madness"]},{"cards_removed":["Strike_R"],"damage_healed":0,"gold_gain":0,"player_choice":"Removed Attack","damage_taken":0,"max_hp_gain":0,"max_hp_loss":0,"event_name":"Falling","floor":37,"gold_loss":0},{"damage_healed":0,"gold_gain":0,"player_choice":"Fight","damage_taken":0,"max_hp_gain":0,"max_hp_loss":0,"event_name":"Mysterious Sphere","floor":38,"gold_loss":0}],"is_beta":false,"boss_relics":[{"not_picked":["Empty Cage","Snecko Eye"],"picked":"White Beast Statue"},{"not_picked":["Pandora\u0027s Box","Runic Cube"],"picked":"Philosopher\u0027s Stone"}],"items_purged_floors":[22,29],"is_endless":false,"potions_floor_spawned":[1,10,18,19,21,24,30,31,33,35,38,39,41,42,44,46,47],"ascension_level":3}