{"gold_per_floor":[110,110,35,52,127,158,158,158,183,183,183,223,246,265,265,386,386,406,419,419,419,435,435,129,129,129,149,168,168,168,168,168,168],"floor_reached":33,"playtime":1475,"items_purged":["Doubt","Defend_R"],"score":370,"play_id":"3727bd34-8960-40f0-9b75-9b2d898bf732","local_time":"20190825131437","is_ascension_mode":true,"campfire_choices":[{"data":"Bash","floor":7,"key":"SMITH"},{"floor":15,"key":"REST"},{"data":"Armaments","floor":23,"key":"SMITH"},{"data":"True Grit","floor":25,"key":"SMITH"},{"data":"Flex","floor":30,"key":"SMITH"},{"floor":32,"key":"REST"}],"neow_cost":"CURSE","seed_source_timestamp":369054106983100,"circlet_count":0,"master_deck":["Strike_R","Defend_R","Defend_R","Defend_R","Bash+1","Fiend Fire","Whirlwind","Twin Strike","Anger","Bash","Immolate","Whirlwind","Flex+1","Evolve","Offering","Clash+1","Thunderclap+1","Fiend Fire+1","Armaments+1","True Grit+1","Second Wind","RitualDagger","Pummel","Shockwave+1","Infernal Blade"],"relics":["Burning Blood","Ice Cream","Centennial Puzzle","Lantern","Orichalcum","Golden Idol","Ginger","Astrolabe","Cauldron","Ancient Tea Set"],"potions_floor_usage":[16,16,27,31,33,33],"damage_taken":[{"damage":0,"enemies":"Cultist","floor":1,"turns":3},{"damage":0,"enemies":"2 Louse","floor":4,"turns":3},{"damage":32,"enemies":"Gremlin Nob","floor":6,"turns":4},{"damage":14,"enemies":"Lagavulin","floor":12,"turns":3},{"damage":6,"enemies":"Small Slimes","floor":13,"turns":2},{"damage":1,"enemies":"Looter","floor":14,"turns":2},{"damage":52,"enemies":"The Guardian","floor":16,"turns":10},{"damage":12,"enemies":"Chosen","floor":18,"turns":2},{"damage":7,"enemies":"Spheric Guardian","floor":19,"turns":3},{"damage":12,"enemies":"Cultist and Chosen","floor":22,"turns":4},{"damage":4,"enemies":"Centurion and Healer","floor":27,"turns":4},{"damage":21,"enemies":"Snecko","floor":28,"turns":4},{"damage":0,"enemies":"Shelled Parasite and Fungi","floor":31,"turns":1},{"damage":93,"enemies":"Automaton","floor":33,"turns":8}],"seed_played":"3962398333360807882","potions_obtained":[{"floor":1,"key":"SmokeBomb"},{"floor":13,"key":"BloodPotion"},{"floor":14,"key":"SteroidPotion"},{"floor":18,"key":"BloodPotion"},{"floor":22,"key":"Regen Potion"},{"floor":24,"key":"BloodPotion"},{"floor":28,"key":"Explosive Potion"}],"is_trial":false,"path_per_floor":["M","T","$","M","?","E","R","?","T","?","?","E","M","M","R","B",null,"M","M","?","?","M","R","$","R","T","M","M","?","R","M","R","B"],"character_chosen":"IRONCLAD","items_purchased":["Cauldron"],"campfire_rested":2,"item_purchase_floors":[24],"current_hp_per_floor":[78,78,78,80,69,43,43,31,31,31,31,23,23,28,50,22,61,55,54,54,48,42,42,42,42,42,56,41,41,41,47,69,0],"gold":168,"neow_bonus":"THREE_RARE_CARDS","is_prod":false,"is_daily":false,"chose_seed":false,"campfire_upgraded":4,"win_rate":0,"timestamp":1566706477,"path_taken":["M","?","$","M","?","E","R","?","T","?","?","E","?","M","R","BOSS","M","M","?","?","M","R","$","R","T","M","M","?","R","?","R","BOSS"],"build_version":"2019-07-17","purchased_purges":2,"victory":false,"max_hp_per_floor":[80,80,80,80,80,80,80,80,80,74,74,74,74,74,74,74,74,74,74,74,74,74,74,74,74,74,74,74,74,74,74,74,74],"card_choices":[{"not_picked":["Dark Embrace","Barricade"],"picked":"Fiend Fire","floor":0},{"not_picked":["Pommel Strike","Anger"],"picked":"Whirlwind","floor":1},{"not_picked":["Havoc","Armaments"],"picked":"Twin Strike","floor":4},{"not_picked":["Rupture","Heavy Blade"],"picked":"Anger","floor":6},{"not_picked":["Headbutt","Carnage"],"picked":"Whirlwind","floor":12},{"not_picked":["Thunderclap","Berserk"],"picked":"Flex","floor":13},{"not_picked":["Cleave","Searing Blow"],"picked":"Evolve","floor":14},{"not_picked":["Impervious","Limit Break"],"picked":"Offering","floor":16},{"not_picked":["Fire Breathing","Cleave"],"picked":"Armaments","floor":18},{"not_picked":["Warcry","Clothesline"],"picked":"True Grit","floor":19},{"not_picked":["Warcry","Whirlwind"],"picked":"Pummel","floor":22},{"not_picked":["Wild Strike+1","Clash"],"picked":"Shockwave+1","floor":27},{"not_picked":["Combust+1","Iron Wave"],"picked":"Infernal Blade","floor":28}],"player_experience":825823,"relics_obtained":[{"floor":2,"key":"Ice Cream"},{"floor":6,"key":"Centennial Puzzle"},{"floor":9,"key":"Orichalcum"},{"floor":12,"key":"Ginger"},{"floor":26,"key":"Ancient Tea Set"}],"event_choices":[{"damage_healed":0,"gold_gain":75,"player_choice":"Gather Gold","damage_taken":11,"max_hp_gain":0,"max_hp_loss":0,"event_name":"World of Goop","floor":5,"gold_loss":0},{"damage_healed":0,"gold_gain":0,"player_choice":"Success","damage_taken":12,"relics_obtained":["Lantern"],"max_hp_gain":0,"max_hp_loss":0,"event_name":"Scrap Ooze","floor":8,"gold_loss":0},{"damage_healed":0,"gold_gain":0,"player_choice":"Lose Max HP","damage_taken":0,"relics_obtained":["Golden Idol"],"max_hp_gain":0,"max_hp_loss":6,"event_name":"Golden Idol","floor":10,"gold_loss":0},{"damage_healed":0,"gold_gain":0,"player_choice":"2 cards matched","damage_taken":0,"max_hp_gain":0,"max_hp_loss":0,"event_name":"Match and Keep!","floor":11,"gold_loss":0,"cards_obtained":["Bash","Immolate"]},{"damage_healed":0,"gold_gain":0,"player_choice":"Read","damage_taken":0,"max_hp_gain":0,"max_hp_loss":0,"event_name":"The Library","floor":20,"gold_loss":0,"cards_obtained":["Second Wind"]},{"damage_healed":0,"gold_gain":0,"player_choice":"Joined the Cult","damage_taken":6,"max_hp_gain":0,"max_hp_loss":0,"event_name":"Nest","floor":21,"gold_loss":0,"cards_obtained":["RitualDagger"]},{"cards_removed":["Strike_R"],"damage_healed":0,"gold_gain":0,"player_choice":"Purged","damage_taken":0,"max_hp_gain":0,"max_hp_loss":0,"event_name":"Purifier","floor":29,"gold_loss":0}],"is_beta":false,"boss_relics":[{"not_picked":["Empty Cage","Black Star"],"picked":"Astrolabe"}],"items_purged_floors":[3,24],"is_endless":false,"potions_floor_spawned":[1,13,14,18,22,28,31],"killed_by":"Automaton","ascension_level":9}