{"gold_per_floor":[117,117,117,127,127,127,141,175,225,225,243,243,254,267,267,267],"floor_reached":16,"playtime":2165,"items_purged":[],"score":102,"play_id":"c9096c9d-5aba-4162-8160-90832a7f2c84","local_time":"20190811132231","is_ascension_mode":false,"campfire_choices":[{"floor":6,"key":"REST"},{"floor":10,"key":"REST"},{"floor":12,"key":"REST"},{"floor":15,"key":"REST"}],"neow_cost":"PERCENT_DAMAGE","seed_source_timestamp":5702361226100,"circlet_count":0,"master_deck":["Strike_G","Strike_G","Strike_G","Strike_G","Strike_G","Defend_G","Defend_G","Defend_G","Defend_G","Survivor","Neutralize+1","Night Terror","Backflip","Expertise","Backflip","Crippling Poison","Deflect","Dagger Spray","Calculated Gamble"],"relics":["Ring of the Snake","Omamori","Ginger","Happy Flower"],"potions_floor_usage":[8,16,16,16],"damage_taken":[{"damage":10,"enemies":"Cultist","floor":1,"turns":5},{"damage":0,"enemies":"Small Slimes","floor":4,"turns":3},{"damage":3,"enemies":"Jaw Worm","floor":7,"turns":4},{"damage":31,"enemies":"3 Sentries","floor":8,"turns":14},{"damage":5,"enemies":"Blue Slaver","floor":11,"turns":6},{"damage":13,"enemies":"Gremlin Gang","floor":13,"turns":4},{"damage":4,"enemies":"Exordium Thugs","floor":14,"turns":7},{"damage":51,"enemies":"Slime Boss","floor":16,"turns":10}],"seed_played":"-4552479326632883767","potions_obtained":[{"floor":1,"key":"EssenceOfSteel"},{"floor":7,"key":"LiquidBronze"},{"floor":11,"key":"GhostInAJar"},{"floor":13,"key":"Swift Potion"}],"is_trial":false,"path_per_floor":["M","?","?","M","?","R","M","E","T","R","M","R","M","M","R","B"],"character_chosen":"THE_SILENT","items_purchased":[],"campfire_rested":4,"item_purchase_floors":[],"current_hp_per_floor":[39,21,21,21,21,42,39,8,8,29,24,45,32,28,49,0],"gold":267,"neow_bonus":"THREE_RARE_CARDS","is_prod":false,"is_daily":false,"chose_seed":false,"campfire_upgraded":0,"win_rate":0.0,"timestamp":1565522551,"path_taken":["M","?","?","M","?","R","M","E","T","R","M","R","?","M","R","BOSS"],"build_version":"2019-07-17","purchased_purges":0,"victory":false,"max_hp_per_floor":[70,70,70,70,70,70,70,70,70,70,70,70,70,70,70,70],"card_choices":[{"not_picked":["Die Die Die","Malaise"],"picked":"Night Terror","floor":0},{"not_picked":["All Out Attack","Dodge and Roll"],"picked":"Backflip","floor":1},{"not_picked":["Dagger Throw","Eviscerate"],"picked":"Expertise","floor":4},{"not_picked":["Crippling Poison","Predator"],"picked":"Backflip","floor":7},{"not_picked":["Backflip","Phantasmal Killer"],"picked":"Crippling Poison","floor":8},{"not_picked":["Flechettes","Prepared"],"picked":"Deflect","floor":11},{"not_picked":["Flying Knee","Riddle With Holes"],"picked":"Dagger Spray","floor":13},{"not_picked":["Dagger Throw","Deflect"],"picked":"Calculated Gamble","floor":14}],"player_experience":33365,"relics_obtained":[{"floor":8,"key":"Ginger"},{"floor":9,"key":"Happy Flower"}],"event_choices":[{"damage_healed":0,"gold_gain":0,"player_choice":"Success","damage_taken":18,"relics_obtained":["Omamori"],"max_hp_gain":0,"max_hp_loss":0,"event_name":"Scrap Ooze","floor":2,"gold_loss":0},{"damage_healed":0,"gold_gain":0,"player_choice":"Grow","damage_taken":0,"max_hp_gain":0,"max_hp_loss":0,"event_name":"Living Wall","floor":3,"gold_loss":0,"cards_upgraded":["Neutralize"]},{"cards_removed":["Defend_G"],"damage_healed":0,"gold_gain":0,"player_choice":"Offered Basic","damage_taken":0,"max_hp_gain":0,"max_hp_loss":0,"event_name":"Bonfire Elementals","floor":5,"gold_loss":0}],"is_beta":false,"boss_relics":[],"items_purged_floors":[],"is_endless":false,"potions_floor_spawned":[1,7,11,13],"killed_by":"Slime Boss","ascension_level":0}