{"gold_per_floor":[113,131,148,161,50,84,84,117,117,117,132,152,38,38,38,133,133,149,167,167,187,187,187,201,213,213,213],"floor_reached":27,"playtime":1716,"items_purged":["Strike_B"],"score":261,"play_id":"b480410e-dbe3-4345-be68-54d3a1ccf058","local_time":"20190723140453","is_ascension_mode":true,"campfire_choices":[{"floor":7,"key":"REST"},{"data":"Dualcast","floor":10,"key":"SMITH"},{"floor":15,"key":"REST"},{"floor":23,"key":"REST"}],"neow_cost":"PERCENT_DAMAGE","seed_source_timestamp":348130852273800,"circlet_count":0,"master_deck":["Strike_B","Defend_B","Defend_B","Defend_B","Zap+1","Dualcast+1","Core Surge","Rip and Tear","BootSequence","Streamline","Sweeping Beam","Glacier","BootSequence","Rebound","Conserve Battery","Defragment","Self Repair","Melter","Fission","Streamline+1","Turbo+1","Heatsinks+1","Ball Lightning+1","Compile Driver+1","Self Repair+1","Leap+1"],"relics":["Cracked Core","Centennial Puzzle","Pear","Dead Branch","Astrolabe","Nilry\u0027s Codex","Gambling Chip"],"potions_floor_usage":[6,8,16,24,27,27],"damage_taken":[{"damage":0,"enemies":"Small Slimes","floor":1,"turns":2},{"damage":2,"enemies":"Jaw Worm","floor":2,"turns":3},{"damage":2,"enemies":"2 Louse","floor":3,"turns":3},{"damage":3,"enemies":"Large Slime","floor":4,"turns":3},{"damage":16,"enemies":"Lagavulin","floor":6,"turns":7},{"damage":20,"enemies":"Gremlin Nob","floor":8,"turns":4},{"damage":16,"enemies":"Gremlin Gang","floor":11,"turns":4},{"damage":0,"enemies":"2 Fungi Beasts","floor":12,"turns":2},{"damage":13,"enemies":"Slime Boss","floor":16,"turns":7},{"damage":0,"enemies":"Chosen","floor":18,"turns":3},{"damage":16,"enemies":"Spheric Guardian","floor":19,"turns":4},{"damage":38,"enemies":"Centurion and Healer","floor":21,"turns":7},{"damage":27,"enemies":"Snake Plant","floor":24,"turns":5},{"damage":25,"enemies":"Snecko","floor":25,"turns":6},{"damage":35,"enemies":"Book of Stabbing","floor":27,"turns":7}],"seed_played":"-2803155284492791336","potions_obtained":[{"floor":2,"key":"SkillPotion"},{"floor":3,"key":"Fire Potion"},{"floor":8,"key":"PowerPotion"},{"floor":18,"key":"Explosive Potion"},{"floor":19,"key":"FocusPotion"},{"floor":21,"key":"AttackPotion"},{"floor":25,"key":"AttackPotion"}],"is_trial":false,"path_per_floor":["M","M","M","M","$","E","R","E","T","R","M","M","$","?","R","B",null,"M","M","?","M","?","R","M","M","T","E"],"character_chosen":"DEFECT","items_purchased":["Glacier","Self Repair","Melter"],"campfire_rested":3,"item_purchase_floors":[5,13,13],"current_hp_per_floor":[54,52,50,47,47,31,53,43,43,43,27,27,27,27,52,39,85,85,76,60,29,29,54,44,36,36,1],"gold":213,"neow_bonus":"THREE_RARE_CARDS","is_prod":false,"is_daily":false,"chose_seed":false,"campfire_upgraded":1,"win_rate":0,"timestamp":1563858293,"path_taken":["M","M","M","M","$","E","R","E","T","R","M","M","$","?","R","BOSS","M","M","?","M","?","R","?","M","T","E"],"build_version":"2019-07-17","purchased_purges":1,"victory":false,"max_hp_per_floor":[75,75,75,75,75,75,75,85,85,85,85,85,85,85,85,85,85,85,85,85,85,85,85,85,85,85,85],"card_choices":[{"not_picked":["Fission","Multi-Cast"],"picked":"Core Surge","floor":0},{"not_picked":["Ball Lightning","Redo"],"picked":"Rip and Tear","floor":1},{"not_picked":["Aggregate","Sweeping Beam"],"picked":"BootSequence","floor":2},{"not_picked":["Cold Snap","Auto Shields"],"picked":"Streamline","floor":3},{"not_picked":["Steam","Stack"],"picked":"Sweeping Beam","floor":4},{"not_picked":["Chaos","Skim"],"picked":"BootSequence","floor":6},{"not_picked":["Turbo","Steam"],"picked":"Rebound","floor":8},{"not_picked":["Ball Lightning","Rebound"],"picked":"Conserve Battery","floor":11},{"not_picked":["Chill","Chaos"],"picked":"Defragment","floor":12},{"not_picked":["Rainbow","Meteor Strike"],"picked":"Fission","floor":16},{"not_picked":["Hologram","Beam Cell"],"picked":"Ball Lightning+1","floor":18},{"not_picked":["Coolheaded","Chaos"],"picked":"Compile Driver+1","floor":19},{"not_picked":["Steam","Rebound"],"picked":"Self Repair+1","floor":21},{"not_picked":["Static Discharge+1","Cold Snap","Barrage"],"picked":"SKIP","floor":24},{"not_picked":["Self Repair","Rainbow"],"picked":"Leap+1","floor":25}],"player_experience":425210,"relics_obtained":[{"floor":6,"key":"Centennial Puzzle"},{"floor":8,"key":"Pear"},{"floor":9,"key":"Dead Branch"},{"floor":20,"key":"Nilry\u0027s Codex"},{"floor":26,"key":"Gambling Chip"}],"event_choices":[{"damage_healed":0,"gold_gain":0,"player_choice":"Grow","damage_taken":0,"max_hp_gain":0,"max_hp_loss":0,"event_name":"Living Wall","floor":14,"gold_loss":0,"cards_upgraded":["Zap"]},{"damage_healed":0,"gold_gain":0,"player_choice":"Obtained Book","damage_taken":16,"max_hp_gain":0,"max_hp_loss":0,"event_name":"Cursed Tome","floor":20,"gold_loss":0},{"damage_healed":0,"gold_gain":0,"player_choice":"Ignored","damage_taken":0,"max_hp_gain":0,"max_hp_loss":0,"event_name":"The Mausoleum","floor":22,"gold_loss":0}],"is_beta":false,"boss_relics":[{"not_picked":["Empty Cage","Lizard Tail"],"picked":"Astrolabe"}],"items_purged_floors":[5],"is_endless":false,"potions_floor_spawned":[2,3,8,18,19,21,25],"killed_by":"Book of Stabbing","ascension_level":3}