{"gold_per_floor":[111,111,123,123,142,142,173,173,224,224,224,251,251,251,251,322,322,342,342,342,362,373,373,298,313,313,325],"floor_reached":27,"playtime":1027,"items_purged":[],"score":427,"play_id":"e3f6a127-f079-482b-b206-71751cbe8219","local_time":"20190823202212","is_ascension_mode":true,"campfire_choices":[{"data":"Tempest","floor":6,"key":"SMITH"},{"floor":8,"key":"REST"},{"floor":10,"key":"REST"},{"floor":15,"key":"REST"},{"data":"Seek","floor":23,"key":"SMITH"}],"neow_cost":"PERCENT_DAMAGE","seed_source_timestamp":222354150493600,"circlet_count":0,"master_deck":["AscendersBane","Strike_B","Strike_B","Strike_B","Strike_B+1","Defend_B","Defend_B","Defend_B","Defend_B","Zap","Dualcast+1","Trip","Ball Lightning","BootSequence","Tempest+1","Leap","Coolheaded","Electrodynamics","Writhe","Parasite","Leap","RitualDagger","Leap","Seek+1"],"relics":["Cracked Core","Matryoshka","Letter Opener","Bag of Marbles","Juzu Bracelet","Anchor","Calling Bell","Happy Flower","Kunai","Girya","MawBank","Art of War"],"potions_floor_usage":[16,16,18,21,22,22,25,25,27],"damage_taken":[{"damage":5,"enemies":"Small Slimes","floor":1,"turns":4},{"damage":4,"enemies":"Jaw Worm","floor":3,"turns":3},{"damage":1,"enemies":"Cultist","floor":5,"turns":3},{"damage":25,"enemies":"Lagavulin","floor":7,"turns":7},{"damage":48,"enemies":"Gremlin Nob","floor":12,"turns":4},{"damage":36,"enemies":"Slime Boss","floor":16,"turns":13},{"damage":28,"enemies":"Shell Parasite","floor":18,"turns":8},{"damage":0,"enemies":"3 Byrds","floor":21,"turns":1},{"damage":13,"enemies":"Snake Plant","floor":22,"turns":3},{"damage":16,"enemies":"Snecko","floor":25,"turns":6},{"damage":14,"enemies":"3 Cultists","floor":27,"turns":4}],"seed_played":"-5080012324495471246","potions_obtained":[{"floor":3,"key":"SpeedPotion"},{"floor":12,"key":"Dexterity Potion"},{"floor":16,"key":"Regen Potion"},{"floor":18,"key":"Energy Potion"},{"floor":20,"key":"EntropicBrew"},{"floor":20,"key":"Fire Potion"},{"floor":22,"key":"SpeedPotion"},{"floor":25,"key":"Regen Potion"}],"is_trial":false,"path_per_floor":["M","?","M","T","M","R","E","R","T","R","?","E","?","?","R","B",null,"M","?","?","M","M","R","?","M","T","M"],"character_chosen":"DEFECT","items_purchased":[],"campfire_rested":3,"item_purchase_floors":[],"current_hp_per_floor":[41,41,37,37,36,36,11,32,32,53,71,23,2,25,46,10,56,43,37,37,37,24,24,24,8,8,6],"gold":325,"neow_bonus":"RANDOM_COLORLESS_2","is_prod":false,"is_daily":false,"chose_seed":false,"campfire_upgraded":2,"win_rate":0,"timestamp":1566559332,"path_taken":["M","?","M","?","M","R","E","R","T","R","?","E","?","?","R","BOSS","M","?","?","M","M","R","?","M","T","M"],"build_version":"2019-07-17","purchased_purges":0,"victory":false,"max_hp_per_floor":[71,71,71,71,71,71,71,71,71,71,71,71,71,71,71,71,71,71,71,71,71,71,71,71,71,71,71],"card_choices":[{"not_picked":["Gash","Steam Power"],"picked":"Ball Lightning","floor":1},{"not_picked":["Beam Cell","Doom and Gloom"],"picked":"BootSequence","floor":3},{"not_picked":["Beam Cell","Hello World"],"picked":"Tempest","floor":5},{"not_picked":["Redo","Rebound"],"picked":"Leap","floor":7},{"not_picked":["Loop","Gash"],"picked":"Coolheaded","floor":12},{"not_picked":["Meteor Strike","Seek"],"picked":"Electrodynamics","floor":16},{"not_picked":["Coolheaded","Steam"],"picked":"Leap","floor":18},{"not_picked":["Stack","Compile Driver"],"picked":"Leap","floor":21},{"not_picked":["Beam Cell","Conserve Battery"],"picked":"Seek","floor":22},{"not_picked":["Blizzard","Gash","Loop"],"picked":"SKIP","floor":25}],"player_experience":776151,"relics_obtained":[{"floor":4,"key":"Matryoshka"},{"floor":7,"key":"Letter Opener"},{"floor":9,"key":"Bag of Marbles"},{"floor":9,"key":"Juzu Bracelet"},{"floor":12,"key":"Anchor"},{"floor":17,"key":"Happy Flower"},{"floor":17,"key":"Kunai"},{"floor":17,"key":"Girya"},{"floor":26,"key":"MawBank"},{"floor":26,"key":"Art of War"}],"event_choices":[{"damage_healed":0,"gold_gain":0,"player_choice":"Ignored","damage_taken":0,"max_hp_gain":0,"max_hp_loss":0,"event_name":"Liars Game","floor":2,"gold_loss":0},{"cards_removed":["Deep Breath"],"damage_healed":18,"gold_gain":0,"player_choice":"Offered Uncommon","damage_taken":0,"max_hp_gain":0,"max_hp_loss":0,"event_name":"Bonfire Elementals","floor":11,"gold_loss":0},{"damage_healed":0,"gold_gain":0,"player_choice":"Entered Light","damage_taken":21,"max_hp_gain":0,"max_hp_loss":0,"event_name":"Shining Light","floor":13,"gold_loss":0,"cards_upgraded":["Strike_B","Dualcast"]},{"damage_healed":23,"gold_gain":0,"player_choice":"Banana","damage_taken":0,"max_hp_gain":0,"max_hp_loss":0,"event_name":"Big Fish","floor":14,"gold_loss":0},{"damage_healed":0,"gold_gain":0,"player_choice":"Joined the Cult","damage_taken":6,"max_hp_gain":0,"max_hp_loss":0,"event_name":"Nest","floor":19,"gold_loss":0,"cards_obtained":["RitualDagger"]},{"damage_healed":0,"gold_gain":0,"player_choice":"Got Potions","damage_taken":0,"max_hp_gain":0,"max_hp_loss":0,"event_name":"Lab","floor":20,"gold_loss":0},{"cards_removed":["Writhe"],"damage_healed":0,"gold_gain":0,"player_choice":"Gave Gold","damage_taken":0,"max_hp_gain":0,"max_hp_loss":0,"event_name":"Beggar","floor":24,"gold_loss":75}],"is_beta":false,"boss_relics":[{"not_picked":["Ectoplasm","Orrery"],"picked":"Calling Bell"}],"items_purged_floors":[],"is_endless":false,"potions_floor_spawned":[3,12,16,18,22,25],"killed_by":"3 Cultists","ascension_level":19}