{"gold_per_floor":[18,18,35,51,65,100,100,117,117,117,147,147,163,178,178,274,324,337,125,125,141,141,141,157,157,205,233,233,249,274,274,274,274],"floor_reached":33,"playtime":2513,"items_purged":["Strike_B"],"score":342,"play_id":"2b3b0486-82a6-451b-8fd3-c0ffcc2b66ea","local_time":"20190723125156","is_ascension_mode":true,"campfire_choices":[{"data":"Chaos","floor":7,"key":"SMITH"},{"floor":10,"key":"REST"},{"data":"Zap","floor":12,"key":"SMITH"},{"floor":15,"key":"REST"},{"data":"Recycle","floor":23,"key":"SMITH"},{"floor":25,"key":"REST"},{"data":"Dualcast","floor":28,"key":"SMITH"},{"data":"Go for the Eyes","floor":32,"key":"SMITH"}],"neow_cost":"NO_GOLD","seed_source_timestamp":342955851483000,"circlet_count":0,"master_deck":["Strike_B+1","Strike_B+1","Strike_B+1","Defend_B+1","Defend_B+1","Defend_B+1","Defend_B+1","Zap+1","Dualcast+1","Chaos+1","Coolheaded","Chill+1","Rebound","Reboot+1","Streamline","Rip and Tear","Beam Cell","Compile Driver+1","All For One","Defragment","Rebound","Bandage Up","Reprogram","Recycle+1","Stack+1","Loop+1","Go for the Eyes+1","Reinforced Body"],"relics":["Cracked Core","Emotion Chip","Potion Belt","Darkstone Periapt","Omamori","Tiny House","War Paint","Bottled Flame","Question Card"],"potions_floor_usage":[5,11,16,16,27,27,30,33,33],"damage_taken":[{"damage":1,"enemies":"Cultist","floor":1,"turns":3},{"damage":0,"enemies":"Small Slimes","floor":3,"turns":3},{"damage":2,"enemies":"2 Louse","floor":4,"turns":2},{"damage":1,"enemies":"Gremlin Gang","floor":5,"turns":6},{"damage":29,"enemies":"3 Sentries","floor":6,"turns":9},{"damage":0,"enemies":"Lots of Slimes","floor":8,"turns":5},{"damage":25,"enemies":"Lagavulin","floor":11,"turns":7},{"damage":0,"enemies":"Large Slime","floor":13,"turns":4},{"damage":14,"enemies":"Red Slaver","floor":14,"turns":2},{"damage":6,"enemies":"Slime Boss","floor":16,"turns":6},{"damage":15,"enemies":"Spheric Guardian","floor":18,"turns":4},{"damage":8,"enemies":"Shell Parasite","floor":21,"turns":6},{"damage":0,"enemies":"Sentry and Sphere","floor":24,"turns":3},{"damage":12,"enemies":"Book of Stabbing","floor":27,"turns":6},{"damage":8,"enemies":"Centurion and Healer","floor":29,"turns":7},{"damage":12,"enemies":"Gremlin Leader","floor":30,"turns":7},{"damage":59,"enemies":"Champ","floor":33,"turns":10}],"seed_played":"8456777212206443270","potions_obtained":[{"floor":1,"key":"Block Potion"},{"floor":5,"key":"Ancient Potion"},{"floor":11,"key":"Explosive Potion"},{"floor":14,"key":"PowerPotion"},{"floor":17,"key":"Dexterity Potion"},{"floor":24,"key":"FocusPotion"},{"floor":27,"key":"Strength Potion"},{"floor":29,"key":"Block Potion"},{"floor":30,"key":"AttackPotion"}],"is_trial":false,"path_per_floor":["M","$","M","M","M","E","R","M","T","R","E","R","M","M","R","B",null,"M","$","?","M","?","R","M","R","T","E","R","M","E","?","R","B"],"character_chosen":"DEFECT","items_purchased":["Bandage Up","Reprogram"],"campfire_rested":3,"item_purchase_floors":[19,19],"current_hp_per_floor":[74,74,74,72,71,42,42,42,42,64,39,39,39,25,47,41,80,65,65,65,61,46,46,50,75,75,67,67,63,55,55,55,0],"gold":274,"neow_bonus":"ONE_RARE_RELIC","is_prod":false,"is_daily":false,"chose_seed":false,"campfire_upgraded":5,"win_rate":0,"timestamp":1563853916,"path_taken":["M","$","M","M","M","E","R","M","T","R","E","R","M","M","R","BOSS","M","$","?","M","?","R","M","R","T","E","R","M","E","?","R","BOSS"],"build_version":"2019-07-17","purchased_purges":1,"victory":false,"max_hp_per_floor":[75,75,75,75,75,75,75,75,75,75,75,75,75,75,75,75,80,80,80,80,80,85,85,85,85,85,85,85,85,85,85,85,85],"card_choices":[{"not_picked":["Hologram","Lockon"],"picked":"Chaos","floor":1},{"not_picked":["Gash","Lockon"],"picked":"Coolheaded","floor":3},{"not_picked":["Loop","Redo"],"picked":"Chill","floor":4},{"not_picked":["Go for the Eyes","Steam Power"],"picked":"Rebound","floor":5},{"not_picked":["Fusion","Stack"],"picked":"Reboot","floor":6},{"not_picked":["Hello World","Beam Cell"],"picked":"Streamline","floor":8},{"not_picked":["Hello World","Amplify"],"picked":"Rip and Tear","floor":11},{"not_picked":["Streamline","Compile Driver"],"picked":"Beam Cell","floor":13},{"not_picked":["Gash","Sunder"],"picked":"Compile Driver","floor":14},{"not_picked":["Creative AI","Rainbow"],"picked":"All For One","floor":16},{"not_picked":["Steam","Redo"],"picked":"Defragment","floor":17},{"not_picked":["Streamline+1","Lockon+1"],"picked":"Rebound","floor":18},{"not_picked":["Steam","Turbo"],"picked":"Recycle","floor":21},{"not_picked":["Lockon","Coolheaded"],"picked":"Stack+1","floor":24},{"not_picked":["Amplify","Heatsinks"],"picked":"Loop+1","floor":27},{"not_picked":["Cold Snap","Coolheaded"],"picked":"Go for the Eyes","floor":29},{"not_picked":["Reprogram","Turbo"],"picked":"Reinforced Body","floor":30}],"player_experience":420313,"relics_obtained":[{"floor":6,"key":"Potion Belt"},{"floor":9,"key":"Darkstone Periapt"},{"floor":11,"key":"Omamori"},{"floor":26,"key":"War Paint"},{"floor":27,"key":"Bottled Flame"},{"floor":30,"key":"Question Card"}],"event_choices":[{"damage_healed":0,"gold_gain":0,"player_choice":"Simplicity","damage_taken":0,"max_hp_gain":0,"max_hp_loss":0,"event_name":"Back to Basics","floor":20,"gold_loss":0,"cards_upgraded":["Strike_B","Strike_B","Strike_B","Defend_B","Defend_B","Defend_B","Defend_B"]},{"damage_healed":0,"gold_gain":0,"player_choice":"Shed Blood","damage_taken":20,"max_hp_gain":5,"max_hp_loss":0,"event_name":"Forgotten Altar","floor":22,"gold_loss":0},{"damage_healed":0,"gold_gain":0,"player_choice":"Ignored","damage_taken":0,"max_hp_gain":0,"max_hp_loss":0,"event_name":"Vampires","floor":31,"gold_loss":0}],"is_beta":false,"boss_relics":[{"not_picked":["Ectoplasm","Fusion Hammer"],"picked":"Tiny House"}],"items_purged_floors":[19],"is_endless":false,"potions_floor_spawned":[1,5,11,14,24,27,29,30],"killed_by":"Champ","ascension_level":3}