{"path_per_floor":["M","M","M","M","M","E","M","E","T","R","M","M","M","E","R","B",null,"M","M","M","$","M","E","R","?","T","R","M","R","M","E","R","B",null,"M","?","$","M","M","E","?","E","T","?","R","E","?","M","R","B"],"character_chosen":"IRONCLAD","items_purchased":["Blood Vial","Torii","Whetstone","Meat on the Bone","Letter Opener","Bottled Tornado"],"gold_per_floor":[364,635,873,1055,1240,1628,1913,2326,2326,2326,2496,2694,2915,3333,3333,4638,4638,4909,5172,5405,4729,4926,5391,5391,5391,5417,5417,5674,5674,5920,6279,6279,7681,7681,7891,7891,7055,7217,7513,8231,8231,8564,8564,0,0,381,381,607,607,607],"floor_reached":51,"campfire_rested":0,"playtime":2053,"current_hp_per_floor":[90,90,90,90,90,90,90,91,91,91,111,114,114,117,117,65,117,117,117,108,108,116,117,117,101,101,101,109,109,117,117,117,117,117,115,123,123,123,123,123,123,123,123,123,123,123,123,123,123,123],"items_purged":["Defend_R","Writhe"],"gold":607,"score":1331,"play_id":"e72790a5-2666-4ca7-8732-706a06e6ed8a","local_time":"20180508183722","is_prod":false,"is_daily":false,"chose_seed":false,"is_ascension_mode":true,"campfire_upgraded":3,"timestamp":1525775842,"path_taken":["M","M","M","M","M","E","M","E","T","R","M","M","M","E","R","BOSS","M","M","M","$","M","E","R","?","T","R","M","R","M","E","R","BOSS","M","?","$","M","M","E","?","E","T","?","R","E","?","M","R","BOSS"],"build_version":"2018-05-03","seed_source_timestamp":11329660774011,"purchased_purges":2,"victory":true,"master_deck":["Strike_R+1","Strike_R","Strike_R+1","Defend_R+1","Bash","Perfected Strike","Limit Break","Thunderclap","Cleave","Offering+1","Seeing Red+1","Pummel","Battle Trance","Inflame","Flex","Fiend Fire","Sword Boomerang","Flex","Feed","Whirlwind+1","Sword Boomerang","Flex","Fiend Fire","Double Tap","Fiend Fire","Sword Boomerang+1","Limit Break","Limit Break","Offering+1"],"max_hp_per_floor":[90,90,90,90,90,90,90,97,97,97,111,114,114,117,117,117,117,117,117,117,117,117,117,117,117,117,117,117,117,117,117,117,117,117,117,123,123,123,123,123,123,123,123,123,123,123,123,123,123,123],"relics":["Burning Blood","NeowsBlessing","Pear","Shuriken","Peace Pipe","Bottled Flame","Juzu Bracelet","Bag of Preparation","War Paint","Gremlin Horn","Strawberry","Bronze Scales","Mercury Hourglass","Mango","Regal Pillow","Happy Flower","Bag of Marbles","Orichalcum","Mummified Hand","Centennial Puzzle","Black Star","Vajra","Dream Catcher","Blood Vial","Torii","Whetstone","Anchor","Pen Nib","Oddly Smooth Stone","Lantern","Nilry\u0027s Codex","Question Card","Dodecahedron","Calipers","Matryoshka","Molten Egg 2","Self Forming Clay","Bottled Lightning","Kunai","Darkstone Periapt","Sozu","Toxic Egg 2","Meat on the Bone","Letter Opener","Bottled Tornado","Frozen Egg 2","Toolbox","Paper Frog","Pantograph","Old Coin","Girya","Magic Flower","Champion Belt","Ice Cream","Red Skull","Red Mask","Charon\u0027s Ashes","Turnip","Thread and Needle","Gambling Chip"],"card_choices":[{"not_picked":["Sword Boomerang","Clash"],"picked":"Perfected Strike","floor":1},{"not_picked":["Dropkick","Dual Wield"],"picked":"Limit Break","floor":2},{"not_picked":["Uppercut","Warcry"],"picked":"Thunderclap","floor":2},{"not_picked":["Clash","Heavy Blade"],"picked":"Cleave","floor":3},{"not_picked":["Inflame","Armaments"],"picked":"Offering","floor":4},{"not_picked":["Perfected Strike","Disarm"],"picked":"Seeing Red","floor":4},{"not_picked":["Reckless Charge","Dropkick"],"picked":"Pummel","floor":5},{"not_picked":["Bloodletting","Corruption"],"picked":"Battle Trance","floor":5},{"not_picked":["Power Through","Dual Wield"],"picked":"Inflame","floor":5},{"not_picked":["Second Wind","Clothesline"],"picked":"Flex","floor":6},{"not_picked":["Clothesline","Spot Weakness"],"picked":"Fiend Fire","floor":6},{"not_picked":["Heavy Blade","Headbutt"],"picked":"Sword Boomerang","floor":7},{"not_picked":["Searing Blow","Second Wind"],"picked":"Flex","floor":7},{"not_picked":["Disarm","Perfected Strike"],"picked":"Feed","floor":8},{"not_picked":["Dropkick","Power Through"],"picked":"Whirlwind","floor":8},{"not_picked":["Shockwave","Twin Strike"],"picked":"Sword Boomerang","floor":8},{"not_picked":["True Grit","Thunderclap"],"picked":"Flex","floor":11},{"not_picked":["Cleave","Combust"],"picked":"Pummel","floor":13},{"not_picked":["Clash","Carnage"],"picked":"Fiend Fire","floor":14},{"not_picked":["Searing Blow","Thunderclap"],"picked":"Double Tap","floor":14},{"not_picked":["Brutality","Berserk"],"picked":"Fiend Fire","floor":16},{"not_picked":["Rampage","Blood for Blood"],"picked":"Sword Boomerang","floor":18},{"not_picked":["Barricade","Feed","Demon Form"],"picked":"Limit Break","floor":33},{"not_picked":["Offering","Reaper","Dark Embrace"],"picked":"Limit Break","floor":33},{"not_picked":["Fiend Fire","Berserk","Barricade"],"picked":"Offering","floor":33}],"player_experience":26874,"potions_floor_usage":[4,5,6,6,7,7,11,13,13,16,31],"damage_taken":[{"damage":0,"enemies":"Cultist","floor":1,"turns":1},{"damage":0,"enemies":"2 Louse","floor":2,"turns":1},{"damage":0,"enemies":"Small Slimes","floor":3,"turns":1},{"damage":0,"enemies":"2 Fungi Beasts","floor":4,"turns":1},{"damage":4,"enemies":"Looter","floor":5,"turns":1},{"damage":4,"enemies":"Lagavulin","floor":6,"turns":2},{"damage":0,"enemies":"Large Slime","floor":7,"turns":1},{"damage":12,"enemies":"3 Sentries","floor":8,"turns":2},{"damage":0,"enemies":"2 Fungi Beasts","floor":11,"turns":1},{"damage":0,"enemies":"Gremlin Gang","floor":12,"turns":1},{"damage":0,"enemies":"Looter","floor":13,"turns":1},{"damage":4,"enemies":"Lagavulin","floor":14,"turns":2},{"damage":58,"enemies":"Hexaghost","floor":16,"turns":3},{"damage":4,"enemies":"3 Byrds","floor":18,"turns":1},{"damage":0,"enemies":"Chosen","floor":19,"turns":1},{"damage":15,"enemies":"Snake Plant","floor":20,"turns":2},{"damage":0,"enemies":"Snecko","floor":22,"turns":2},{"damage":0,"enemies":"Gremlin Leader","floor":23,"turns":1},{"damage":0,"enemies":"Cultist and Chosen","floor":28,"turns":3},{"damage":0,"enemies":"Snake Plant","floor":30,"turns":2},{"damage":4,"enemies":"Book of Stabbing","floor":31,"turns":1},{"damage":4,"enemies":"Champ","floor":33,"turns":3},{"damage":8,"enemies":"Flame Bruiser 1 Orb","floor":35,"turns":1},{"damage":4,"enemies":"3 Darklings","floor":38,"turns":1},{"damage":4,"enemies":"Sphere and 2 Shapes","floor":39,"turns":1},{"damage":4,"enemies":"Nemesis","floor":40,"turns":1},{"damage":0,"enemies":"2 Orb Walkers","floor":42,"turns":1},{"damage":4,"enemies":"Nemesis","floor":46,"turns":1},{"damage":4,"enemies":"Spire Growth","floor":48,"turns":1},{"damage":8,"enemies":"Time Eater","floor":50,"turns":1}],"event_choices":[{"event_name":"Cursed Tome","player_choice":"Obtained Book","floor":25,"damage_taken":0},{"event_name":"Winding Halls","player_choice":"Writhe","floor":36,"damage_taken":0},{"event_name":"Tomb of Lord Red Mask","player_choice":"Paid","floor":44,"damage_taken":0},{"event_name":"SensoryStone","player_choice":"Memory 1","floor":47,"damage_taken":0}],"boss_relics":[{"not_picked":["Runic Dome","Astrolabe"],"picked":"Black Star"},{"not_picked":["Runic Pyramid","Philosopher\u0027s Stone"],"picked":"Sozu"}],"potions_floor_spawned":[1,2,2,3,3,3,4,4,4,5,6,6,7,7,8,8,11,11,11,12,12,13,13,16,16,18,18,19,19,20,20,22,23,23,28,28,30,30,30,31,31,33,33,35,35,38,39,39,39,40,40,42,42,42,46,48,48,48],"seed_played":"-4035516044820249231","ascension_level":1,"is_trial":false}