{"gold_per_floor":[116,35,35,47,58,58,58,58,58,84,110,122,158,170,182,323,335,362,16,37,51,75,75,75,75,75,75,109,109,109,122,122,251,251,264,264,164,187,206,206,225,225,225,245,264,264,264,264,264,264],"floor_reached":51,"playtime":5207,"items_purged":["Strike_G","Defend_G"],"score":759,"play_id":"09493318-e02c-474f-8144-2dfed32c5088","local_time":"20190705094715","is_ascension_mode":true,"campfire_choices":[{"data":"Venomology","floor":6,"key":"SMITH"},{"data":"Neutralize","floor":8,"key":"SMITH"},{"floor":15,"key":"REST"},{"data":"Footwork","floor":23,"key":"SMITH"},{"data":"Neutralize","floor":27,"key":"SMITH"},{"floor":29,"key":"REST"},{"floor":32,"key":"REST"},{"floor":40,"key":"REST"},{"data":"Catalyst","floor":42,"key":"SMITH"},{"floor":46,"key":"REST"},{"floor":49,"key":"REST"}],"neow_cost":"NONE","seed_source_timestamp":334100633425900,"circlet_count":0,"master_deck":["Strike_G+1","Defend_G+1","Defend_G","Defend_G","Survivor","Neutralize+1","Malaise","Bouncing Flask","Dodge and Roll","Dodge and Roll","Bandage Up","Venomology+1","Cloak And Dagger","Footwork+1","Deadly Poison","Sucker Punch","Malaise","Unload+1","All Out Attack+1","Dash+1","Catalyst+1","Catalyst+1","Neutralize+1","Jack Of All Trades","Escape Plan","Heel Hook+1","Storm of Steel","Blade Dance+1","Dagger Spray","Dodge and Roll+1","PiercingWail+1","Writhe","Expertise+1","Cloak And Dagger+1","Madness+1","Madness+1"],"relics":["Orrery","WarpedTongs","MawBank","Golden Idol","Astrolabe","MealTicket","Kunai","Pear","Nilry\u0027s Codex","Cursed Key","Toxic Egg 2"],"potions_floor_usage":[10,10,13,13,16,16,18,20,20,21,22,28,31,31,33,35,38,38,39,41,44,44,44,50,50,50],"damage_taken":[{"damage":5,"enemies":"Jaw Worm","floor":1,"turns":3},{"damage":0,"enemies":"Small Slimes","floor":4,"turns":4},{"damage":8,"enemies":"Cultist","floor":5,"turns":5},{"damage":34,"enemies":"Gremlin Nob","floor":10,"turns":6},{"damage":9,"enemies":"Looter","floor":11,"turns":4},{"damage":22,"enemies":"Gremlin Gang","floor":13,"turns":5},{"damage":0,"enemies":"The Guardian","floor":16,"turns":10},{"damage":4,"enemies":"Spheric Guardian","floor":18,"turns":6},{"damage":6,"enemies":"3 Byrds","floor":20,"turns":10},{"damage":19,"enemies":"Shelled Parasite and Fungi","floor":21,"turns":7},{"damage":3,"enemies":"Snecko","floor":22,"turns":6},{"damage":30,"enemies":"Gremlin Leader","floor":28,"turns":9},{"damage":15,"enemies":"3 Cultists","floor":31,"turns":7},{"damage":25,"enemies":"Champ","floor":33,"turns":14},{"damage":0,"enemies":"Orb Walker","floor":35,"turns":5},{"damage":22,"enemies":"3 Darklings","floor":38,"turns":5},{"damage":18,"enemies":"4 Shapes","floor":39,"turns":8},{"damage":0,"enemies":"Writhing Mass","floor":41,"turns":6},{"damage":14,"enemies":"Transient","floor":44,"turns":5},{"damage":40,"enemies":"Jaw Worm Horde","floor":45,"turns":5},{"damage":31,"enemies":"Time Eater","floor":50,"turns":17}],"seed_played":"-5302353632046974637","potions_obtained":[{"floor":1,"key":"GhostInAJar"},{"floor":10,"key":"PowerPotion"},{"floor":11,"key":"Swift Potion"},{"floor":13,"key":"EssenceOfSteel"},{"floor":28,"key":"Swift Potion"},{"floor":31,"key":"Explosive Potion"},{"floor":33,"key":"GhostInAJar"},{"floor":38,"key":"FearPotion"},{"floor":45,"key":"Weak Potion"}],"is_trial":false,"path_per_floor":["M","$","?","M","M","R","?","R","T","E","M","?","M","?","R","B",null,"M","$","M","M","M","R","?","$","T","R","E","R","?","M","R","B",null,"M","?","$","M","M","R","M","R","T","M","M","R","?","?","R","B",null],"character_chosen":"THE_SILENT","items_purchased":["Bandage Up","Catalyst","MealTicket"],"campfire_rested":6,"item_purchase_floors":[2,19,19],"current_hp_per_floor":[65,65,51,55,51,51,51,51,51,36,31,31,13,13,32,38,65,65,65,65,46,47,47,47,62,62,62,46,68,52,41,63,42,75,75,75,75,53,41,63,63,63,63,49,9,31,22,22,44,19],"gold":264,"neow_bonus":"BOSS_RELIC","is_prod":false,"is_daily":false,"chose_seed":false,"campfire_upgraded":5,"win_rate":0,"timestamp":1562287635,"path_taken":["M","$","?","M","M","R","?","R","T","E","?","?","M","?","R","BOSS","M","$","?","M","M","R","?","?","T","R","E","R","?","M","R","BOSS","M","?","?","M","M","R","M","R","T","M","?","R","?","?","R","BOSS"],"build_version":"2019-07-01","purchased_purges":2,"victory":true,"max_hp_per_floor":[70,70,70,70,70,70,70,70,70,70,70,65,65,65,65,65,65,65,65,65,65,65,65,65,65,65,65,75,75,75,75,75,75,75,75,75,75,75,75,75,75,75,75,75,75,75,75,75,75,75],"card_choices":[{"not_picked":["Deadly Poison","Dodge and Roll"],"picked":"Malaise","floor":0},{"not_picked":["Outmaneuver","Dodge and Roll"],"picked":"Bouncing Flask","floor":0},{"not_picked":["Blade Dance","Underhanded Strike"],"picked":"Dodge and Roll","floor":0},{"not_picked":["Deflect","Outmaneuver"],"picked":"Dodge and Roll","floor":0},{"not_picked":["Underhanded Strike","Reflex","Prepared"],"picked":"SKIP","floor":1},{"not_picked":["Sucker Punch","Deflect"],"picked":"Venomology","floor":4},{"not_picked":["Deadly Poison","Eviscerate"],"picked":"Cloak And Dagger","floor":5},{"not_picked":["Predator","Backflip"],"picked":"Footwork","floor":10},{"not_picked":["Distraction","Underhanded Strike"],"picked":"Deadly Poison","floor":11},{"not_picked":["Reflex","Poisoned Stab"],"picked":"Sucker Punch","floor":13},{"not_picked":["A Thousand Cuts","Tools of the Trade"],"picked":"Malaise","floor":16},{"not_picked":["Poisoned Stab+1","Endless Agony","Dodge and Roll"],"picked":"SKIP","floor":18},{"not_picked":["Flying Knee","Quick Slash","Infinite Blades"],"picked":"SKIP","floor":20},{"not_picked":["Quick Slash","Outmaneuver+1","Predator"],"picked":"SKIP","floor":21},{"not_picked":["Outmaneuver","Blade Dance"],"picked":"Catalyst+1","floor":22},{"not_picked":["Cloak And Dagger","Dodge and Roll"],"picked":"Escape Plan","floor":28},{"not_picked":["Dagger Throw","Underhanded Strike"],"picked":"Heel Hook+1","floor":31},{"not_picked":["A Thousand Cuts","Wraith Form v2"],"picked":"Storm of Steel","floor":33},{"not_picked":["Bouncing Flask","Reflex+1"],"picked":"Blade Dance+1","floor":35},{"not_picked":["Underhanded Strike","Flying Knee+1"],"picked":"Dodge and Roll+1","floor":38},{"not_picked":["Outmaneuver","Dodge and Roll+1","Heel Hook"],"picked":"SKIP","floor":39},{"not_picked":["Bouncing Flask","Cloak And Dagger+1"],"picked":"PiercingWail+1","floor":41},{"not_picked":["Quick Slash","Poisoned Stab"],"picked":"Expertise+1","floor":44},{"not_picked":["Outmaneuver+1","Finisher"],"picked":"Cloak And Dagger+1","floor":45}],"player_experience":228013,"relics_obtained":[{"floor":10,"key":"MawBank"},{"floor":26,"key":"Kunai"},{"floor":28,"key":"Pear"},{"floor":30,"key":"Nilry\u0027s Codex"},{"floor":43,"key":"Toxic Egg 2"}],"event_choices":[{"damage_healed":0,"gold_gain":0,"player_choice":"Entered Light","damage_taken":14,"max_hp_gain":0,"max_hp_loss":0,"event_name":"Shining Light","floor":3,"gold_loss":0,"cards_upgraded":["Strike_G","Defend_G"]},{"damage_healed":0,"gold_gain":0,"player_choice":"Rummage","damage_taken":0,"relics_obtained":["WarpedTongs"],"max_hp_gain":0,"max_hp_loss":0,"event_name":"Accursed Blacksmith","floor":7,"gold_loss":0,"cards_obtained":["Pain"]},{"damage_healed":0,"gold_gain":0,"player_choice":"Lose Max HP","damage_taken":0,"relics_obtained":["Golden Idol"],"max_hp_gain":0,"max_hp_loss":5,"event_name":"Golden Idol","floor":12,"gold_loss":0},{"cards_removed":["Pain"],"damage_healed":0,"gold_gain":0,"player_choice":"Removed Curses","damage_taken":0,"max_hp_gain":0,"max_hp_loss":0,"event_name":"Fountain of Cleansing","floor":14,"gold_loss":0},{"damage_healed":0,"gold_gain":0,"player_choice":"2 cards matched","damage_taken":0,"max_hp_gain":0,"max_hp_loss":0,"event_name":"Match and Keep!","floor":24,"gold_loss":0,"cards_obtained":["Neutralize","Jack Of All Trades"]},{"damage_healed":0,"gold_gain":0,"player_choice":"Obtained Book","damage_taken":16,"max_hp_gain":0,"max_hp_loss":0,"event_name":"Cursed Tome","floor":30,"gold_loss":0},{"damage_healed":0,"gold_gain":0,"cards_transformed":["Defend_G"],"player_choice":"Transformed","damage_taken":0,"max_hp_gain":0,"max_hp_loss":0,"event_name":"Transmorgrifier","floor":36,"gold_loss":0,"cards_obtained":["Dagger Spray"]},{"damage_healed":0,"gold_gain":0,"player_choice":"Embrace Madness","damage_taken":9,"max_hp_gain":0,"max_hp_loss":0,"event_name":"Winding Halls","floor":47,"gold_loss":0,"cards_obtained":["Madness","Madness"]},{"damage_healed":0,"gold_gain":0,"player_choice":"Ignored","damage_taken":0,"max_hp_gain":0,"max_hp_loss":0,"event_name":"Tomb of Lord Red Mask","floor":48,"gold_loss":0}],"is_beta":false,"boss_relics":[{"not_picked":["Velvet Choker","White Beast Statue"],"picked":"Astrolabe"},{"not_picked":["Fusion Hammer","WristBlade"],"picked":"Cursed Key"}],"items_purged_floors":[19,37],"is_endless":false,"potions_floor_spawned":[1,10,11,13,28,31,33,35,38,45],"ascension_level":2}