{"gold_per_floor":[14,30,48,48,48,79,79,79,79,99,99,119,119,134,134,234,234,252,269,269,285,299,299,299,299,323,323,342,0,0,12,12,109,109,119,119,219,234,184,184,215,215,240,240,253,253,266,63,63,63],"floor_reached":51,"playtime":3510,"items_purged":["Writhe","Bite"],"score":891,"play_id":"dcef11ef-22dc-4a93-bd99-68e340e57b4e","local_time":"20190810021422","is_ascension_mode":true,"campfire_choices":[{"data":"Dualcast","floor":8,"key":"SMITH"},{"data":"Zap","floor":11,"key":"SMITH"},{"data":"Zap","floor":13,"key":"SMITH"},{"floor":15,"key":"REST"},{"data":"Seek","floor":23,"key":"SMITH"},{"data":"Glacier","floor":32,"key":"SMITH"},{"data":"Hologram","floor":40,"key":"SMITH"},{"floor":42,"key":"DIG"},{"floor":46,"key":"DIG"},{"floor":49,"key":"REST"}],"neow_cost":"NO_GOLD","seed_source_timestamp":605138327712800,"circlet_count":0,"master_deck":["Defend_B","Defend_B","Defend_B","Defend_B","Zap+1","Dualcast+1","Conserve Battery","Cold Snap","Loop","Cold Snap","Zap+1","Deep Breath","Melter","Reprogram","Seek+1","Lockon+1","Streamline","Double Energy","Undo","Bite","Bite","Bite","Bite","Glacier+1","Reboot","Defragment+1","Creative AI+1","Heatsinks+1","Conserve Battery+1","Hologram+1","Heatsinks+1","Redo+1","Capacitor+1","FTL"],"relics":["Cracked Core","Letter Opener","Shuriken","Kunai","Sozu","Frozen Egg 2","Potion Belt","OrangePellets","Philosopher\u0027s Stone","Shovel","Pantograph","Darkstone Periapt","Boot","Bottled Flame"],"potions_floor_usage":[6,16,24],"damage_taken":[{"damage":2,"enemies":"Jaw Worm","floor":1,"turns":4},{"damage":0,"enemies":"Cultist","floor":2,"turns":3},{"damage":1,"enemies":"Small Slimes","floor":3,"turns":3},{"damage":24,"enemies":"Lagavulin","floor":6,"turns":7},{"damage":0,"enemies":"Blue Slaver","floor":10,"turns":3},{"damage":7,"enemies":"Looter","floor":12,"turns":3},{"damage":9,"enemies":"Large Slime","floor":14,"turns":4},{"damage":15,"enemies":"The Guardian","floor":16,"turns":11},{"damage":2,"enemies":"Shell Parasite","floor":18,"turns":4},{"damage":0,"enemies":"Chosen","floor":19,"turns":4},{"damage":30,"enemies":"Snecko","floor":21,"turns":5},{"damage":1,"enemies":"Sentry and Sphere","floor":22,"turns":4},{"damage":0,"enemies":"Slavers","floor":24,"turns":1},{"damage":7,"enemies":"Centurion and Healer","floor":28,"turns":7},{"damage":29,"enemies":"Chosen and Byrds","floor":31,"turns":7},{"damage":48,"enemies":"Automaton","floor":33,"turns":14},{"damage":0,"enemies":"3 Shapes","floor":35,"turns":5},{"damage":0,"enemies":"Mind Bloom Boss Battle","floor":37,"turns":6},{"damage":7,"enemies":"Orb Walker","floor":38,"turns":3},{"damage":4,"enemies":"Reptomancer","floor":41,"turns":9},{"damage":20,"enemies":"Sphere and 2 Shapes","floor":45,"turns":6},{"damage":14,"enemies":"3 Darklings","floor":47,"turns":5},{"damage":43,"enemies":"Donu and Deca","floor":50,"turns":11}],"seed_played":"3471184866065605758","potions_obtained":[{"floor":3,"key":"EssenceOfSteel"},{"floor":10,"key":"Poison Potion"},{"floor":14,"key":"SmokeBomb"}],"is_trial":false,"path_per_floor":["M","M","M","?","$","E","?","R","T","M","R","M","R","M","R","B",null,"M","M","?","M","M","R","E","?","T","?","M","$","?","M","R","B",null,"M","?","?","M","$","R","E","R","T","?","M","R","M","$","R","B",null],"character_chosen":"DEFECT","items_purchased":["OrangePellets","Reboot","Hologram","Capacitor+1","FTL"],"campfire_rested":2,"item_purchase_floors":[29,29,39,48,48],"current_hp_per_floor":[66,66,65,62,62,38,38,38,38,38,38,38,38,36,58,50,69,74,75,75,52,58,58,58,52,52,52,52,52,52,38,38,15,43,52,52,52,45,45,45,52,52,52,52,36,36,34,34,49,21],"gold":63,"neow_bonus":"REMOVE_TWO","is_prod":false,"is_daily":false,"chose_seed":false,"campfire_upgraded":6,"win_rate":0,"timestamp":1565370862,"path_taken":["M","M","M","?","$","E","?","R","T","M","R","?","R","M","R","BOSS","M","M","?","M","M","R","E","?","T","?","M","$","?","?","R","BOSS","M","?","?","M","$","R","E","R","T","?","M","R","?","$","R","BOSS"],"build_version":"2019-07-17","purchased_purges":2,"victory":true,"max_hp_per_floor":[75,75,75,75,75,75,75,75,75,75,75,75,75,75,75,75,75,75,75,75,75,75,75,75,52,52,52,52,52,52,52,52,52,52,52,52,52,52,52,52,52,52,52,52,52,52,52,52,52,52],"card_choices":[{"not_picked":["Stack","Compile Driver"],"picked":"Conserve Battery","floor":1},{"not_picked":["Go for the Eyes","Steam"],"picked":"Cold Snap","floor":2},{"not_picked":["Reprogram","Redo"],"picked":"Loop","floor":3},{"not_picked":["Steam","Sweeping Beam"],"picked":"Cold Snap","floor":6},{"not_picked":["Steam Power","Loop"],"picked":"Self Repair","floor":10},{"not_picked":["Auto Shields","Steam"],"picked":"Melter","floor":12},{"not_picked":["Static Discharge","Conserve Battery"],"picked":"Reprogram","floor":14},{"not_picked":["Amplify","Meteor Strike"],"picked":"Seek","floor":16},{"not_picked":["Stack","Reprogram"],"picked":"Lockon+1","floor":18},{"not_picked":["Sweeping Beam","Go for the Eyes"],"picked":"Streamline","floor":19},{"not_picked":["Static Discharge+1","Sweeping Beam"],"picked":"Double Energy","floor":21},{"not_picked":["Steam+1","Barrage"],"picked":"Undo","floor":22},{"not_picked":["Tempest","Steam","Steam Power"],"picked":"SKIP","floor":28},{"not_picked":["Conserve Battery","Undo"],"picked":"Defragment+1","floor":31},{"not_picked":["Fission","Rainbow"],"picked":"Creative AI+1","floor":33},{"not_picked":["Rip and Tear","Skim+1"],"picked":"Heatsinks+1","floor":35},{"not_picked":["Aggregate+1","BootSequence"],"picked":"Conserve Battery+1","floor":37},{"not_picked":["Melter+1","Compile Driver+1","Steam"],"picked":"SKIP","floor":38},{"not_picked":["Compile Driver+1","Reboot"],"picked":"Heatsinks+1","floor":41},{"not_picked":["Beam Cell","Genetic Algorithm+1","Barrage"],"picked":"SKIP","floor":45},{"not_picked":["Ball Lightning+1","Steam"],"picked":"Redo+1","floor":47}],"player_experience":656076,"relics_obtained":[{"floor":6,"key":"Shuriken"},{"floor":9,"key":"Kunai"},{"floor":26,"key":"Potion Belt"},{"floor":37,"key":"Shovel"},{"floor":41,"key":"Pantograph"},{"floor":42,"key":"Darkstone Periapt"},{"floor":43,"key":"Boot"},{"floor":46,"key":"Bottled Flame"}],"event_choices":[{"damage_healed":0,"gold_gain":0,"player_choice":"Success","damage_taken":3,"relics_obtained":["Letter Opener"],"max_hp_gain":0,"max_hp_loss":0,"event_name":"Scrap Ooze","floor":4,"gold_loss":0},{"damage_healed":0,"gold_gain":0,"player_choice":"2 cards matched","damage_taken":0,"max_hp_gain":0,"max_hp_loss":0,"event_name":"Match and Keep!","floor":7,"gold_loss":0,"cards_obtained":["Zap","Deep Breath"]},{"damage_healed":0,"gold_gain":0,"player_choice":"2 cards matched","damage_taken":0,"max_hp_gain":0,"max_hp_loss":0,"event_name":"Match and Keep!","floor":7,"gold_loss":0,"cards_obtained":["Zap","Deep Breath"]},{"damage_healed":0,"gold_gain":0,"player_choice":"Opened","damage_taken":0,"relics_obtained":["Frozen Egg 2"],"max_hp_gain":0,"max_hp_loss":0,"event_name":"The Mausoleum","floor":20,"gold_loss":0,"cards_obtained":["Writhe"]},{"damage_healed":0,"gold_gain":0,"player_choice":"Became a vampire","damage_taken":0,"max_hp_gain":0,"max_hp_loss":23,"event_name":"Vampires","floor":25,"gold_loss":0,"cards_obtained":["Bite","Bite","Bite","Bite","Bite"]},{"damage_healed":0,"gold_gain":0,"player_choice":"Read","damage_taken":0,"max_hp_gain":0,"max_hp_loss":0,"event_name":"The Library","floor":27,"gold_loss":0,"cards_obtained":["Glacier"]},{"cards_removed":["Self Repair"],"damage_healed":0,"gold_gain":0,"player_choice":"Removed Power","damage_taken":0,"max_hp_gain":0,"max_hp_loss":0,"event_name":"Falling","floor":36,"gold_loss":0},{"damage_healed":0,"gold_gain":0,"player_choice":"Fight","damage_taken":0,"max_hp_gain":0,"max_hp_loss":0,"event_name":"MindBloom","floor":37,"gold_loss":0},{"damage_healed":0,"gold_gain":0,"player_choice":"Got Potions","damage_taken":0,"max_hp_gain":0,"max_hp_loss":0,"event_name":"Lab","floor":44,"gold_loss":0}],"is_beta":false,"boss_relics":[{"not_picked":["Lizard Tail","Coffee Dripper"],"picked":"Sozu"},{"not_picked":["Calling Bell","Pandora\u0027s Box"],"picked":"Philosopher\u0027s Stone"}],"items_purged_floors":[29,48],"is_endless":false,"potions_floor_spawned":[3,10,14,19,21,24,33,37,41,45],"ascension_level":6}