{"gold_per_floor":[15,31,43,62,62,62,89,89,89,123,139,25,41,15,15,92,92,112,126,27,39,50,50,50,50,77,91,91],"floor_reached":28,"playtime":1067,"items_purged":["Strike_B"],"score":464,"play_id":"98ef9a7c-0c75-4ff6-9caa-138c9b12bcb5","local_time":"20190824112238","is_ascension_mode":true,"campfire_choices":[{"data":"Streamline","floor":6,"key":"SMITH"},{"floor":8,"key":"REST"},{"floor":15,"key":"REST"},{"floor":23,"key":"REST"},{"floor":25,"key":"REST"}],"neow_cost":"NO_GOLD","seed_source_timestamp":276340583667200,"circlet_count":0,"master_deck":["AscendersBane","Strike_B","Strike_B","Defend_B","Defend_B","Defend_B","Defend_B","Zap","Dualcast","Echo Form","Streamline+1","BootSequence","Melter","Darkness","Rebound","Core Surge","Streamline","Rip and Tear","Double Energy","Streamline","Electrodynamics","Glacier","Go for the Eyes+1","Sunder","Hologram","Rebound","Leap+1","White Noise"],"relics":["Cracked Core","Boot","Question Card","Meat on the Bone","Sozu","Potion Belt"],"potions_floor_usage":[7,10,11,16,16],"damage_taken":[{"damage":12,"enemies":"Small Slimes","floor":1,"turns":4},{"damage":1,"enemies":"Cultist","floor":2,"turns":3},{"damage":0,"enemies":"2 Louse","floor":3,"turns":1},{"damage":4,"enemies":"Red Slaver","floor":4,"turns":3},{"damage":15,"enemies":"Lagavulin","floor":7,"turns":5},{"damage":36,"enemies":"Gremlin Nob","floor":10,"turns":4},{"damage":8,"enemies":"Lots of Slimes","floor":11,"turns":3},{"damage":0,"enemies":"2 Fungi Beasts","floor":13,"turns":3},{"damage":34,"enemies":"Slime Boss","floor":16,"turns":7},{"damage":0,"enemies":"Spheric Guardian","floor":18,"turns":2},{"damage":6,"enemies":"3 Byrds","floor":19,"turns":5},{"damage":8,"enemies":"Centurion and Healer","floor":21,"turns":6},{"damage":33,"enemies":"Shelled Parasite and Fungi","floor":22,"turns":4},{"damage":30,"enemies":"Snake Plant","floor":27,"turns":4},{"damage":40,"enemies":"Book of Stabbing","floor":28,"turns":4}],"seed_played":"2392834964212465938","potions_obtained":[{"floor":3,"key":"Weak Potion"},{"floor":4,"key":"PowerPotion"},{"floor":7,"key":"SteroidPotion"},{"floor":10,"key":"SkillPotion"},{"floor":13,"key":"Strength Potion"}],"is_trial":false,"path_per_floor":["M","M","M","M","?","R","E","R","T","E","M","$","M","$","R","B",null,"M","M","$","M","M","R","?","R","T","M","E"],"character_chosen":"DEFECT","items_purchased":["Rip and Tear","Streamline","Sunder","Hologram"],"campfire_rested":4,"item_purchase_floors":[12,14,20,20],"current_hp_per_floor":[52,51,51,47,47,47,32,53,53,17,21,21,33,33,54,32,61,61,55,55,47,26,47,47,68,68,38,0],"gold":91,"neow_bonus":"THREE_RARE_CARDS","is_prod":false,"is_daily":false,"chose_seed":false,"campfire_upgraded":1,"win_rate":0,"timestamp":1566613358,"path_taken":["M","M","M","M","?","R","E","R","T","E","M","$","M","?","R","BOSS","M","M","$","M","M","R","?","R","T","?","E"],"build_version":"2019-07-17","purchased_purges":1,"victory":false,"max_hp_per_floor":[71,71,71,71,71,71,71,71,71,71,71,71,71,71,71,71,71,71,71,71,71,71,71,71,71,71,71,71],"card_choices":[{"not_picked":["Multi-Cast","Buffer"],"picked":"Echo Form","floor":0},{"not_picked":["Beam Cell","BootSequence"],"picked":"Streamline","floor":1},{"not_picked":["Rebound","Go for the Eyes"],"picked":"BootSequence","floor":2},{"not_picked":["Sweeping Beam","Consume"],"picked":"Melter","floor":3},{"not_picked":["Consume","Turbo"],"picked":"Darkness","floor":4},{"not_picked":["Sweeping Beam","Stack"],"picked":"Rebound","floor":7},{"not_picked":["Compile Driver","Hologram","Defragment"],"picked":"Core Surge","floor":10},{"not_picked":["Reprogram","Gash","Compile Driver"],"picked":"Streamline","floor":11},{"not_picked":["Doom and Gloom","Steam","Turbo"],"picked":"Double Energy","floor":13},{"not_picked":["Multi-Cast","Meteor Strike","All For One"],"picked":"Electrodynamics","floor":16},{"not_picked":["Static Discharge","Turbo","Hello World"],"picked":"Glacier","floor":18},{"not_picked":["Melter","BootSequence","Blizzard+1"],"picked":"Go for the Eyes+1","floor":19},{"not_picked":["Beam Cell","Stack","Cold Snap+1"],"picked":"Rebound","floor":21},{"not_picked":["Streamline","Skim","Rebound"],"picked":"Leap+1","floor":22},{"not_picked":["Gash","Barrage","Steam"],"picked":"White Noise","floor":27}],"player_experience":807085,"relics_obtained":[{"floor":7,"key":"Boot"},{"floor":9,"key":"Question Card"},{"floor":10,"key":"Meat on the Bone"},{"floor":26,"key":"Potion Belt"}],"event_choices":[{"damage_healed":0,"gold_gain":0,"player_choice":"Got Potions","damage_taken":0,"max_hp_gain":0,"max_hp_loss":0,"event_name":"Lab","floor":5,"gold_loss":0},{"cards_removed":["Strike_B"],"damage_healed":0,"gold_gain":0,"player_choice":"Purged","damage_taken":0,"max_hp_gain":0,"max_hp_loss":0,"event_name":"Purifier","floor":24,"gold_loss":0}],"is_beta":false,"boss_relics":[{"not_picked":["Lizard Tail","Empty Cage"],"picked":"Sozu"}],"items_purged_floors":[12],"is_endless":false,"potions_floor_spawned":[3,4,7,10,13,18,22,27],"killed_by":"Book of Stabbing","ascension_level":20}