{"path_per_floor":["M","$","?","M","M","E","M","R","T","E","$","E","M","M","R","B",null,"M","?","$","M","$","E","M","$","T","E","$","M","M","M","R","B",null,"M","$","?","M","M","E","R","$","T","R","E","M","R","E","R","B"],"character_chosen":"IRONCLAD","items_purchased":["Membership Card","Darkstone Periapt","Dodecahedron","Matryoshka","Toxic Egg 2","Oddly Smooth Stone","Vajra","Regal Pillow","Frozen Egg 2","Red Skull","Unceasing Top","Girya","Offering","Bottled Tornado","Battle Trance","Pear","Toolbox","Shuriken","Gambling Chip","Juzu Bracelet","Dramatic Entrance","Charon\u0027s Ashes","Question Card"],"gold_per_floor":[115,40,40,59,70,571,590,590,590,977,314,680,700,710,710,2164,2164,2178,2178,1574,1587,1030,1456,1472,466,511,983,348,368,381,401,401,1945,1945,1965,1182,1182,1194,1204,1686,1686,1062,1107,1107,1486,1504,1504,1920,1920,1920],"floor_reached":51,"campfire_rested":3,"playtime":2505,"current_hp_per_floor":[80,80,73,67,67,48,40,64,64,58,58,55,55,55,79,31,80,77,77,77,74,74,71,61,61,61,46,56,54,51,57,102,97,109,109,109,95,105,113,87,87,87,87,87,93,113,113,105,105,86],"items_purged":["Defend_R","Strike_R","Strike_R","Strike_R","Strike_R","Defend_R","Infernal Blade"],"gold":1920,"score":1022,"play_id":"ff1ed3fe-ef98-45ca-bc55-eb6e21f9b8a5","local_time":"20180506125516","is_prod":false,"is_daily":false,"chose_seed":false,"is_ascension_mode":false,"campfire_upgraded":1,"timestamp":1525582516,"path_taken":["M","$","?","M","M","E","M","R","T","E","?","E","?","M","R","BOSS","M","?","$","M","$","E","M","$","T","E","$","?","M","M","R","BOSS","M","$","?","M","M","E","R","$","T","R","E","M","R","E","R","BOSS"],"build_version":"2018-05-03","seed_source_timestamp":2050272116751,"purchased_purges":7,"victory":true,"master_deck":["Defend_R+1","Defend_R+1","Bash+1","Flex","Twin Strike+1","Demon Form+1","Fiend Fire+1","Flex","Twin Strike+1","Ghostly Armor","Battle Trance","Cleave+1","Shockwave","Sword Boomerang+1","Feed+1","Barricade","Impervious","Feed+1","Inflame+1","Fiend Fire+1","Flex+1","Offering+1","Battle Trance+1","Reaper+1","Reaper+1","Offering+1","Offering+1","Dramatic Entrance+1","Madness+1","Madness+1","Cleave+1","Pummel+1","Fiend Fire+1"],"max_hp_per_floor":[80,80,80,80,80,80,80,80,80,80,80,80,80,80,80,80,80,84,84,84,84,84,84,84,84,84,88,98,98,98,102,102,109,109,109,109,109,109,113,113,113,113,113,113,113,113,113,113,113,113],"relics":["Velvet Choker","Kunai","Molten Egg 2","Mercury Hourglass","War Paint","Bronze Scales","Membership Card","Darkstone Periapt","Dodecahedron","Dream Catcher","Happy Flower","Mummified Hand","Bottled Lightning","Bottled Flame","Mark of Pain","Matryoshka","Toxic Egg 2","Oddly Smooth Stone","Vajra","Regal Pillow","Frozen Egg 2","Ancient Tea Set","Lantern","Red Skull","Unceasing Top","Girya","Orichalcum","Blood Vial","Pantograph","Self Forming Clay","Bottled Tornado","Pear","Toolbox","Whetstone","Strawberry","Anchor","Sozu","Shuriken","Gambling Chip","Juzu Bracelet","Bag of Preparation","Bag of Marbles","Charon\u0027s Ashes","Question Card","Letter Opener","Centennial Puzzle","Bird Faced Urn","Magic Flower","Meat on the Bone","Sundial"],"card_choices":[{"not_picked":["Pummel","Armaments"],"picked":"Flex","floor":1},{"not_picked":["Shockwave","Shrug It Off"],"picked":"Twin Strike","floor":5},{"not_picked":["Pommel Strike","True Grit"],"picked":"Demon Form","floor":6},{"not_picked":["Cleave","Dual Wield"],"picked":"Fiend Fire","floor":6},{"not_picked":["Disarm","Warcry"],"picked":"Infernal Blade","floor":6},{"not_picked":["Clash","Headbutt"],"picked":"Flex","floor":6},{"not_picked":["Body Slam","Blood for Blood"],"picked":"Twin Strike","floor":10},{"not_picked":["Seeing Red","Entrench"],"picked":"Ghostly Armor","floor":10},{"not_picked":["Fiend Fire","Shrug It Off"],"picked":"Battle Trance","floor":10},{"not_picked":["Headbutt","Shockwave"],"picked":"Cleave","floor":12},{"not_picked":["Perfected Strike","Warcry"],"picked":"Shockwave","floor":12},{"not_picked":["Dark Embrace","Rupture"],"picked":"Sword Boomerang","floor":12},{"not_picked":["Impervious","Double Tap"],"picked":"Feed","floor":16},{"not_picked":["Impervious","Bludgeon"],"picked":"Barricade","floor":16},{"not_picked":["Juggernaut","Double Tap"],"picked":"Impervious","floor":16},{"not_picked":["Fiend Fire","Brutality"],"picked":"Feed","floor":16},{"not_picked":["Headbutt","Cleave"],"picked":"Inflame","floor":21},{"not_picked":["Headbutt","Body Slam"],"picked":"Fiend Fire","floor":23},{"not_picked":["Twin Strike","Dark Embrace"],"picked":"Flex","floor":23},{"not_picked":["Brutality","Offering"],"picked":"Reaper","floor":33},{"not_picked":["Impervious","Berserk"],"picked":"Reaper","floor":33},{"not_picked":["Feed","Barricade"],"picked":"Offering","floor":33},{"not_picked":["Reaper","Barricade"],"picked":"Offering","floor":33},{"not_picked":["True Grit","Perfected Strike"],"picked":"Cleave","floor":38},{"not_picked":["Pommel Strike","Anger"],"picked":"Pummel","floor":40},{"not_picked":["Impervious","Cleave"],"picked":"Fiend Fire","floor":40}],"player_experience":10987,"potions_floor_usage":[12,12,14,14,18,23,27,27,50,50,50],"damage_taken":[{"damage":0,"enemies":"Small Slimes","floor":1,"turns":3},{"damage":6,"enemies":"Jaw Worm","floor":4,"turns":2},{"damage":0,"enemies":"Cultist","floor":5,"turns":2},{"damage":19,"enemies":"3 Sentries","floor":6,"turns":8},{"damage":8,"enemies":"Looter","floor":7,"turns":3},{"damage":6,"enemies":"Gremlin Nob","floor":10,"turns":3},{"damage":13,"enemies":"Lagavulin","floor":12,"turns":3},{"damage":0,"enemies":"Exordium Thugs","floor":13,"turns":2},{"damage":0,"enemies":"Gremlin Gang","floor":14,"turns":1},{"damage":48,"enemies":"Hexaghost","floor":16,"turns":6},{"damage":7,"enemies":"2 Thieves","floor":18,"turns":3},{"damage":3,"enemies":"Spheric Guardian","floor":21,"turns":2},{"damage":3,"enemies":"Slavers","floor":23,"turns":2},{"damage":10,"enemies":"Snake Plant","floor":24,"turns":2},{"damage":21,"enemies":"Gremlin Leader","floor":27,"turns":3},{"damage":4,"enemies":"Cultist and Chosen","floor":29,"turns":3},{"damage":5,"enemies":"Centurion and Healer","floor":30,"turns":2},{"damage":0,"enemies":"Chosen and Byrds","floor":31,"turns":2},{"damage":12,"enemies":"Automaton","floor":33,"turns":4},{"damage":0,"enemies":"Orb Walker","floor":35,"turns":1},{"damage":8,"enemies":"3 Darklings","floor":38,"turns":3},{"damage":0,"enemies":"Flame Bruiser 2 Orb","floor":39,"turns":2},{"damage":26,"enemies":"2 Orb Walkers","floor":40,"turns":3},{"damage":0,"enemies":"Nemesis","floor":45,"turns":1},{"damage":0,"enemies":"4 Shapes","floor":46,"turns":1},{"damage":8,"enemies":"Giant Head","floor":48,"turns":3},{"damage":27,"enemies":"Awakened One","floor":50,"turns":4}],"event_choices":[{"event_name":"Golden Wing","player_choice":"Card Removal","floor":3,"damage_taken":0},{"event_name":"The Woman in Blue","player_choice":"Bought 0 Potions","floor":19,"damage_taken":0},{"event_name":"Winding Halls","player_choice":"Embrace Madness","floor":37,"damage_taken":0}],"boss_relics":[{"not_picked":["Lizard Tail","Ectoplasm"],"picked":"Mark of Pain"},{"not_picked":["Runic Cube","Philosopher\u0027s Stone"],"picked":"Sozu"}],"potions_floor_spawned":[1,6,6,10,10,10,12,12,12,16,21,23,23,24,27,30,31,33,33,38,40,40,40,45,45,45,48],"seed_played":"9019918821441071286","ascension_level":0,"is_trial":false}