{"gold_per_floor":[114,129,129,304,54,54,84,99,99,99,114,114,114,129,129,229,229,244,244,244,259,274,304,319,319,374,389,389,789,804,819,819,919,919,934,949,949,964,153,153,183,183,183,198,213,228,243,273,273,273],"floor_reached":51,"playtime":5669,"items_purged":["Pain"],"score":933,"play_id":"ce64f28b-3e8e-4f9e-9088-972ac3dee96f","local_time":"20181110012235","daily_mods":["Shiny","Red Cards","Binary"],"is_ascension_mode":false,"campfire_choices":[{"floor":6,"key":"REST"},{"data":"Dark Embrace","floor":10,"key":"SMITH"},{"floor":13,"key":"REST"},{"data":"Concentrate","floor":15,"key":"SMITH"},{"data":"Bullet Time","floor":25,"key":"SMITH"},{"floor":32,"key":"REST"},{"data":"Adrenaline","floor":40,"key":"SMITH"},{"data":"After Image","floor":42,"key":"SMITH"},{"floor":49,"key":"DIG"}],"neow_cost":"","seed_source_timestamp":0,"circlet_count":0,"master_deck":["Double Tap","Demon Form","Bludgeon","Feed+1","Limit Break","Fiend Fire","Dark Embrace+1","Berserk","Impervious","Juggernaut","Brutality","Reaper","Exhume","Offering","Immolate","Venomology","Corpse Explosion","Malaise","Phantasmal Killer","Die Die Die+1","Adrenaline+1","Envenom","Doppelganger+1","Burst","Wraith Form v2","Tools of the Trade","Night Terror","Unload","After Image","Bullet Time+1","Storm of Steel","Glass Knife","A Thousand Cuts","Grand Finale+1","Shrug It Off","Feel No Pain","Ghostly Armor","Wild Strike","Bloodletting","Concentrate+1","Immolate","Twin Strike","RitualDagger","Warcry","Heavy Blade+1","Deflect+1","Rupture","Decay","Blade Dance","Headbutt+1","Pommel Strike","After Image+1","Pummel","Cloak And Dagger+1","Adrenaline","Flex","Dark Embrace+1","PiercingWail","Metallicize","Footwork","Parasite","Entrench","Iron Wave","Sentinel+1","Pommel Strike+1","Endless Agony+1"],"special_seed":17844,"relics":["Ring of the Snake","Sling","Pear","Mummified Hand","Cursed Key","Bottled Lightning","Tiny Chest","Bag of Preparation","Old Coin","Ninja Scroll","Lizard Tail","DollysMirror","Anchor","Centennial Puzzle","Tingsha","Shovel","Whetstone","Snake Skull"],"potions_floor_usage":[2,7,7,14,16,16,16,18,21,27,27,29,29,30,31,33,33,33,36,41,44,46,46,46,47,48,50,50],"damage_taken":[{"damage":13,"enemies":"2 Louse","floor":1,"turns":4},{"damage":6,"enemies":"Small Slimes","floor":2,"turns":1},{"damage":16,"enemies":"Gremlin Nob","floor":7,"turns":3},{"damage":0,"enemies":"Cultist","floor":8,"turns":2},{"damage":10,"enemies":"Looter","floor":11,"turns":2},{"damage":0,"enemies":"2 Fungi Beasts","floor":14,"turns":2},{"damage":18,"enemies":"Hexaghost","floor":16,"turns":7},{"damage":6,"enemies":"3 Byrds","floor":18,"turns":2},{"damage":3,"enemies":"Shell Parasite","floor":21,"turns":5},{"damage":6,"enemies":"Shelled Parasite and Fungi","floor":22,"turns":3},{"damage":5,"enemies":"Book of Stabbing","floor":23,"turns":5},{"damage":0,"enemies":"Centurion and Healer","floor":24,"turns":2},{"damage":0,"enemies":"Snecko","floor":27,"turns":3},{"damage":10,"enemies":"Colosseum Slavers","floor":29,"turns":2},{"damage":29,"enemies":"Colosseum Nobs","floor":29,"turns":3},{"damage":14,"enemies":"3 Cultists","floor":30,"turns":4},{"damage":7,"enemies":"Centurion and Healer","floor":31,"turns":4},{"damage":21,"enemies":"Automaton","floor":33,"turns":4},{"damage":22,"enemies":"3 Shapes","floor":35,"turns":2},{"damage":0,"enemies":"Orb Walker","floor":36,"turns":3},{"damage":6,"enemies":"Jaw Worm Horde","floor":38,"turns":2},{"damage":4,"enemies":"Giant Head","floor":41,"turns":5},{"damage":7,"enemies":"3 Darklings","floor":44,"turns":3},{"damage":0,"enemies":"Sphere and 2 Shapes","floor":45,"turns":2},{"damage":2,"enemies":"Maw","floor":46,"turns":5},{"damage":17,"enemies":"Writhing Mass","floor":47,"turns":3},{"damage":11,"enemies":"Reptomancer","floor":48,"turns":4},{"damage":13,"enemies":"Donu and Deca","floor":50,"turns":4}],"seed_played":"-5248013741423723196","potions_obtained":[{"floor":7,"key":"Swift Potion"},{"floor":8,"key":"SkillPotion"},{"floor":16,"key":"Explosive Potion"},{"floor":18,"key":"Strength Potion"},{"floor":22,"key":"EssenceOfSteel"},{"floor":23,"key":"Swift Potion"},{"floor":30,"key":"Poison Potion"},{"floor":35,"key":"Block Potion"},{"floor":36,"key":"Dexterity Potion"},{"floor":45,"key":"Swift Potion"},{"floor":48,"key":"Weak Potion"}],"is_trial":false,"path_per_floor":["M","M","?","?","$","R","E","M","T","R","M","?","R","M","R","B",null,"M","?","?","M","M","E","M","R","T","M","T","?","M","M","R","B",null,"M","M","?","M","$","R","E","R","T","M","M","M","M","E","R","B",null],"character_chosen":"THE_SILENT","items_purchased":["Sling","FearPotion","DollysMirror","Anchor","Centennial Puzzle","Regen Potion","GamblersBrew","PiercingWail","Metallicize"],"campfire_rested":3,"item_purchase_floors":[5,5,39,39,39,39,39,39,39],"current_hp_per_floor":[57,54,39,39,39,60,54,54,54,54,44,44,68,68,68,50,83,77,71,71,76,74,69,69,69,69,69,69,30,16,9,35,14,87,65,65,65,59,59,59,74,74,74,67,67,75,58,65,65,60],"gold":273,"neow_bonus":"","is_prod":false,"is_daily":true,"chose_seed":false,"campfire_upgraded":5,"win_rate":0,"timestamp":1541780555,"path_taken":["M","M","?","?","$","R","E","M","T","R","M","?","R","?","R","BOSS","M","?","?","M","M","E","M","R","T","M","?","?","M","?","R","BOSS","M","?","?","M","$","R","E","R","T","M","?","M","M","E","R","BOSS"],"build_version":"2018-11-01","purchased_purges":1,"victory":true,"max_hp_per_floor":[70,73,73,73,73,73,83,83,83,83,83,83,83,83,83,83,83,83,83,83,83,87,87,87,87,87,87,87,87,87,87,87,87,87,87,87,87,87,87,87,87,87,87,87,87,87,87,87,87,87],"card_choices":[{"not_picked":["Anger"],"picked":"Shrug It Off","floor":1},{"not_picked":["Clothesline"],"picked":"Feel No Pain","floor":2},{"not_picked":["Feel No Pain"],"picked":"Ghostly Armor","floor":7},{"not_picked":["Clothesline"],"picked":"Wild Strike","floor":8},{"not_picked":["Slice"],"picked":"Bloodletting","floor":11},{"not_picked":["Flex"],"picked":"Concentrate","floor":14},{"not_picked":["Feed"],"picked":"Immolate","floor":16},{"not_picked":["Body Slam"],"picked":"Twin Strike","floor":18},{"not_picked":["Thunderclap"],"picked":"Warcry","floor":21},{"not_picked":["Deflect"],"picked":"Heavy Blade+1","floor":22},{"not_picked":["Eviscerate"],"picked":"Deflect+1","floor":23},{"not_picked":["Backstab+1"],"picked":"Rupture","floor":24},{"not_picked":["Dagger Throw+1"],"picked":"Blade Dance","floor":27},{"not_picked":["Dagger Spray"],"picked":"Headbutt+1","floor":29},{"not_picked":["Twin Strike+1"],"picked":"Pommel Strike","floor":30},{"not_picked":["Cleave","Dropkick"],"picked":"SKIP","floor":31},{"not_picked":["A Thousand Cuts"],"picked":"After Image","floor":33},{"not_picked":["Clothesline+1"],"picked":"Pummel","floor":35},{"not_picked":["All Out Attack"],"picked":"Cloak And Dagger+1","floor":36},{"not_picked":["Bane+1"],"picked":"Flex","floor":38},{"not_picked":["Havoc"],"picked":"Footwork","floor":41},{"not_picked":["Perfected Strike"],"picked":"Entrench","floor":44},{"not_picked":["Sucker Punch"],"picked":"Iron Wave","floor":45},{"not_picked":["Backflip+1"],"picked":"Sentinel+1","floor":46},{"not_picked":["Sever Soul+1"],"picked":"Pommel Strike+1","floor":47},{"not_picked":["Clash+1"],"picked":"Endless Agony+1","floor":48}],"player_experience":402325,"relics_obtained":[{"floor":7,"key":"Pear"},{"floor":9,"key":"Mummified Hand"},{"floor":23,"key":"Bottled Lightning"},{"floor":26,"key":"Tiny Chest"},{"floor":28,"key":"Bag of Preparation"},{"floor":29,"key":"Old Coin"},{"floor":29,"key":"Ninja Scroll"},{"floor":41,"key":"Tingsha"},{"floor":43,"key":"Shovel"},{"floor":48,"key":"Whetstone"},{"floor":49,"key":"Snake Skull"}],"event_choices":[{"damage_healed":0,"gold_gain":0,"player_choice":"Entered Light","damage_taken":15,"max_hp_gain":0,"max_hp_loss":0,"event_name":"Shining Light","floor":3,"gold_loss":0,"cards_upgraded":["Doppelganger","Feed"]},{"damage_healed":0,"gold_gain":175,"player_choice":"AGREE","damage_taken":0,"max_hp_gain":0,"max_hp_loss":0,"event_name":"Liars Game","floor":4,"gold_loss":0,"cards_obtained":["Doubt"]},{"cards_removed":["Doubt"],"damage_healed":0,"gold_gain":0,"player_choice":"Removed Curses","damage_taken":0,"max_hp_gain":0,"max_hp_loss":0,"event_name":"Fountain of Cleansing","floor":12,"gold_loss":0},{"damage_healed":0,"gold_gain":0,"player_choice":"Joined the Cult","damage_taken":6,"max_hp_gain":0,"max_hp_loss":0,"event_name":"Nest","floor":19,"gold_loss":0,"cards_obtained":["RitualDagger"]},{"cards_removed":["Barricade"],"damage_healed":0,"gold_gain":0,"player_choice":"Elegance","damage_taken":0,"max_hp_gain":0,"max_hp_loss":0,"event_name":"Back to Basics","floor":20,"gold_loss":0},{"damage_healed":0,"gold_gain":0,"player_choice":"Fight","damage_taken":0,"max_hp_gain":0,"max_hp_loss":0,"event_name":"Colosseum","floor":29,"gold_loss":0},{"damage_healed":0,"gold_gain":0,"player_choice":"Fought Nobs","damage_taken":0,"max_hp_gain":0,"max_hp_loss":0,"event_name":"Colosseum","floor":29,"gold_loss":0},{"damage_healed":0,"gold_gain":0,"player_choice":"Copied","damage_taken":0,"max_hp_gain":0,"max_hp_loss":0,"event_name":"Duplicator","floor":37,"gold_loss":0,"cards_obtained":["Adrenaline"]}],"is_beta":false,"boss_relics":[{"not_picked":["Busted Crown","Orrery"],"picked":"Cursed Key"},{"not_picked":["Philosopher\u0027s Stone","White Beast Statue"],"picked":"Lizard Tail"}],"items_purged_floors":[39],"is_endless":false,"potions_floor_spawned":[7,8,16,18,22,23,30,35,36,45,48],"ascension_level":0}