{"gold_per_floor":[110,122,138,149,40,40,74,74,74,106,106,106,126,144,144,243,243,259,184,184,194,207,207,221,232,317,52,52,67,78,78,78,78],"floor_reached":33,"playtime":1572,"items_purged":["Strike_R"],"score":418,"play_id":"bea3c5b5-de5d-4c6e-aff5-b10510e7f90a","local_time":"20190827131831","is_ascension_mode":true,"campfire_choices":[{"data":"Bludgeon","floor":6,"key":"SMITH"},{"floor":8,"key":"REST"},{"data":"Inflame","floor":11,"key":"SMITH"},{"data":"Bash","floor":15,"key":"SMITH"},{"floor":23,"key":"REST"},{"floor":28,"key":"REST"},{"floor":32,"key":"REST"}],"neow_cost":"TEN_PERCENT_HP_LOSS","seed_source_timestamp":541992789201500,"circlet_count":0,"master_deck":["AscendersBane","Bash+1","Bludgeon+1","Pommel Strike","Iron Wave","Clothesline","Pommel Strike","Inflame+1","Flex+1","Immolate","Battle Trance","Offering","Offering","Rampage","Disarm","Sever Soul","Hemokinesis","Brutality","Immolate","Havoc+1","Seeing Red","Evolve","Flex","Rupture","Reaper"],"relics":["Burning Blood","Orichalcum","Bottled Tornado","Bottled Flame","Pandora\u0027s Box","Tiny Chest","MealTicket"],"potions_floor_usage":[10,16,16,33],"damage_taken":[{"damage":10,"enemies":"2 Louse","floor":1,"turns":3},{"damage":8,"enemies":"Jaw Worm","floor":2,"turns":4},{"damage":0,"enemies":"Cultist","floor":3,"turns":2},{"damage":27,"enemies":"Lots of Slimes","floor":4,"turns":6},{"damage":25,"enemies":"3 Sentries","floor":7,"turns":9},{"damage":10,"enemies":"Gremlin Nob","floor":10,"turns":3},{"damage":8,"enemies":"Red Slaver","floor":13,"turns":2},{"damage":3,"enemies":"2 Fungi Beasts","floor":14,"turns":3},{"damage":32,"enemies":"The Guardian","floor":16,"turns":9},{"damage":20,"enemies":"Shell Parasite","floor":18,"turns":2},{"damage":6,"enemies":"3 Byrds","floor":21,"turns":2},{"damage":8,"enemies":"Centurion and Healer","floor":22,"turns":3},{"damage":18,"enemies":"Shelled Parasite and Fungi","floor":24,"turns":2},{"damage":26,"enemies":"Cultist and Chosen","floor":25,"turns":4},{"damage":1,"enemies":"3 Cultists","floor":29,"turns":3},{"damage":49,"enemies":"Shelled Parasite and Fungi","floor":30,"turns":3},{"damage":57,"enemies":"Champ","floor":33,"turns":7}],"seed_played":"6374333410192174798","potions_obtained":[{"floor":7,"key":"Dexterity Potion"},{"floor":10,"key":"Fruit Juice"},{"floor":13,"key":"SteroidPotion"},{"floor":14,"key":"Poison Potion"},{"floor":30,"key":"Block Potion"}],"is_trial":false,"path_per_floor":["M","M","M","M","$","R","E","R","T","E","R","?","M","M","R","B",null,"M","?","?","M","M","R","M","M","T","$","R","M","M","$","R","B"],"character_chosen":"IRONCLAD","items_purchased":["Inflame","MealTicket","Rupture"],"campfire_rested":4,"item_purchase_floors":[5,27,27],"current_hp_per_floor":[68,66,72,51,51,51,32,53,53,54,54,54,52,55,55,29,65,51,51,51,51,49,72,60,40,40,40,63,68,34,49,72,15],"gold":78,"neow_bonus":"THREE_RARE_CARDS","is_prod":false,"is_daily":false,"chose_seed":false,"campfire_upgraded":3,"win_rate":0,"timestamp":1566879511,"path_taken":["M","M","M","M","$","R","E","R","T","E","R","?","M","M","R","BOSS","M","?","?","M","M","R","M","?","T","?","R","M","M","$","R","BOSS"],"build_version":"2019-07-17","purchased_purges":1,"victory":false,"max_hp_per_floor":[72,72,72,72,72,72,72,72,72,77,77,77,77,77,77,77,77,77,77,77,77,77,77,77,77,77,77,77,77,77,77,77,77],"card_choices":[{"not_picked":["Feed","Offering"],"picked":"Bludgeon","floor":0},{"not_picked":["Sword Boomerang","Perfected Strike"],"picked":"Pommel Strike","floor":1},{"not_picked":["Thunderclap","True Grit"],"picked":"Iron Wave","floor":2},{"not_picked":["Cleave","Heavy Blade"],"picked":"Clothesline","floor":3},{"not_picked":["Thunderclap","Clash"],"picked":"Pommel Strike","floor":4},{"not_picked":["Clothesline","Thunderclap"],"picked":"Flex","floor":7},{"not_picked":["Havoc","Perfected Strike"],"picked":"Immolate","floor":10},{"not_picked":["Iron Wave","Havoc"],"picked":"Battle Trance","floor":13},{"not_picked":["Combust","Iron Wave","Pommel Strike"],"picked":"SKIP","floor":14},{"not_picked":["Fiend Fire","Limit Break"],"picked":"Offering","floor":16},{"not_picked":["Body Slam","Reckless Charge"],"picked":"Havoc+1","floor":18},{"not_picked":["Dual Wield","Rage"],"picked":"Seeing Red","floor":21},{"not_picked":["Havoc","Armaments","Twin Strike"],"picked":"SKIP","floor":22},{"not_picked":["Intimidate+1","Blood for Blood+1"],"picked":"Evolve","floor":24},{"not_picked":["Sentinel","Entrench"],"picked":"Flex","floor":25},{"not_picked":["Shockwave","Shrug It Off"],"picked":"Reaper","floor":29},{"not_picked":["Pommel Strike","Clothesline","Havoc"],"picked":"SKIP","floor":30}],"player_experience":858321,"relics_obtained":[{"floor":7,"key":"Orichalcum"},{"floor":9,"key":"Bottled Tornado"},{"floor":10,"key":"Bottled Flame"},{"floor":26,"key":"Tiny Chest"}],"event_choices":[{"damage_healed":0,"gold_gain":0,"player_choice":"Ignored","damage_taken":0,"max_hp_gain":0,"max_hp_loss":0,"event_name":"Liars Game","floor":12,"gold_loss":0},{"cards_removed":["Searing Blow"],"damage_healed":0,"gold_gain":0,"player_choice":"Gave Gold","damage_taken":0,"max_hp_gain":0,"max_hp_loss":0,"event_name":"Beggar","floor":19,"gold_loss":75},{"damage_healed":0,"gold_gain":0,"player_choice":"Forge","damage_taken":0,"max_hp_gain":0,"max_hp_loss":0,"event_name":"Accursed Blacksmith","floor":20,"gold_loss":0,"cards_upgraded":["Flex"]}],"is_beta":false,"boss_relics":[{"not_picked":["Orrery","Lizard Tail"],"picked":"Pandora\u0027s Box"}],"items_purged_floors":[5],"is_endless":false,"potions_floor_spawned":[7,10,13,14,30],"killed_by":"Champ","ascension_level":12}