{"gold_per_floor":[112,112,112,126,143,143,173,173,173,173,207,207,226,237,237,339,339,339,339,28,28,28,28,28,28,28,28,28,28,28,28,28,28],"floor_reached":33,"playtime":578,"items_purged":["Defend_R"],"score":290,"play_id":"70103834-b5a7-4e9e-ae10-13d0d6e7be45","local_time":"20190811034935","is_ascension_mode":false,"campfire_choices":[{"data":"Whirlwind","floor":6.0,"key":"SMITH"},{"data":"Flex","floor":8.0,"key":"SMITH"},{"data":"Bash","floor":10.0,"key":"SMITH"},{"data":"Bash","floor":12.0,"key":"SMITH"},{"data":"Flex","floor":15.0,"key":"SMITH"},{"data":"Uppercut","floor":23.0,"key":"SMITH"},{"data":"Demon Form","floor":27.0,"key":"SMITH"},{"data":"Uppercut","floor":30,"key":"SMITH"},{"data":"Jack Of All Trades","floor":32,"key":"SMITH"}],"neow_cost":"NONE","seed_source_timestamp":3701464591845,"circlet_count":0,"master_deck":["Strike_R","Strike_R","Strike_R","Strike_R","Strike_R","Defend_R","Defend_R","Defend_R","Bash+1","Flex+1","Whirlwind+1","Bash+1","Jack Of All Trades+1","Headbutt","Flex+1","Demon Form+1","Uppercut+1","Immolate","Uppercut+1"],"special_seed":0,"relics":["Burning Blood","NeowsBlessing","Tiny Chest","Smiling Mask","Juzu Bracelet","Ectoplasm","Bottled Flame","Frozen Egg 2","Question Card"],"potions_floor_usage":[33,33],"damage_taken":[{"damage":0.0,"enemies":"2 Louse","floor":1.0,"turns":1.0},{"damage":0.0,"enemies":"Jaw Worm","floor":4.0,"turns":1.0},{"damage":0.0,"enemies":"Cultist","floor":5.0,"turns":1.0},{"damage":30.0,"enemies":"3 Sentries","floor":11.0,"turns":6.0},{"damage":8.0,"enemies":"Exordium Thugs","floor":13.0,"turns":3.0},{"damage":0.0,"enemies":"Blue Slaver","floor":14.0,"turns":3.0},{"damage":50.0,"enemies":"Hexaghost","floor":16.0,"turns":6.0},{"damage":0.0,"enemies":"Spheric Guardian","floor":18.0,"turns":3.0},{"damage":12.0,"enemies":"Shell Parasite","floor":19.0,"turns":4.0},{"damage":7.0,"enemies":"Centurion and Healer","floor":21.0,"turns":3.0},{"damage":7.0,"enemies":"Slavers","floor":24.0,"turns":2.0},{"damage":15.0,"enemies":"Snake Plant","floor":28.0,"turns":2.0},{"damage":0,"enemies":"3 Cultists","floor":31,"turns":2},{"damage":117,"enemies":"Automaton","floor":33,"turns":8}],"seed_played":"7126426130976860054","potions_obtained":[{"floor":1.0,"key":"Ancient Potion"},{"floor":5.0,"key":"Poison Potion"},{"floor":13.0,"key":"SkillPotion"},{"floor":18.0,"key":"FearPotion"},{"floor":25.0,"key":"Fruit Juice"},{"floor":25.0,"key":"Fruit Juice"},{"floor":25.0,"key":"BloodPotion"}],"is_trial":false,"path_per_floor":["M","?","?","M","M","R","T","R","T","R","E","R","M","M","R","B",null,"M","M","$","M","?","R","E","?","T","R","M","$","R","M","R","B"],"character_chosen":"IRONCLAD","items_purchased":["Bottled Flame"],"campfire_rested":0,"item_purchase_floors":[20],"current_hp_per_floor":[80,85,85,85,85,85,85,85,85,85,61,61,59,65,65,21,85,85,79,79,78,78,78,77,87,87,87,78,78,78,84,84,0],"gold":28,"neow_bonus":"THREE_ENEMY_KILL","is_prod":false,"is_daily":false,"chose_seed":false,"campfire_upgraded":9,"win_rate":0,"timestamp":1565516975,"path_taken":["M","?","?","?","M","R","?","R","T","R","E","R","M","M","R","BOSS","M","M","$","M","?","R","E","?","T","R","M","$","R","M","R","BOSS"],"build_version":"2019-07-17","purchased_purges":1,"victory":false,"max_hp_per_floor":[80,85,85,85,85,85,85,85,85,85,85,85,85,85,85,85,85,85,85,85,85,85,85,85,95,95,95,95,95,95,95,95,95],"card_choices":[{"not_picked":["Corruption","Bloodletting"],"picked":"Flex","floor":1.0},{"not_picked":["Pommel Strike","Cleave"],"picked":"Headbutt","floor":4.0},{"not_picked":["Armaments","Cleave","Wild Strike"],"picked":"SKIP","floor":5.0},{"not_picked":["Blood for Blood","Reckless Charge","Berserk"],"picked":"SKIP","floor":11.0},{"not_picked":["Body Slam","Headbutt","Sever Soul"],"picked":"SKIP","floor":13.0},{"not_picked":["Shrug It Off","Heavy Blade"],"picked":"Flex","floor":14.0},{"not_picked":["Immolate","Impervious"],"picked":"Demon Form","floor":16.0},{"not_picked":["Clothesline","Armaments","Havoc"],"picked":"SKIP","floor":18.0},{"not_picked":["Cleave","Rupture"],"picked":"Uppercut","floor":19.0},{"not_picked":["Ghostly Armor","Anger","Body Slam+1"],"picked":"SKIP","floor":21.0},{"not_picked":["Bludgeon","Juggernaut"],"picked":"Immolate","floor":24.0},{"not_picked":["Seeing Red","Clothesline","Intimidate"],"picked":"Uppercut","floor":28.0},{"not_picked":["Spot Weakness","True Grit","Dropkick","Searing Blow"],"picked":"SKIP","floor":31}],"player_experience":1669235,"relics_obtained":[{"floor":7.0,"key":"Tiny Chest"},{"floor":9.0,"key":"Smiling Mask"},{"floor":11.0,"key":"Juzu Bracelet"},{"floor":24.0,"key":"Frozen Egg 2"},{"floor":26.0,"key":"Question Card"}],"event_choices":[{"damage_healed":0.0,"max_hp_gain":5.0,"max_hp_loss":0.0,"gold_gain":0.0,"event_name":"Big Fish","player_choice":"Donut","floor":2.0,"gold_loss":0.0,"damage_taken":0.0},{"damage_healed":0.0,"max_hp_gain":0.0,"max_hp_loss":0.0,"gold_gain":0.0,"event_name":"Match and Keep!","player_choice":"3 cards matched","floor":3.0,"gold_loss":0.0,"damage_taken":0.0,"cards_obtained":["Whirlwind","Bash","Jack Of All Trades"]},{"damage_healed":0.0,"max_hp_gain":0.0,"max_hp_loss":0.0,"gold_gain":0.0,"event_name":"NoteForYourself","player_choice":"Ignored","floor":22.0,"gold_loss":0.0,"damage_taken":0.0},{"damage_healed":0.0,"max_hp_gain":0.0,"max_hp_loss":0.0,"gold_gain":0.0,"event_name":"Lab","player_choice":"Got Potions","floor":25.0,"gold_loss":0.0,"damage_taken":0.0}],"is_beta":false,"boss_relics":[{"not_picked":["Fusion Hammer","Runic Cube"],"picked":"Ectoplasm"}],"items_purged_floors":[20],"is_endless":false,"potions_floor_spawned":[1,5,13,18],"killed_by":"Automaton","ascension_level":0}