{"gold_per_floor":[110,110,35,35,48,81,96,115,115,72,72,72,72,72,72,149,149,167,167,88,13,25,25,50,50,75,75,75,75,75,75,75,148,148,162,162,162,182,107,135,0,0,50,64,64,64,64,64,64,64],"floor_reached":51,"playtime":2190,"items_purged":["Deflect"],"score":1284,"play_id":"5a1f041a-71b8-4e8e-b323-58099fc01023","local_time":"20190804034343","is_ascension_mode":true,"campfire_choices":[{"data":"Noxious Fumes","floor":15,"key":"SMITH"},{"data":"Caltrops","floor":23,"key":"SMITH"},{"data":"Expertise","floor":25,"key":"SMITH"},{"floor":30,"key":"REST"},{"data":"J.A.X.","floor":32,"key":"SMITH"},{"floor":45,"key":"DIG"},{"floor":47,"key":"DIG"},{"floor":49,"key":"DIG"}],"neow_cost":"NONE","seed_source_timestamp":93412510094800,"circlet_count":0,"master_deck":["AscendersBane","Defend_G","Defend_G","Defend_G","Survivor","Neutralize+1","Dagger Spray","Heel Hook","Noxious Fumes+1","Adrenaline+1","Bite","Bite","Bite","Bite","Caltrops+1","Expertise+1","J.A.X.+1","Bullet Time+1","Finesse"],"relics":["Ring of the Snake","NeowsBlessing","Centennial Puzzle","Juzu Bracelet","Paper Crane","Ice Cream","Busted Crown","Ornamental Fan","Strawberry","Matryoshka","White Beast Statue","Shovel","Red Mask","War Paint","Boot","Smiling Mask","Letter Opener","Lantern"],"potions_floor_usage":[8,16,24,33,33,40,40,44,50,50],"damage_taken":[{"damage":0,"enemies":"Jaw Worm","floor":1,"turns":1},{"damage":0,"enemies":"Small Slimes","floor":5,"turns":1},{"damage":0,"enemies":"Gremlin Nob","floor":6,"turns":1},{"damage":0,"enemies":"2 Louse","floor":7,"turns":3},{"damage":3,"enemies":"Large Slime","floor":8,"turns":10},{"damage":23,"enemies":"Hexaghost","floor":16,"turns":10},{"damage":8,"enemies":"Chosen","floor":18,"turns":5},{"damage":6,"enemies":"Shell Parasite","floor":22,"turns":5},{"damage":25,"enemies":"Book of Stabbing","floor":24,"turns":5},{"damage":24,"enemies":"Collector","floor":33,"turns":7},{"damage":33,"enemies":"3 Shapes","floor":35,"turns":6},{"damage":3,"enemies":"Orb Walker","floor":38,"turns":3},{"damage":36,"enemies":"Giant Head","floor":40,"turns":7},{"damage":6,"enemies":"Sphere and 2 Shapes","floor":44,"turns":9},{"damage":54,"enemies":"Awakened One","floor":50,"turns":10}],"seed_played":"3824197438871654803","potions_obtained":[{"floor":1,"key":"FearPotion"},{"floor":7,"key":"LiquidBronze"},{"floor":16,"key":"LiquidBronze"},{"floor":22,"key":"SteroidPotion"},{"floor":24,"key":"Strength Potion"},{"floor":35,"key":"FearPotion"},{"floor":38,"key":"SteroidPotion"},{"floor":40,"key":"Poison Potion"},{"floor":42,"key":"PowerPotion"},{"floor":42,"key":"EssenceOfSteel"},{"floor":44,"key":"Block Potion"}],"is_trial":false,"path_per_floor":["M","?","?","?","M","E","M","M","T","$","?","?","T","?","R","B",null,"M","?","$","?","M","R","E","R","T","?","T","?","R","?","R","B",null,"M","?","?","M","$","E","?","?","T","M","R","?","R","?","R","B",null],"character_chosen":"THE_SILENT","items_purchased":["Noxious Fumes","Caltrops"],"campfire_rested":1,"item_purchase_floors":[10,20],"current_hp_per_floor":[59,59,59,52,52,52,52,49,49,49,54,49,49,49,49,26,60,52,49,49,49,49,49,35,35,42,42,42,27,45,45,45,53,59,39,39,39,48,48,40,40,40,40,50,50,45,45,45,45,33],"gold":64,"neow_bonus":"THREE_ENEMY_KILL","is_prod":false,"is_daily":false,"chose_seed":false,"campfire_upgraded":4,"win_rate":0,"timestamp":1564857823,"path_taken":["M","?","?","?","M","E","M","M","T","$","?","?","?","?","R","BOSS","M","?","$","?","M","R","E","R","T","?","?","?","R","?","R","BOSS","M","?","?","M","$","E","?","?","T","M","R","?","R","?","R","BOSS"],"build_version":"2019-07-17","purchased_purges":1,"victory":true,"max_hp_per_floor":[66,66,66,66,66,66,66,66,66,66,71,71,71,71,71,71,71,71,49,49,49,49,49,49,49,56,56,56,61,61,61,61,61,61,61,61,61,61,61,61,61,61,61,61,61,61,61,58,58,58],"card_choices":[{"not_picked":["Finisher","Dodge and Roll","Blade Dance"],"picked":"SKIP","floor":1},{"not_picked":["Acrobatics","PiercingWail"],"picked":"Dagger Spray","floor":5},{"not_picked":["Concentrate","Blade Dance","Flechettes"],"picked":"SKIP","floor":6},{"not_picked":["Poisoned Stab","A Thousand Cuts"],"picked":"Deflect","floor":7},{"not_picked":["Bane","Dodge and Roll"],"picked":"Heel Hook","floor":8},{"not_picked":["Envenom","Malaise"],"picked":"Adrenaline","floor":16},{"not_picked":["Accuracy"],"picked":"SKIP","floor":18},{"not_picked":["Deflect"],"picked":"SKIP","floor":22},{"not_picked":[],"picked":"Expertise","floor":24},{"not_picked":[],"picked":"Bullet Time","floor":33},{"not_picked":["Blade Dance"],"picked":"SKIP","floor":35},{"not_picked":["PiercingWail"],"picked":"SKIP","floor":38},{"not_picked":["Poisoned Stab"],"picked":"SKIP","floor":40},{"not_picked":["Choke"],"picked":"SKIP","floor":44},{"not_picked":[],"picked":"Finesse","floor":46}],"player_experience":560552,"relics_obtained":[{"floor":6,"key":"Centennial Puzzle"},{"floor":9,"key":"Juzu Bracelet"},{"floor":13,"key":"Ice Cream"},{"floor":24,"key":"Ornamental Fan"},{"floor":26,"key":"Strawberry"},{"floor":28,"key":"Matryoshka"},{"floor":40,"key":"Shovel"},{"floor":43,"key":"War Paint"},{"floor":43,"key":"Boot"},{"floor":45,"key":"Smiling Mask"},{"floor":47,"key":"Letter Opener"},{"floor":49,"key":"Lantern"}],"event_choices":[{"damage_healed":0,"gold_gain":0,"player_choice":"Grow","damage_taken":0,"max_hp_gain":0,"max_hp_loss":0,"event_name":"Living Wall","floor":2,"gold_loss":0,"cards_upgraded":["Neutralize"]},{"cards_removed":["Strike_G"],"damage_healed":0,"gold_gain":0,"player_choice":"Card Removal","damage_taken":0,"max_hp_gain":0,"max_hp_loss":0,"event_name":"The Cleric","floor":3,"gold_loss":75},{"cards_removed":["Defend_G"],"damage_healed":0,"gold_gain":0,"player_choice":"Card Removal","damage_taken":7,"max_hp_gain":0,"max_hp_loss":0,"event_name":"Golden Wing","floor":4,"gold_loss":0},{"damage_healed":0,"gold_gain":0,"player_choice":"Donut","damage_taken":0,"max_hp_gain":5,"max_hp_loss":0,"event_name":"Big Fish","floor":11,"gold_loss":0},{"damage_healed":0,"gold_gain":0,"player_choice":"Success","damage_taken":5,"relics_obtained":["Paper Crane"],"max_hp_gain":0,"max_hp_loss":0,"event_name":"Scrap Ooze","floor":12,"gold_loss":0},{"damage_healed":0,"gold_gain":0,"player_choice":"Ignored","damage_taken":0,"max_hp_gain":0,"max_hp_loss":0,"event_name":"Liars Game","floor":14,"gold_loss":0},{"damage_healed":0,"gold_gain":0,"player_choice":"Became a vampire","damage_taken":0,"max_hp_gain":0,"max_hp_loss":22,"event_name":"Vampires","floor":19,"gold_loss":0,"cards_obtained":["Bite","Bite","Bite","Bite","Bite"]},{"cards_removed":["Defend_G"],"damage_healed":0,"gold_gain":0,"player_choice":"Gave Gold","damage_taken":0,"max_hp_gain":0,"max_hp_loss":0,"event_name":"Beggar","floor":21,"gold_loss":75},{"damage_healed":0,"gold_gain":0,"player_choice":"Shed Blood","damage_taken":20,"max_hp_gain":5,"max_hp_loss":0,"event_name":"Forgotten Altar","floor":29,"gold_loss":0},{"damage_healed":0,"gold_gain":0,"player_choice":"Obtain J.A.X.","damage_taken":0,"max_hp_gain":0,"max_hp_loss":0,"event_name":"Drug Dealer","floor":31,"gold_loss":0,"cards_obtained":["J.A.X."]},{"damage_healed":0,"gold_gain":0,"player_choice":"Ignored","damage_taken":0,"max_hp_gain":0,"max_hp_loss":0,"event_name":"Mysterious Sphere","floor":36,"gold_loss":0},{"cards_removed":["Bite"],"damage_healed":0,"gold_gain":0,"player_choice":"Removed Attack","damage_taken":0,"max_hp_gain":0,"max_hp_loss":0,"event_name":"Falling","floor":37,"gold_loss":0},{"damage_healed":0,"gold_gain":0,"player_choice":"Paid","damage_taken":0,"relics_obtained":["Red Mask"],"max_hp_gain":0,"max_hp_loss":0,"event_name":"Tomb of Lord Red Mask","floor":41,"gold_loss":135},{"damage_healed":0,"gold_gain":0,"player_choice":"Got Potions","damage_taken":0,"max_hp_gain":0,"max_hp_loss":0,"event_name":"Lab","floor":42,"gold_loss":0},{"damage_healed":0,"gold_gain":0,"player_choice":"Memory 2","damage_taken":5,"max_hp_gain":0,"max_hp_loss":0,"event_name":"SensoryStone","floor":46,"gold_loss":0},{"damage_healed":0,"gold_gain":0,"player_choice":"Max HP","damage_taken":0,"max_hp_gain":0,"max_hp_loss":3,"event_name":"Winding Halls","floor":48,"gold_loss":0}],"is_beta":false,"boss_relics":[{"not_picked":["Eternal Feather","WristBlade"],"picked":"Busted Crown"},{"not_picked":["Tiny House","HoveringKite"],"picked":"White Beast Statue"}],"items_purged_floors":[39],"is_endless":false,"potions_floor_spawned":[1,7,16,22,24,35,38,40,44],"ascension_level":16}