{"gold_per_floor":[109,124,141,316,10,10,26,59,59,59,59,78,78,107,107,210,210,224,243,262,262,262,262,352,371,397,397,68,68,95,112,112,208,208,223,236,32,44,44],"floor_reached":39,"playtime":2828,"items_purged":["Doubt","Writhe","Defend_B"],"score":637,"play_id":"274e3f5d-da88-4c33-903c-336e01bade4a","local_time":"20190811191340","is_ascension_mode":true,"campfire_choices":[{"data":"Dualcast","floor":6,"key":"SMITH"},{"data":"Sunder","floor":10,"key":"SMITH"},{"floor":15,"key":"REST"},{"data":"Consume","floor":23,"key":"SMITH"},{"floor":29,"key":"REST"},{"floor":32,"key":"REST"}],"neow_cost":"TEN_PERCENT_HP_LOSS","seed_source_timestamp":98791398161900,"circlet_count":0,"master_deck":["AscendersBane","Strike_B+1","Strike_B+1","Strike_B+1","Defend_B","Defend_B+1","Zap+1","Dualcast+1","Self Repair","Coolheaded","Steam","Sunder+1","Undo","Zap+1","Ball Lightning","Consume+1","All For One","FTL","Glacier+1","Melter","Leap","RitualDagger","Seek","Loop","Defragment","Conserve Battery","Biased Cognition","Rebound+1","Chill","Reprogram"],"relics":["Cracked Core","OrangePellets","Whetstone","Pen Nib","Ornamental Fan","White Beast Statue","War Paint","Ancient Tea Set","Strawberry","Inserter"],"potions_floor_usage":[8,8,16,20,25,30,31,33,33,35,38,39],"damage_taken":[{"damage":6,"enemies":"2 Louse","floor":1,"turns":3},{"damage":2,"enemies":"Jaw Worm","floor":2,"turns":4},{"damage":0,"enemies":"Cultist","floor":3,"turns":4},{"damage":5,"enemies":"2 Fungi Beasts","floor":7,"turns":4},{"damage":13,"enemies":"Lagavulin","floor":8,"turns":6},{"damage":6,"enemies":"Blue Slaver","floor":12,"turns":3},{"damage":21,"enemies":"3 Sentries","floor":14,"turns":6},{"damage":24,"enemies":"Slime Boss","floor":16,"turns":13},{"damage":16,"enemies":"Spheric Guardian","floor":18,"turns":8},{"damage":8,"enemies":"3 Byrds","floor":19,"turns":5},{"damage":18,"enemies":"3 Cultists","floor":20,"turns":5},{"damage":23,"enemies":"Centurion and Healer","floor":25,"turns":7},{"damage":28,"enemies":"Book of Stabbing","floor":30,"turns":9},{"damage":11,"enemies":"Shelled Parasite and Fungi","floor":31,"turns":6},{"damage":32,"enemies":"Champ","floor":33,"turns":12},{"damage":11,"enemies":"3 Shapes","floor":35,"turns":5},{"damage":12,"enemies":"Orb Walker","floor":36,"turns":3},{"damage":36,"enemies":"Spire Growth","floor":38,"turns":6},{"damage":27,"enemies":"3 Darklings","floor":39,"turns":2}],"seed_played":"-3356097991898898903","potions_obtained":[{"floor":1,"key":"EssenceOfSteel"},{"floor":2,"key":"Energy Potion"},{"floor":3,"key":"AttackPotion"},{"floor":12,"key":"Strength Potion"},{"floor":16,"key":"SteroidPotion"},{"floor":18,"key":"SteroidPotion"},{"floor":20,"key":"AttackPotion"},{"floor":25,"key":"GamblersBrew"},{"floor":30,"key":"SteroidPotion"},{"floor":31,"key":"Energy Potion"},{"floor":33,"key":"Swift Potion"},{"floor":35,"key":"PowerPotion"},{"floor":36,"key":"Regen Potion"},{"floor":38,"key":"Explosive Potion"}],"is_trial":false,"path_per_floor":["M","M","M","?","$","R","M","E","T","R","?","M","?","E","R","B",null,"M","M","M","?","?","R","?","M","T","?","$","R","E","M","R","B",null,"M","M","$","M","M"],"character_chosen":"DEFECT","items_purchased":["OrangePellets","Steam","Seek","Loop","Reprogram"],"campfire_rested":3,"item_purchase_floors":[5,5,28,28,37],"current_hp_per_floor":[62,67,67,67,67,67,68,62,62,62,62,56,42,28,48,31,59,50,49,38,60,60,60,48,32,32,26,26,46,32,28,50,25,63,52,40,40,26,0],"gold":44,"neow_bonus":"REMOVE_TWO","is_prod":false,"is_daily":false,"chose_seed":false,"campfire_upgraded":3,"win_rate":0,"timestamp":1565518420,"path_taken":["M","M","M","?","$","R","M","E","T","R","?","?","?","E","R","BOSS","M","M","M","?","?","R","?","?","T","?","$","R","E","M","R","BOSS","M","M","$","M","M"],"build_version":"2019-07-17","purchased_purges":3,"victory":false,"max_hp_per_floor":[68,68,68,68,68,68,68,68,68,68,68,68,68,68,68,68,68,68,68,68,68,68,68,68,68,68,68,68,68,75,75,75,75,75,75,75,75,75,75],"card_choices":[{"not_picked":["Stack","FTL"],"picked":"Self Repair","floor":1},{"not_picked":["Stack","Recycle"],"picked":"Coolheaded","floor":2},{"not_picked":["Go for the Eyes","Storm","Stack"],"picked":"SKIP","floor":3},{"not_picked":["Hologram","Coolheaded","Recycle"],"picked":"SKIP","floor":7},{"not_picked":["Melter","Cold Snap"],"picked":"Sunder","floor":8},{"not_picked":["Sweeping Beam","Turbo"],"picked":"Ball Lightning","floor":12},{"not_picked":["Buffer","Steam"],"picked":"Consume","floor":14},{"not_picked":["Meteor Strike","Fission"],"picked":"All For One","floor":16},{"not_picked":["Consume","Beam Cell"],"picked":"FTL","floor":18},{"not_picked":["Stack","Conserve Battery+1"],"picked":"Glacier+1","floor":19},{"not_picked":["Ball Lightning","Beam Cell"],"picked":"Melter","floor":20},{"not_picked":["Steam","Beam Cell"],"picked":"Leap","floor":25},{"not_picked":["Steam","Skim"],"picked":"Defragment","floor":30},{"not_picked":["Static Discharge","Ball Lightning"],"picked":"Conserve Battery","floor":31},{"not_picked":["Thunder Strike","Buffer"],"picked":"Biased Cognition","floor":33},{"not_picked":["Barrage+1","Sweeping Beam"],"picked":"Rebound+1","floor":35},{"not_picked":["Turbo","Static Discharge"],"picked":"Chill","floor":36},{"not_picked":["Aggregate+1","Sweeping Beam","Ball Lightning+1"],"picked":"SKIP","floor":38}],"player_experience":688996,"relics_obtained":[{"floor":8,"key":"Whetstone"},{"floor":9,"key":"Pen Nib"},{"floor":14,"key":"Ornamental Fan"},{"floor":26,"key":"Ancient Tea Set"},{"floor":30,"key":"Strawberry"}],"event_choices":[{"damage_healed":0,"gold_gain":175,"player_choice":"AGREE","damage_taken":0,"max_hp_gain":0,"max_hp_loss":0,"event_name":"Liars Game","floor":4,"gold_loss":0,"cards_obtained":["Doubt"]},{"damage_healed":0,"gold_gain":0,"player_choice":"2 cards matched","damage_taken":0,"max_hp_gain":0,"max_hp_loss":0,"event_name":"Match and Keep!","floor":11,"gold_loss":0,"cards_obtained":["Undo","Zap"]},{"damage_healed":0,"gold_gain":0,"player_choice":"Entered Light","damage_taken":14,"max_hp_gain":0,"max_hp_loss":0,"event_name":"Shining Light","floor":13,"gold_loss":0,"cards_upgraded":["Strike_B","Defend_B"]},{"damage_healed":22,"gold_gain":0,"player_choice":"Heal","damage_taken":0,"max_hp_gain":0,"max_hp_loss":0,"event_name":"The Library","floor":21,"gold_loss":0},{"damage_healed":0,"gold_gain":0,"player_choice":"Opened","damage_taken":0,"relics_obtained":["War Paint"],"max_hp_gain":0,"max_hp_loss":0,"event_name":"The Mausoleum","floor":22,"gold_loss":0,"cards_obtained":["Writhe"]},{"damage_healed":0,"gold_gain":90,"player_choice":"GOLD ","damage_taken":12,"max_hp_gain":0,"max_hp_loss":0,"event_name":"Knowing Skull","floor":24,"potions_obtained":[],"gold_loss":0,"cards_obtained":[]},{"damage_healed":0,"gold_gain":0,"player_choice":"Joined the Cult","damage_taken":6,"max_hp_gain":0,"max_hp_loss":0,"event_name":"Nest","floor":27,"gold_loss":0,"cards_obtained":["RitualDagger"]}],"is_beta":false,"boss_relics":[{"not_picked":["Tiny House","Lizard Tail"],"picked":"White Beast Statue"},{"not_picked":["Eternal Feather","Astrolabe"],"picked":"Inserter"}],"items_purged_floors":[5,28,37],"is_endless":false,"potions_floor_spawned":[1,2,3,12,16,18,19,20,25,30,31,33,35,36,38],"killed_by":"3 Darklings","ascension_level":11}