{"gold_per_floor":[109,128,140,140,140,140,153,105,105,105,25,48,86,86,86,212,212,226,240,240],"floor_reached":20,"playtime":1343,"items_purged":[],"score":218,"play_id":"cdad9325-aebb-40b5-8cc3-adfe3e793e86","local_time":"20181209080418","is_ascension_mode":true,"campfire_choices":[{"floor":6,"key":"REST"},{"floor":10,"key":"REST"},{"floor":15,"key":"REST"}],"neow_cost":"NONE","seed_source_timestamp":513829908645700,"circlet_count":0,"master_deck":["Zap","Dualcast","Genetic Algorithm","Chill","Sweeping Beam","Storm","Static Discharge","Sunder","Creative AI","Skim","Seek","Conserve Battery","Compile Driver","Scrape","Self Repair","Compile Driver","Redo","Self Repair+1","Hologram"],"relics":["Lizard Tail","Golden Idol","Kunai","Happy Flower","Pandora\u0027s Box"],"potions_floor_usage":[13,13,16,20],"damage_taken":[{"damage":12,"enemies":"Small Slimes","floor":1,"turns":3},{"damage":10,"enemies":"Jaw Worm","floor":2,"turns":4},{"damage":12,"enemies":"2 Louse","floor":3,"turns":3},{"damage":14,"enemies":"Exordium Wildlife","floor":7,"turns":7},{"damage":7,"enemies":"2 Fungi Beasts","floor":12,"turns":3},{"damage":17,"enemies":"3 Sentries","floor":13,"turns":8},{"damage":58,"enemies":"Hexaghost","floor":16,"turns":12},{"damage":47,"enemies":"2 Thieves","floor":18,"turns":4},{"damage":15,"enemies":"Spheric Guardian","floor":19,"turns":4},{"damage":26,"enemies":"Cultist and Chosen","floor":20,"turns":4}],"seed_played":"7203704794545522309","potions_obtained":[{"floor":3,"key":"SkillPotion"},{"floor":7,"key":"PowerPotion"},{"floor":18,"key":"Poison Potion"}],"is_trial":false,"path_per_floor":["M","M","M","?","?","R","M","$","T","R","$","M","E","?","R","B",null,"M","M","M"],"character_chosen":"DEFECT","items_purchased":["Weak Potion","Sunder"],"campfire_rested":3,"item_purchase_floors":[8,11],"current_hp_per_floor":[63,53,41,23,23,45,31,31,31,53,53,46,29,22,44,29,64,24,26,0],"gold":240,"neow_bonus":"BOSS_RELIC","is_prod":false,"is_daily":false,"chose_seed":false,"campfire_upgraded":0,"win_rate":0,"timestamp":1544310258,"path_taken":["M","M","M","?","?","R","M","$","T","R","?","M","E","?","R","BOSS","M","M","M"],"build_version":"2018-12-06","purchased_purges":0,"victory":false,"max_hp_per_floor":[75,75,75,75,75,75,75,75,75,75,75,75,75,75,75,75,75,75,75,75],"card_choices":[{"not_picked":["Turbo","Redo"],"picked":"Genetic Algorithm","floor":1},{"not_picked":["Heatsinks","Cold Snap"],"picked":"Chill","floor":2},{"not_picked":["Streamline","Ball Lightning"],"picked":"Sweeping Beam","floor":3},{"not_picked":["Coolheaded","Steam Power"],"picked":"Static Discharge","floor":7},{"not_picked":["Sweeping Beam","Genetic Algorithm"],"picked":"Creative AI","floor":12},{"not_picked":["Coolheaded","Ball Lightning"],"picked":"Skim","floor":13},{"not_picked":["Amplify","Rainbow"],"picked":"Seek","floor":16},{"not_picked":["Leap","Conserve Battery"],"picked":"Self Repair+1","floor":18},{"not_picked":["Cold Snap","Fusion"],"picked":"Hologram","floor":19}],"player_experience":656026,"relics_obtained":[{"floor":9,"key":"Kunai"},{"floor":13,"key":"Happy Flower"}],"event_choices":[{"damage_healed":0,"gold_gain":0,"player_choice":"Take Damage","damage_taken":18,"relics_obtained":["Golden Idol"],"max_hp_gain":0,"max_hp_loss":0,"event_name":"Golden Idol","floor":4,"gold_loss":0},{"damage_healed":0,"gold_gain":0,"cards_transformed":["Strike_B"],"player_choice":"Change","damage_taken":0,"max_hp_gain":0,"max_hp_loss":0,"event_name":"Living Wall","floor":5,"gold_loss":0,"cards_obtained":["Storm"]},{"cards_removed":["Strike_B"],"damage_healed":0,"gold_gain":0,"player_choice":"Card Removal","damage_taken":7,"max_hp_gain":0,"max_hp_loss":0,"event_name":"Golden Wing","floor":14,"gold_loss":0}],"is_beta":false,"boss_relics":[{"not_picked":["White Beast Statue","Busted Crown"],"picked":"Pandora\u0027s Box"}],"items_purged_floors":[],"is_endless":false,"potions_floor_spawned":[3,7,12,18],"killed_by":"Cultist and Chosen","ascension_level":5}