{"gold_per_floor":[114,114,2,20,34,34,66,66,66,93,109,120,133,133,133,229,229,241,241,261,81,181,181,197,209,233,271,271,329,329,371,371,493,493,513,513,513,531,147,147,162,173,197,197,211,211,19,30,30,30],"floor_reached":50,"playtime":3030,"items_purged":["Pain","Injury","Regret"],"score":691,"play_id":"612edab8-9da9-4917-b9a7-ff915d10e389","local_time":"20190810194417","is_ascension_mode":true,"campfire_choices":[{"data":"Dualcast","floor":6,"key":"SMITH"},{"data":"Zap","floor":8,"key":"SMITH"},{"floor":15,"key":"REST"},{"data":"Coolheaded","floor":23,"key":"SMITH"},{"data":"Glacier","floor":28,"key":"SMITH"},{"data":"Reinforced Body","floor":30,"key":"SMITH"},{"floor":32,"key":"REST"},{"data":"Secret Technique","floor":40,"key":"SMITH"},{"floor":49,"key":"REST"}],"neow_cost":"NONE","seed_source_timestamp":14025139860100,"circlet_count":0,"master_deck":["Strike_B","Strike_B","Strike_B","Defend_B","Defend_B","Defend_B+1","Defend_B+1","Zap+1","Dualcast+1","Coolheaded+1","Darkness","Reinforced Body+1","Glacier+1","Ball Lightning","Melter+1","Double Energy","Sunder+1","Chill","Scrape+1","Streamline+1","Core Surge+1","Sweeping Beam+1","Melter+1","HandOfGreed+1","Darkness+1","Undo+1","Compile Driver+1","Reprogram","Self Repair","Compile Driver+1","Mayhem","Panacea","Rebound+1","Secret Technique+1","Go for the Eyes+1","Beam Cell+1","Conserve Battery","Coolheaded+1","Undo+1","All For One+1","Skim"],"relics":["Cracked Core","WarpedTongs","Molten Egg 2","War Paint","Dream Catcher","Cursed Key","DataDisk","Anchor","Inserter","Oddly Smooth Stone"],"potions_floor_usage":[10,13,16,27,29,33,45,50,50,50],"damage_taken":[{"damage":2,"enemies":"Jaw Worm","floor":1,"turns":4},{"damage":0,"enemies":"Cultist","floor":4,"turns":3},{"damage":0,"enemies":"2 Louse","floor":5,"turns":2},{"damage":14,"enemies":"3 Sentries","floor":7,"turns":7},{"damage":32,"enemies":"Lagavulin","floor":10,"turns":4},{"damage":0,"enemies":"Blue Slaver","floor":11,"turns":3},{"damage":13,"enemies":"Exordium Thugs","floor":12,"turns":3},{"damage":1,"enemies":"Gremlin Gang","floor":13,"turns":4},{"damage":4,"enemies":"Slime Boss","floor":16,"turns":6},{"damage":0,"enemies":"Chosen","floor":18,"turns":4},{"damage":0,"enemies":"3 Byrds","floor":20,"turns":4},{"damage":7,"enemies":"Snecko","floor":24,"turns":3},{"damage":0,"enemies":"Sentry and Sphere","floor":25,"turns":2},{"damage":4,"enemies":"Snake Plant","floor":27,"turns":4},{"damage":22,"enemies":"Slavers","floor":29,"turns":4},{"damage":0,"enemies":"Centurion and Healer","floor":31,"turns":4},{"damage":45,"enemies":"Automaton","floor":33,"turns":10},{"damage":3,"enemies":"Orb Walker","floor":35,"turns":3},{"damage":10,"enemies":"3 Darklings","floor":38,"turns":4},{"damage":18,"enemies":"Jaw Worm Horde","floor":41,"turns":5},{"damage":10,"enemies":"Transient","floor":42,"turns":5},{"damage":1,"enemies":"4 Shapes","floor":45,"turns":3},{"damage":0,"enemies":"Spire Growth","floor":48,"turns":5},{"damage":77,"enemies":"Donu and Deca","floor":50,"turns":13}],"seed_played":"-5878505218368568493","potions_obtained":[{"floor":1,"key":"SteroidPotion"},{"floor":4,"key":"Ancient Potion"},{"floor":10,"key":"Ancient Potion"},{"floor":13,"key":"Fruit Juice"},{"floor":20,"key":"Weak Potion"},{"floor":25,"key":"Weak Potion"},{"floor":31,"key":"AttackPotion"},{"floor":41,"key":"Dexterity Potion"},{"floor":44,"key":"Swift Potion"},{"floor":48,"key":"LiquidBronze"}],"is_trial":false,"path_per_floor":["M","?","$","M","M","R","E","R","T","E","M","M","M","?","R","B",null,"M","?","M","$","?","R","M","M","T","M","R","E","R","M","R","B",null,"M","?","?","M","$","R","M","M","T","?","M","?","$","M","R","B"],"character_chosen":"DEFECT","items_purchased":["Reinforced Body","HandOfGreed+1","Secret Technique","Go for the Eyes+1","Beam Cell+1","All For One+1"],"campfire_rested":3,"item_purchase_floors":[3,21,39,39,39,47],"current_hp_per_floor":[66,66,66,66,66,66,52,52,52,20,20,7,11,11,35,31,68,68,68,68,68,68,68,61,61,61,57,57,35,35,35,59,24,66,70,60,60,50,50,50,39,29,29,29,28,28,28,35,59,0],"gold":30,"neow_bonus":"TRANSFORM_CARD","is_prod":false,"is_daily":false,"chose_seed":false,"campfire_upgraded":6,"win_rate":0,"timestamp":1565433857,"path_taken":["M","?","$","M","M","R","E","R","T","E","M","M","?","?","R","BOSS","M","?","M","$","?","R","M","M","T","?","R","E","R","M","R","BOSS","M","?","?","M","$","R","M","M","T","?","?","?","$","M","R","BOSS"],"build_version":"2019-07-17","purchased_purges":3,"victory":false,"max_hp_per_floor":[75,75,75,75,75,75,75,75,75,75,75,75,80,80,80,80,80,80,80,80,80,80,80,80,80,80,80,80,80,80,80,80,80,80,80,80,80,80,80,80,80,80,80,80,80,80,80,80,80,80],"card_choices":[{"not_picked":["Beam Cell","Storm"],"picked":"Darkness","floor":1},{"not_picked":["Rebound","Auto Shields"],"picked":"Glacier","floor":4},{"not_picked":["Cold Snap","Rebound"],"picked":"Ball Lightning","floor":5},{"not_picked":["Conserve Battery","Redo"],"picked":"Melter","floor":7},{"not_picked":["White Noise","Reinforced Body"],"picked":"Double Energy","floor":10},{"not_picked":["Chaos","Compile Driver+1"],"picked":"Sunder+1","floor":11},{"not_picked":["Redo","Undo"],"picked":"Chill","floor":12},{"not_picked":["Gash+1","Beam Cell+1"],"picked":"Scrape+1","floor":13},{"not_picked":["Steam","Compile Driver+1"],"picked":"Streamline+1","floor":15},{"not_picked":["Buffer","Multi-Cast"],"picked":"Core Surge+1","floor":16},{"not_picked":["Steam","Rebound+1"],"picked":"Sweeping Beam+1","floor":18},{"not_picked":["Undo","Barrage+1"],"picked":"Melter+1","floor":20},{"not_picked":["Coolheaded","Barrage+1"],"picked":"Darkness+1","floor":24},{"not_picked":["Ball Lightning+1","Chaos+1"],"picked":"Undo+1","floor":25},{"not_picked":["Ball Lightning+1","Static Discharge"],"picked":"Compile Driver+1","floor":27},{"not_picked":["Lockon+1","Rainbow"],"picked":"Reprogram","floor":29},{"not_picked":["Sunder+1","Streamline+1"],"picked":"Self Repair","floor":31},{"not_picked":["Heatsinks+1","Turbo"],"picked":"Compile Driver+1","floor":35},{"not_picked":["Dramatic Entrance+1","Trip"],"picked":"Mayhem","floor":36},{"not_picked":["Panache","Impatience"],"picked":"Panacea","floor":36},{"not_picked":["Redo","Cold Snap+1"],"picked":"Rebound+1","floor":38},{"not_picked":["Capacitor+1","Heatsinks"],"picked":"Conserve Battery","floor":41},{"not_picked":["Stack","Genetic Algorithm"],"picked":"Coolheaded+1","floor":42},{"not_picked":["Recycle+1","Tempest+1"],"picked":"Undo+1","floor":45},{"not_picked":["Conserve Battery","Turbo+1"],"picked":"Skim","floor":48}],"player_experience":671812,"relics_obtained":[{"floor":7,"key":"Molten Egg 2"},{"floor":9,"key":"War Paint"},{"floor":10,"key":"Dream Catcher"},{"floor":26,"key":"DataDisk"},{"floor":29,"key":"Anchor"},{"floor":43,"key":"Oddly Smooth Stone"}],"event_choices":[{"damage_healed":0,"gold_gain":0,"player_choice":"Rummage","damage_taken":0,"relics_obtained":["WarpedTongs"],"max_hp_gain":0,"max_hp_loss":0,"event_name":"Accursed Blacksmith","floor":2,"gold_loss":0,"cards_obtained":["Pain"]},{"damage_healed":0,"gold_gain":0,"player_choice":"Ignored","damage_taken":0,"max_hp_gain":0,"max_hp_loss":0,"event_name":"Liars Game","floor":14,"gold_loss":0},{"damage_healed":0,"gold_gain":0,"player_choice":"Ignored","damage_taken":0,"max_hp_gain":0,"max_hp_loss":0,"event_name":"N\u0027loth","floor":19,"gold_loss":0},{"damage_healed":0,"gold_gain":100,"player_choice":"Pray","damage_taken":0,"max_hp_gain":0,"max_hp_loss":0,"event_name":"Golden Shrine","floor":22,"gold_loss":0},{"damage_healed":0,"gold_gain":0,"player_choice":"Memory 3","damage_taken":10,"max_hp_gain":0,"max_hp_loss":0,"event_name":"SensoryStone","floor":36,"gold_loss":0},{"damage_healed":0,"gold_gain":0,"player_choice":"Ignored","damage_taken":0,"max_hp_gain":0,"max_hp_loss":0,"event_name":"Tomb of Lord Red Mask","floor":37,"gold_loss":0},{"damage_healed":0,"gold_gain":0,"player_choice":"Got Potions","damage_taken":0,"max_hp_gain":0,"max_hp_loss":0,"event_name":"Lab","floor":44,"gold_loss":0},{"damage_healed":0,"gold_gain":0,"player_choice":"Ignored","damage_taken":0,"max_hp_gain":0,"max_hp_loss":0,"event_name":"SecretPortal","floor":46,"gold_loss":0}],"is_beta":false,"boss_relics":[{"not_picked":["Nuclear Battery","Runic Dome"],"picked":"Cursed Key"},{"not_picked":["Tiny House","Calling Bell"],"picked":"Inserter"}],"items_purged_floors":[3,39,47],"is_endless":false,"potions_floor_spawned":[1,4,10,13,20,25,31,41,48],"killed_by":"Donu and Deca","ascension_level":8}