{"gold_per_floor":[112,132,143,153,17,17,52,52,78,92,92,107,32,50,50,128,128,148,148,167,32,45,45],"floor_reached":23,"playtime":1566,"items_purged":["Defend_B"],"score":371,"play_id":"f4c52bdc-4750-4ed2-9152-2a732d7ed5a4","local_time":"20190822113446","is_ascension_mode":true,"campfire_choices":[{"floor":6,"key":"REST"},{"data":"Defragment","floor":8,"key":"SMITH"},{"floor":11,"key":"REST"},{"data":"Zap","floor":15,"key":"SMITH"}],"neow_cost":"PERCENT_DAMAGE","seed_source_timestamp":103767312988700,"circlet_count":0,"master_deck":["AscendersBane","Strike_B","Strike_B","Strike_B","Defend_B","Defend_B","Defend_B","Zap+1","Dualcast","Defragment+1","Undo","BootSequence","Conserve Battery","Glacier","Streamline","White Noise","Coolheaded","Glacier","Echo Form","Darkness","Gash+1","Defragment"],"relics":["Cracked Core","Smiling Mask","Regal Pillow","Sozu"],"potions_floor_usage":[7,23,23],"damage_taken":[{"damage":1,"enemies":"Cultist","floor":1,"turns":3},{"damage":15,"enemies":"Small Slimes","floor":2,"turns":3},{"damage":0,"enemies":"2 Louse","floor":3,"turns":3},{"damage":13,"enemies":"Blue Slaver","floor":4,"turns":3},{"damage":33,"enemies":"Gremlin Nob","floor":7,"turns":6},{"damage":1,"enemies":"Looter","floor":10,"turns":3},{"damage":0,"enemies":"Large Slime","floor":12,"turns":7},{"damage":2,"enemies":"Exordium Thugs","floor":14,"turns":8},{"damage":14,"enemies":"The Guardian","floor":16,"turns":15},{"damage":0,"enemies":"Spheric Guardian","floor":18,"turns":6},{"damage":0,"enemies":"Shell Parasite","floor":20,"turns":6},{"damage":16,"enemies":"Sentry and Sphere","floor":22,"turns":8},{"damage":96,"enemies":"Gremlin Leader","floor":23,"turns":8}],"seed_played":"-2495008047381181028","potions_obtained":[{"floor":1,"key":"Weak Potion"},{"floor":3,"key":"SpeedPotion"},{"floor":14,"key":"Regen Potion"}],"is_trial":false,"path_per_floor":["M","M","M","M","$","R","E","R","T","M","R","M","?","M","R","B",null,"M","?","M","$","M","E"],"character_chosen":"DEFECT","items_purchased":["Glacier","Streamline","Defragment"],"campfire_rested":2,"item_purchase_floors":[5,5,21],"current_hp_per_floor":[59,44,44,31,31,56,23,23,23,22,62,62,62,60,60,46,75,75,75,75,75,59,0],"gold":45,"neow_bonus":"TWENTY_PERCENT_HP_BONUS","is_prod":false,"is_daily":false,"chose_seed":false,"campfire_upgraded":2,"win_rate":0,"timestamp":1566441286,"path_taken":["M","M","M","M","$","R","E","R","T","M","R","M","?","M","R","BOSS","M","?","M","$","M","E"],"build_version":"2019-07-17","purchased_purges":1,"victory":false,"max_hp_per_floor":[85,85,85,85,85,85,85,85,85,85,85,85,85,85,85,85,85,85,85,85,85,85,85],"card_choices":[{"not_picked":["Go for the Eyes","Coolheaded"],"picked":"Defragment","floor":1},{"not_picked":["Gash","Steam"],"picked":"Undo","floor":2},{"not_picked":["Beam Cell","Compile Driver"],"picked":"BootSequence","floor":3},{"not_picked":["Redo","Static Discharge"],"picked":"Conserve Battery","floor":4},{"not_picked":["Aggregate","Amplify"],"picked":"White Noise","floor":7},{"not_picked":["Blizzard","Beam Cell","Tempest"],"picked":"SKIP","floor":10},{"not_picked":["Gash","Hello World"],"picked":"Coolheaded","floor":12},{"not_picked":["Go for the Eyes","Aggregate"],"picked":"Glacier","floor":14},{"not_picked":["Core Surge","Electrodynamics"],"picked":"Echo Form","floor":16},{"not_picked":["Cold Snap","Barrage","Recycle"],"picked":"SKIP","floor":18},{"not_picked":["Leap","Loop"],"picked":"Gash+1","floor":20},{"not_picked":["Streamline","Ball Lightning+1","Steam"],"picked":"SKIP","floor":22}],"player_experience":744419,"relics_obtained":[{"floor":7,"key":"Smiling Mask"},{"floor":9,"key":"Regal Pillow"}],"event_choices":[{"cards_removed":["Strike_B"],"damage_healed":0,"gold_gain":0,"player_choice":"Card Removal","damage_taken":0,"max_hp_gain":0,"max_hp_loss":0,"event_name":"The Cleric","floor":13,"gold_loss":75},{"damage_healed":0,"gold_gain":0,"player_choice":"Read","damage_taken":0,"max_hp_gain":0,"max_hp_loss":0,"event_name":"The Library","floor":19,"gold_loss":0,"cards_obtained":["Darkness"]}],"is_beta":false,"boss_relics":[{"not_picked":["Eternal Feather","Ectoplasm"],"picked":"Sozu"}],"items_purged_floors":[21],"is_endless":false,"potions_floor_spawned":[1,3,4,14,22],"killed_by":"Gremlin Leader","ascension_level":18}