{"path_per_floor":["M","M","M","?","M","R","?","E","T","M","R","M","M","M","R","B",null,"M","$","M","?","M","R","?","R","T","R","M","M","R","E","R","B",null,"M","M","M","?","M","M","R","M","T","?","?","R","?"],"character_chosen":"DEFECT","items_purchased":["Matryoshka","Hello World"],"gold_per_floor":[114,129,144,144,159,159,163,193,218,233,233,248,263,278,278,378,378,393,67,82,82,97,97,97,97,97,97,112,127,127,157,157,257,257,272,287,302,302,317,332,332,332,407,407,407,407,407,407],"floor_reached":48,"campfire_rested":4,"playtime":2249,"current_hp_per_floor":[73,72,71,70,69,68,60,35,35,30,51,49,49,49,49,38,64,63,62,47,47,37,54,54,54,54,54,53,52,51,32,47,29,47,46,36,8,37,35,19,29,29,29,25,25,25,25,0],"items_purged":[],"gold":407,"score":508,"play_id":"a3febd22-e955-48f1-b91a-47a62fc3f1f5","local_time":"20180520153517","daily_mods":["Specialized","Binary","Terminal"],"is_prod":false,"is_daily":true,"chose_seed":false,"is_ascension_mode":false,"campfire_upgraded":6,"timestamp":1526798117,"campfire_choices":[{"data":"Static Discharge","floor":6,"key":"SMITH"},{"floor":11,"key":"REST"},{"data":"Dualcast","floor":15,"key":"SMITH"},{"floor":23,"key":"REST"},{"data":"White Noise","floor":25,"key":"SMITH"},{"data":"Hello World","floor":27,"key":"SMITH"},{"data":"Fission","floor":30,"key":"SMITH"},{"floor":32,"key":"REST"},{"floor":41,"key":"REST"},{"data":"Static Discharge","floor":46,"key":"SMITH"}],"path_taken":["M","M","M","?","?","R","?","E","T","M","R","M","M","M","R","BOSS","M","$","M","?","M","R","?","R","T","R","M","?","R","E","R","BOSS","M","M","M","?","M","M","R","?","T","?","?","R","?","?"],"build_version":"2018-05-17","seed_source_timestamp":219818363529850,"purchased_purges":0,"victory":false,"master_deck":["Strike_B","Defend_B","Defend_B","Defend_B","Defend_B","Zap+1","Dualcast+1","Nova","Nova","Nova","Nova","Sweeping Beam","Ball Lightning","Skim","Static Discharge+1","Turbo","Ball Lightning","Auto Shields","Self Repair","Stack+1","Fission+1","Static Discharge+1","Recycle+1","Scrape+1","BootSequence+1","Hello World+1","White Noise+1","Stack","Doom and Gloom","Static Discharge+1","Machine Learning+1","Echo Form+1","White Noise+1","Steam","Coolheaded+1","Axe Kick","Normality","Madness","Madness","Injury"],"max_hp_per_floor":[73,72,71,70,69,68,67,73,72,71,70,69,68,67,66,65,64,63,62,61,60,59,58,57,56,55,54,53,52,51,50,49,48,47,46,45,44,37,36,35,34,33,32,31,30,29,28,28],"relics":["Cracked Core","Odd Mushroom","Strawberry","Anchor","Matryoshka","Nloth\u0027s Gift","Vajra","Gremlin Horn","Frozen Egg 2","Cursed Key","Potion Belt","Question Card"],"card_choices":[{"not_picked":["Barrage"],"picked":"Sweeping Beam","floor":1},{"not_picked":["Go for the Eyes"],"picked":"Ball Lightning","floor":2},{"not_picked":["Coolheaded"],"picked":"Skim","floor":3},{"not_picked":["Blizzard"],"picked":"Static Discharge","floor":5},{"not_picked":["Steam"],"picked":"Turbo","floor":8},{"not_picked":["Tempest"],"picked":"Ball Lightning","floor":10},{"not_picked":["Coolheaded"],"picked":"Auto Shields","floor":12},{"not_picked":["Rip and Tear"],"picked":"Self Repair","floor":13},{"not_picked":["Coolheaded"],"picked":"Stack","floor":14},{"not_picked":["Multi-Cast"],"picked":"Fission","floor":16},{"not_picked":["Barrage+1"],"picked":"BootSequence+1","floor":18},{"not_picked":["Force Field"],"picked":"White Noise","floor":20},{"not_picked":["Streamline"],"picked":"Stack","floor":22},{"not_picked":["Turbo"],"picked":"Doom and Gloom","floor":28},{"not_picked":["Aggregate"],"picked":"Static Discharge","floor":29},{"not_picked":["Sweeping Beam+1"],"picked":"Machine Learning","floor":31},{"not_picked":["Fission"],"picked":"Echo Form+1","floor":33},{"not_picked":["Rebound+1","Ball Lightning+1"],"picked":"SKIP","floor":35},{"not_picked":["Steam"],"picked":"White Noise+1","floor":36},{"not_picked":["Cold Snap+1"],"picked":"Steam","floor":37},{"not_picked":["Darkness"],"picked":"Coolheaded+1","floor":39},{"not_picked":["Hologram"],"picked":"Axe Kick","floor":40}],"player_experience":324980,"potions_floor_usage":[5,5,16,16,20,28,33,37,42],"damage_taken":[{"damage":0,"enemies":"Jaw Worm","floor":1,"turns":4},{"damage":0,"enemies":"Cultist","floor":2,"turns":4},{"damage":0,"enemies":"2 Louse","floor":3,"turns":3},{"damage":0,"enemies":"Gremlin Gang","floor":5,"turns":1},{"damage":8,"enemies":"The Mushroom Lair","floor":7,"turns":3},{"damage":32,"enemies":"Lagavulin","floor":8,"turns":5},{"damage":5,"enemies":"Looter","floor":10,"turns":3},{"damage":2,"enemies":"2 Fungi Beasts","floor":12,"turns":4},{"damage":0,"enemies":"Exordium Wildlife","floor":13,"turns":3},{"damage":0,"enemies":"Looter","floor":14,"turns":2},{"damage":18,"enemies":"Hexaghost","floor":16,"turns":9},{"damage":3,"enemies":"Chosen","floor":18,"turns":5},{"damage":15,"enemies":"2 Thieves","floor":20,"turns":3},{"damage":17,"enemies":"Centurion and Healer","floor":22,"turns":5},{"damage":5,"enemies":"Snake Plant","floor":28,"turns":3},{"damage":6,"enemies":"Slaver and Parasite","floor":29,"turns":6},{"damage":19,"enemies":"Book of Stabbing","floor":31,"turns":4},{"damage":25,"enemies":"Champ","floor":33,"turns":10},{"damage":2,"enemies":"3 Shapes","floor":35,"turns":4},{"damage":10,"enemies":"Flame Bruiser 1 Orb","floor":36,"turns":5},{"damage":35,"enemies":"Spire Growth","floor":37,"turns":4},{"damage":9,"enemies":"4 Shapes","floor":39,"turns":2},{"damage":23,"enemies":"3 Darklings","floor":40,"turns":3},{"damage":0,"enemies":"Maw","floor":42,"turns":2},{"damage":37,"enemies":"Flame Bruiser 2 Orb","floor":48,"turns":2}],"relics_obtained":[{"floor":7,"key":"Odd Mushroom"},{"floor":8,"key":"Strawberry"},{"floor":9,"key":"Anchor"},{"floor":26,"key":"Vajra"},{"floor":26,"key":"Gremlin Horn"},{"floor":31,"key":"Frozen Egg 2"},{"floor":43,"key":"Potion Belt"},{"floor":43,"key":"Question Card"}],"event_choices":[{"event_name":"Upgrade Shrine","player_choice":"Upgraded","floor":4,"damage_taken":0},{"event_name":"Mushrooms","player_choice":"Fought Mushrooms","floor":7,"damage_taken":0},{"event_name":"N\u0027loth","player_choice":"Traded a Astrolabe","floor":21,"damage_taken":0},{"event_name":"Drug Dealer","player_choice":"Ignored","floor":24,"damage_taken":0},{"event_name":"The Moai Head","player_choice":"Heal","floor":38,"damage_taken":0},{"event_name":"Winding Halls","player_choice":"Embrace Madness","floor":44,"damage_taken":0},{"event_name":"Accursed Blacksmith","player_choice":"Forge","floor":47,"damage_taken":0}],"boss_relics":[{"not_picked":["Black Star","Snecko Eye"],"picked":"Astrolabe"},{"not_picked":["Runic Pyramid","Eternal Feather"],"picked":"Cursed Key"}],"potions_floor_spawned":[1,3,8,12,13,16,18,22,33,35,37,40],"seed_played":"-433870209511762633","killed_by":"Flame Bruiser 2 Orb","ascension_level":0,"potions_obtained":[{"floor":1,"key":"Swift Potion"},{"floor":3,"key":"Explosive Potion"},{"floor":8,"key":"Poison Potion"},{"floor":12,"key":"Dexterity Potion"},{"floor":13,"key":"Fire Potion"},{"floor":16,"key":"Dexterity Potion"},{"floor":18,"key":"GamblersBrew"},{"floor":22,"key":"LiquidBronze"},{"floor":33,"key":"FocusPotion"},{"floor":35,"key":"SpeedPotion"},{"floor":37,"key":"SmokeBomb"},{"floor":40,"key":"Regen Potion"}],"is_trial":false}