{"gold_per_floor":[15,31,31,51,67,77,77,104,104,104,119,119,145,157,157,252,252,268,268,268,112,125,125,151,151,178,205,219,232,132,148,148,249,249,268,268,268,268,16,16,49,49,49,60,60,79,79,92,92,92],"floor_reached":51,"playtime":5012,"items_purged":["Strike_R","Strike_R"],"score":770,"play_id":"af0c96ab-77a4-405b-a155-6a453cc9b145","local_time":"20181004122820","is_ascension_mode":true,"campfire_choices":[{"data":"Searing Blow","floor":7,"key":"SMITH"},{"data":"Searing Blow+1","floor":10,"key":"SMITH"},{"floor":15,"key":"REST"},{"data":"Searing Blow+2","floor":23,"key":"SMITH"},{"floor":25,"key":"REST"},{"floor":32,"key":"REST"},{"data":"Searing Blow+3","floor":40,"key":"SMITH"},{"floor":42,"key":"REST"},{"floor":49,"key":"REST"}],"neow_cost":"NO_GOLD","seed_source_timestamp":50066543071045,"circlet_count":0,"master_deck":["Strike_R+1","Strike_R","Strike_R","Defend_R","Defend_R","Defend_R","Bash","Uppercut","Cleave","Headbutt","Searing Blow+4","Dropkick+1","Armaments","Feed","Rampage","Iron Wave+1","Seeing Red","Entrench","Immolate","Seeing Red+1","Bandage Up","Warcry","Bloodletting+1"],"relics":["Burning Blood","Pocketwatch","Champion Belt","Self Forming Clay","Blue Candle","Busted Crown","MutagenicStrength","Dodecahedron","Bronze Scales","Charon\u0027s Ashes","Eternal Feather","Ginger","Strawberry","Darkstone Periapt","Frozen Egg 2"],"potions_floor_usage":[8,13,16,18,27,27,33,35,41,50],"damage_taken":[{"damage":10,"enemies":"Small Slimes","floor":1,"turns":3},{"damage":2,"enemies":"2 Louse","floor":2,"turns":3},{"damage":4,"enemies":"Jaw Worm","floor":4,"turns":4},{"damage":5,"enemies":"Red Slaver","floor":5,"turns":5},{"damage":6,"enemies":"2 Fungi Beasts","floor":6,"turns":3},{"damage":2,"enemies":"Gremlin Nob","floor":8,"turns":4},{"damage":4,"enemies":"3 Louse","floor":11,"turns":3},{"damage":16,"enemies":"3 Sentries","floor":13,"turns":5},{"damage":13,"enemies":"Exordium Wildlife","floor":14,"turns":3},{"damage":32,"enemies":"Hexaghost","floor":16,"turns":9},{"damage":14,"enemies":"3 Byrds","floor":18,"turns":4},{"damage":0,"enemies":"Chosen","floor":22,"turns":4},{"damage":22,"enemies":"Book of Stabbing","floor":24,"turns":5},{"damage":23,"enemies":"Slavers","floor":27,"turns":5},{"damage":10,"enemies":"3 Cultists","floor":28,"turns":4},{"damage":15,"enemies":"Snake Plant","floor":29,"turns":3},{"damage":20,"enemies":"Centurion and Healer","floor":31,"turns":4},{"damage":64,"enemies":"Collector","floor":33,"turns":10},{"damage":17,"enemies":"3 Darklings","floor":35,"turns":3},{"damage":18,"enemies":"Mind Bloom Boss Battle","floor":37,"turns":4},{"damage":63,"enemies":"Giant Head","floor":41,"turns":7},{"damage":23,"enemies":"3 Shapes","floor":44,"turns":3},{"damage":15,"enemies":"Transient","floor":46,"turns":5},{"damage":31,"enemies":"4 Shapes","floor":48,"turns":3},{"damage":121,"enemies":"Time Eater","floor":50,"turns":13}],"seed_played":"-2907517167665987612","potions_obtained":[{"floor":2,"key":"EssenceOfSteel"},{"floor":6,"key":"Swift Potion"},{"floor":8,"key":"Strength Potion"},{"floor":14,"key":"SpeedPotion"},{"floor":16,"key":"Explosive Potion"},{"floor":19,"key":"Strength Potion"},{"floor":19,"key":"FairyPotion"},{"floor":19,"key":"Dexterity Potion"},{"floor":29,"key":"AttackPotion"},{"floor":31,"key":"Explosive Potion"},{"floor":37,"key":"SkillPotion"},{"floor":44,"key":"FairyPotion"},{"floor":46,"key":"Fire Potion"}],"is_trial":false,"path_per_floor":["M","M","$","M","M","M","R","E","T","R","M","?","E","M","R","B",null,"M","?","?","$","M","R","E","R","T","E","M","M","$","M","R","B",null,"M","?","?","?","$","R","E","R","T","M","?","M","$","M","R","B"],"character_chosen":"IRONCLAD","items_purchased":["Rampage","Strawberry","Bandage Up"],"campfire_rested":5,"item_purchase_floors":[21,39,39],"current_hp_per_floor":[76,80,80,80,80,80,80,80,80,80,80,64,54,47,71,45,80,75,75,75,75,81,81,65,83,83,66,65,56,56,45,71,13,89,78,78,66,66,73,85,35,76,76,63,63,58,58,37,78,15],"gold":92,"neow_bonus":"ONE_RARE_RELIC","is_prod":false,"is_daily":false,"chose_seed":false,"campfire_upgraded":4,"win_rate":0,"timestamp":1538681300,"path_taken":["M","M","$","M","M","M","R","E","T","R","M","?","E","M","R","BOSS","M","?","?","$","?","R","E","R","T","E","?","M","?","?","R","BOSS","M","?","?","?","$","R","E","R","T","M","?","M","$","M","R","BOSS"],"build_version":"2018-09-27","purchased_purges":2,"victory":true,"max_hp_per_floor":[80,80,80,80,80,80,80,80,80,80,80,80,80,80,80,80,80,83,83,83,83,83,83,83,83,83,83,86,86,86,89,89,89,89,89,89,89,89,96,96,99,99,99,99,99,99,99,99,99,99],"card_choices":[{"not_picked":["Perfected Strike","True Grit"],"picked":"Uppercut","floor":1},{"not_picked":["Clash","Feel No Pain"],"picked":"Cleave","floor":2},{"not_picked":["Warcry","Dropkick"],"picked":"Headbutt","floor":4},{"not_picked":["Clash","Heavy Blade"],"picked":"Searing Blow","floor":5},{"not_picked":["Blood for Blood","Corruption"],"picked":"Dropkick","floor":6},{"not_picked":["Limit Break","True Grit"],"picked":"Armaments","floor":8},{"not_picked":["Sentinel","Hemokinesis","Twin Strike"],"picked":"SKIP","floor":11},{"not_picked":["Bloodletting","Sword Boomerang","Power Through"],"picked":"SKIP","floor":13},{"not_picked":["Twin Strike","Heavy Blade","Clash"],"picked":"SKIP","floor":14},{"not_picked":["Brutality","Bludgeon"],"picked":"Feed","floor":16},{"not_picked":["Havoc"],"picked":"SKIP","floor":18},{"not_picked":["Body Slam"],"picked":"SKIP","floor":22},{"not_picked":["Power Through"],"picked":"SKIP","floor":24},{"not_picked":["Limit Break"],"picked":"SKIP","floor":27},{"not_picked":[],"picked":"Iron Wave+1","floor":28},{"not_picked":[],"picked":"Seeing Red","floor":29},{"not_picked":[],"picked":"Entrench","floor":31},{"not_picked":[],"picked":"Immolate","floor":33},{"not_picked":[],"picked":"Seeing Red+1","floor":35},{"not_picked":[],"picked":"Warcry","floor":41},{"not_picked":[],"picked":"Bloodletting+1","floor":44},{"not_picked":["Reckless Charge"],"picked":"SKIP","floor":46},{"not_picked":["Havoc"],"picked":"SKIP","floor":48}],"player_experience":130644,"relics_obtained":[{"floor":8,"key":"Champion Belt"},{"floor":9,"key":"Self Forming Clay"},{"floor":13,"key":"Blue Candle"},{"floor":24,"key":"Dodecahedron"},{"floor":26,"key":"Bronze Scales"},{"floor":27,"key":"Charon\u0027s Ashes"},{"floor":37,"key":"Ginger"},{"floor":41,"key":"Darkstone Periapt"},{"floor":43,"key":"Frozen Egg 2"}],"event_choices":[{"event_name":"Shining Light","player_choice":"Entered Light","floor":12,"damage_taken":0},{"event_name":"The Lab","player_choice":"Got Potions","floor":19,"damage_taken":0},{"event_name":"Drug Dealer","player_choice":"Inject Mutagens","floor":20,"damage_taken":0},{"event_name":"SecretPortal","player_choice":"Rejected Portal.","floor":36,"damage_taken":0},{"event_name":"MindBloom","player_choice":"Fight","floor":37,"damage_taken":0},{"event_name":"Falling","player_choice":"Removed Skill","floor":38,"damage_taken":0},{"event_name":"SensoryStone","player_choice":"Memory 1","floor":45,"damage_taken":0}],"is_beta":false,"boss_relics":[{"not_picked":["Calling Bell","Sozu"],"picked":"Busted Crown"},{"not_picked":["White Beast Statue","Fusion Hammer"],"picked":"Eternal Feather"}],"items_purged_floors":[21,30],"is_endless":false,"potions_floor_spawned":[2,6,8,14,16,22,24,29,31,37,44,46],"ascension_level":2}