{"gold_per_floor":[118,118,118,142,142,142,163,198,198,218,236,236],"floor_reached":12,"playtime":661,"items_purged":[],"score":80,"play_id":"98e79688-b0d3-492e-8160-f1a73746b06f","local_time":"20181202201017","is_ascension_mode":false,"campfire_choices":[{"data":"Zap","floor":6,"key":"SMITH"}],"neow_cost":"NONE","seed_source_timestamp":423876328536100,"circlet_count":0,"master_deck":["Strike_B","Strike_B","Strike_B","Strike_B","Defend_B","Defend_B","Defend_B","Defend_B","Zap+1","Dualcast","Cold Snap","Conserve Battery","Glacier","Blizzard","Skim","Buffer"],"relics":["Cracked Core","NeowsBlessing","Golden Idol","Question Card","Ice Cream","Kunai"],"potions_floor_usage":[10],"damage_taken":[{"damage":0,"enemies":"2 Louse","floor":1,"turns":1},{"damage":0,"enemies":"Small Slimes","floor":4,"turns":1},{"damage":0,"enemies":"Cultist","floor":7,"turns":1},{"damage":28,"enemies":"Gremlin Nob","floor":8,"turns":5},{"damage":21,"enemies":"Gremlin Gang","floor":10,"turns":5},{"damage":4,"enemies":"Large Slime","floor":11,"turns":6},{"damage":4,"enemies":"Exordium Thugs","floor":12,"turns":5}],"seed_played":"-240462145475906328","potions_obtained":[{"floor":8,"key":"EssenceOfSteel"},{"floor":11,"key":"Ancient Potion"}],"is_trial":false,"path_per_floor":["M","?","?","M","?","R","M","E","T","M","M","M"],"character_chosen":"DEFECT","items_purchased":[],"campfire_rested":0,"item_purchase_floors":[],"current_hp_per_floor":[75,57,57,57,57,57,57,29,29,8,4,0],"gold":236,"neow_bonus":"THREE_ENEMY_KILL","is_prod":false,"is_daily":false,"chose_seed":false,"campfire_upgraded":1,"win_rate":0,"timestamp":1543749017,"path_taken":["M","?","?","M","?","R","?","E","T","M","M","M"],"build_version":"2018-11-15","purchased_purges":0,"victory":false,"max_hp_per_floor":[75,75,75,75,75,75,75,75,75,75,75,75],"card_choices":[{"not_picked":["Beam Cell","Compile Driver"],"picked":"Cold Snap","floor":1},{"not_picked":["Darkness","Leap","Redo"],"picked":"Conserve Battery","floor":4},{"not_picked":["Conserve Battery","Leap","Genetic Algorithm"],"picked":"Glacier","floor":7},{"not_picked":["Cold Snap","Beam Cell","BootSequence"],"picked":"Blizzard","floor":8},{"not_picked":["Redo","BootSequence","Go for the Eyes"],"picked":"Skim","floor":10},{"not_picked":["Go for the Eyes","Steam","Consume"],"picked":"Buffer","floor":11}],"player_experience":587635,"relics_obtained":[{"floor":8,"key":"Ice Cream"},{"floor":9,"key":"Kunai"}],"event_choices":[{"damage_healed":0,"gold_gain":0,"player_choice":"Take Damage","damage_taken":18,"relics_obtained":["Golden Idol"],"max_hp_gain":0,"max_hp_loss":0,"event_name":"Golden Idol","floor":2,"gold_loss":0},{"damage_healed":0,"gold_gain":0,"player_choice":"Box","damage_taken":0,"relics_obtained":["Question Card"],"max_hp_gain":0,"max_hp_loss":0,"event_name":"Big Fish","floor":3,"gold_loss":0,"cards_obtained":["Regret"]},{"cards_removed":["Regret"],"damage_healed":0,"gold_gain":0,"player_choice":"Removed Curses","damage_taken":0,"max_hp_gain":0,"max_hp_loss":0,"event_name":"Fountain of Cleansing","floor":5,"gold_loss":0}],"is_beta":false,"boss_relics":[],"items_purged_floors":[],"is_endless":false,"potions_floor_spawned":[8,11],"killed_by":"Exordium Thugs","ascension_level":0}