{"gold_per_floor":[119,119,129,141,66,95,110,125,178,253,269,14,14,25,25,121,121,140,140,154,154],"floor_reached":21,"playtime":898,"items_purged":["Defend_B","Dualcast"],"score":183,"play_id":"96c61ef5-8e38-4424-9389-d8a76f7e8a7c","local_time":"20181129165414","is_ascension_mode":false,"campfire_choices":[{"floor":13,"key":"REST"},{"floor":15,"key":"REST"}],"neow_cost":"NONE","seed_source_timestamp":152672879680100,"circlet_count":0,"master_deck":["Strike_B","Strike_B","Strike_B","Defend_B","Defend_B","Defend_B","Zap","Streamline","Hologram","Hello World","Sweeping Beam","Defragment","Conserve Battery","Creative AI","Rebound","Buffer","Hologram","Stack"],"relics":["Philosopher\u0027s Stone","Mummified Hand","Potion Belt","Cursed Key"],"potions_floor_usage":[6,21,21],"damage_taken":[{"damage":0,"enemies":"2 Louse","floor":1,"turns":3},{"damage":0,"enemies":"Cultist","floor":3,"turns":4},{"damage":2,"enemies":"Small Slimes","floor":4,"turns":2},{"damage":21,"enemies":"Lagavulin","floor":6,"turns":5},{"damage":3,"enemies":"Blue Slaver","floor":7,"turns":3},{"damage":10,"enemies":"2 Fungi Beasts","floor":8,"turns":2},{"damage":0,"enemies":"Exordium Wildlife","floor":11,"turns":2},{"damage":13,"enemies":"Blue Slaver","floor":14,"turns":3},{"damage":15,"enemies":"The Guardian","floor":16,"turns":9},{"damage":24,"enemies":"2 Thieves","floor":18,"turns":4},{"damage":25,"enemies":"3 Byrds","floor":20,"turns":4},{"damage":19,"enemies":"Snake Plant","floor":21,"turns":2}],"seed_played":"3718867519193517191","potions_obtained":[{"floor":3,"key":"Poison Potion"},{"floor":4,"key":"GamblersBrew"},{"floor":7,"key":"FearPotion"},{"floor":14,"key":"Energy Potion"}],"is_trial":false,"path_per_floor":["M","?","M","M","$","E","M","M","T","?","M","$","R","M","R","B",null,"M","?","M","M"],"character_chosen":"DEFECT","items_purchased":["Potion Belt"],"campfire_rested":2,"item_purchase_floors":[12],"current_hp_per_floor":[75,75,75,73,73,52,49,39,39,28,28,28,50,37,59,44,75,51,37,12,0],"gold":154,"neow_bonus":"BOSS_RELIC","is_prod":false,"is_daily":false,"chose_seed":false,"campfire_upgraded":0,"win_rate":0,"timestamp":1543478054,"path_taken":["M","?","M","M","?","E","M","M","T","?","M","?","R","M","R","BOSS","M","?","M","M"],"build_version":"2018-11-15","purchased_purges":2,"victory":false,"max_hp_per_floor":[75,75,75,75,75,75,75,75,75,75,75,75,75,75,75,75,75,75,80,80,80],"card_choices":[{"not_picked":["Turbo","Redo"],"picked":"Streamline","floor":1},{"not_picked":["Beam Cell","Leap"],"picked":"Hologram","floor":3},{"not_picked":["Stack","Streamline"],"picked":"Hello World","floor":4},{"not_picked":["Consume","Compile Driver"],"picked":"Sweeping Beam","floor":6},{"not_picked":["Conserve Battery","Turbo"],"picked":"Defragment","floor":7},{"not_picked":["Gash","Rebound"],"picked":"Conserve Battery","floor":8},{"not_picked":["Barrage","Hologram"],"picked":"Creative AI","floor":11},{"not_picked":["Sweeping Beam","Coolheaded"],"picked":"Rebound","floor":14},{"not_picked":["Reboot","Meteor Strike"],"picked":"Buffer","floor":16},{"not_picked":["Loop+1","Coolheaded+1"],"picked":"Hologram","floor":18},{"not_picked":["Loop","Redo"],"picked":"Stack","floor":20}],"player_experience":538134,"relics_obtained":[{"floor":6,"key":"Mummified Hand"}],"event_choices":[{"cards_removed":["Strike_B"],"damage_healed":0,"gold_gain":0,"player_choice":"Offered Basic","damage_taken":0,"max_hp_gain":0,"max_hp_loss":0,"event_name":"Bonfire Elementals","floor":2,"gold_loss":0},{"damage_healed":0,"gold_gain":75,"player_choice":"Gather Gold","damage_taken":11,"max_hp_gain":0,"max_hp_loss":0,"event_name":"World of Goop","floor":10,"gold_loss":0},{"damage_healed":0,"gold_gain":0,"player_choice":"Shed Blood","damage_taken":19,"max_hp_gain":5,"max_hp_loss":0,"event_name":"Forgotten Altar","floor":19,"gold_loss":0}],"is_beta":false,"boss_relics":[{"not_picked":["Pandora\u0027s Box","Busted Crown"],"picked":"Cursed Key"}],"items_purged_floors":[5,12],"is_endless":false,"potions_floor_spawned":[3,4,7,14],"killed_by":"Snake Plant","ascension_level":0}