{"path_per_floor":["M","M","M","?","?","E","R","E","T","E","M","$","?","M","R","B",null,"M","$","M","M","M","E","M","M","T","R","E","M","?","$","R","B",null,"M","$","M","M","?","E","R","?","T","M","M","E","M","M","R","B"],"character_chosen":"THE_SILENT","items_purchased":["Snake Skull","Pantograph","Bronze Scales","Weak Potion","Shuriken","Darkstone Periapt","Bag of Preparation","Mind Blast","Dream Catcher","Regen Potion","Mummified Hand","Master of Strategy","Dark Shackles","FearPotion"],"gold_per_floor":[144,189,234,234,234,324,324,414,414,804,849,249,499,544,544,844,874,919,344,389,434,479,569,614,659,659,659,749,794,794,326,326,626,626,671,62,107,152,299,389,389,389,464,509,554,644,689,734,734,734],"floor_reached":51,"campfire_rested":6,"playtime":2142,"current_hp_per_floor":[70,69,69,69,69,76,77,51,51,50,50,50,50,50,73,45,87,83,83,83,83,83,80,79,69,69,87,80,79,63,63,87,87,87,87,87,87,87,69,69,87,87,87,87,85,74,74,69,87,52],"items_purged":["Grand Finale"],"gold":734,"score":1098,"play_id":"79109590-0db7-4cf3-8b2e-ceccad5921c7","local_time":"20180513062417","daily_mods":["Insanity","Midas","Lethality"],"is_prod":false,"is_daily":true,"chose_seed":false,"is_ascension_mode":false,"campfire_upgraded":0,"timestamp":1526160257,"path_taken":["M","M","M","?","?","E","R","E","T","E","M","$","?","M","R","BOSS","M","$","M","M","M","E","M","M","T","R","E","M","?","$","R","BOSS","M","$","M","M","?","E","R","?","T","M","M","E","?","M","R","BOSS"],"build_version":"2018-05-10","seed_source_timestamp":0,"purchased_purges":2,"victory":true,"master_deck":["Skewer","Eviscerate","Adrenaline","Flying Knee","Tactician","Survivor","Tools of the Trade","Accuracy","Concentrate","Unload","Backstab","Flying Knee","Well Laid Plans","Venomology","Flying Knee","Masterful Stab","Deflect","Wraith Form v2","Blade Dance","Leg Sweep","Dodge and Roll","Masterful Stab","Finisher","Noxious Fumes","Heel Hook","Deadly Poison","Predator","Storm of Steel","Bouncing Flask","Escape Plan","Tactician","Blur","Concentrate","Survivor","Deflect","Acrobatics","Poisoned Stab","Dodge and Roll","Accuracy","A Thousand Cuts","Quick Slash","Defend_G","Dodge and Roll","Heel Hook","Eviscerate","Sucker Punch","Backflip","Slice","Dagger Spray","Deflect","Backstab","Wraith Form v2","All Out Attack","Cloak And Dagger","Deflect","Regret","Dagger Spray","Venomology","Clumsy","Parasite","Clumsy","Flying Knee","Terror+1","Poisoned Stab","Glass Knife","Die Die Die","Slice","PiercingWail+1","Terror","Leg Sweep","Mind Blast","Backflip+1","Tactician","Deadly Poison","Master of Strategy","Dark Shackles","Sucker Punch","Bane+1","Finisher","Bullet Time","Deflect+1","Underhanded Strike+1","Blade Dance+1","Wraith Form v2","Expertise+1","Cloak And Dagger+1","Slice+1"],"max_hp_per_floor":[70,70,70,70,70,77,77,77,77,77,77,77,77,77,77,77,87,87,87,87,87,87,87,87,87,87,87,87,87,87,87,87,87,87,87,87,87,87,87,87,87,87,87,87,87,87,87,87,87,87],"relics":["Ring of the Snake","Strawberry","Du-Vu Doll","Dodecahedron","Old Coin","Snake Skull","Pantograph","Bronze Scales","Calling Bell","Tiny Chest","Pear","Peace Pipe","Shuriken","Darkstone Periapt","Blue Candle","Ninja Scroll","Happy Flower","Enchiridion","Bag of Preparation","Dream Catcher","White Beast Statue","Mummified Hand","The Specimen","Smiling Mask","Ornamental Fan","Question Card"],"card_choices":[{"not_picked":["Sucker Punch","Prepared"],"picked":"Slice","floor":1},{"not_picked":["Backflip","Acrobatics"],"picked":"Dagger Spray","floor":2},{"not_picked":["Poisoned Stab","Accuracy"],"picked":"Deflect","floor":3},{"not_picked":["Poisoned Stab","PiercingWail"],"picked":"Wraith Form v2","floor":6},{"not_picked":["A Thousand Cuts","Backflip"],"picked":"All Out Attack","floor":8},{"not_picked":["Distraction","Backflip"],"picked":"Cloak And Dagger","floor":10},{"not_picked":["Masterful Stab","Backflip"],"picked":"Deflect","floor":11},{"not_picked":["Noxious Fumes","Slice"],"picked":"Dagger Spray","floor":14},{"not_picked":["Storm of Steel","Doppelganger"],"picked":"Venomology","floor":16},{"not_picked":["Outmaneuver","Deadly Poison"],"picked":"Flying Knee","floor":18},{"not_picked":["Footwork","Underhanded Strike"],"picked":"Terror","floor":20},{"not_picked":["Dash","Deflect"],"picked":"Poisoned Stab","floor":21},{"not_picked":["Bane","Deflect"],"picked":"Glass Knife","floor":22},{"not_picked":["Endless Agony","Blade Dance"],"picked":"Die Die Die","floor":23},{"not_picked":["Blade Dance","Deflect"],"picked":"Slice","floor":24},{"not_picked":["Deflect","All Out Attack"],"picked":"PiercingWail","floor":25},{"not_picked":["Bane","Infinite Blades"],"picked":"Terror","floor":28},{"not_picked":["Backstab","Skewer"],"picked":"Leg Sweep","floor":29},{"not_picked":["Outmaneuver","Deflect"],"picked":"Backflip","floor":32},{"not_picked":["Grand Finale","A Thousand Cuts"],"picked":"Tactician","floor":33},{"not_picked":["Choke","Prepared"],"picked":"Deadly Poison","floor":35},{"not_picked":["Flying Knee","PiercingWail"],"picked":"Sucker Punch","floor":37},{"not_picked":["Slice","Dagger Throw"],"picked":"Bane","floor":38},{"not_picked":["Prepared","Tools of the Trade"],"picked":"Finisher","floor":39},{"not_picked":["PiercingWail","Quick Slash"],"picked":"Bullet Time","floor":40},{"not_picked":["PiercingWail","Footwork"],"picked":"Deflect","floor":41},{"not_picked":["Dagger Spray","Masterful Stab"],"picked":"Underhanded Strike","floor":44},{"not_picked":["Dagger Spray","Dodge and Roll"],"picked":"Blade Dance","floor":45},{"not_picked":["Distraction","Burst"],"picked":"Wraith Form v2","floor":46},{"not_picked":["Backflip","Dagger Spray","Deadly Poison"],"picked":"Expertise","floor":47},{"not_picked":["Deadly Poison","Bane","Deflect"],"picked":"Cloak And Dagger","floor":48},{"not_picked":["Leg Sweep","Heel Hook","Deflect"],"picked":"Slice","floor":49}],"player_experience":533600,"potions_floor_usage":[8,16,16,21,21,22,22,23,23,24,28,28,29,33,33,33,33,33,33,35,38,39,40,40,45,46,46,48,50,50,50],"damage_taken":[{"damage":0,"enemies":"Jaw Worm","floor":1,"turns":1},{"damage":1,"enemies":"Cultist","floor":2,"turns":3},{"damage":0,"enemies":"Small Slimes","floor":3,"turns":1},{"damage":0,"enemies":"Gremlin Nob","floor":6,"turns":2},{"damage":26,"enemies":"Lagavulin","floor":8,"turns":5},{"damage":1,"enemies":"Gremlin Nob","floor":10,"turns":3},{"damage":0,"enemies":"Blue Slaver","floor":11,"turns":1},{"damage":0,"enemies":"Lots of Slimes","floor":14,"turns":2},{"damage":41,"enemies":"Hexaghost","floor":16,"turns":6},{"damage":4,"enemies":"2 Thieves","floor":18,"turns":2},{"damage":0,"enemies":"Spheric Guardian","floor":20,"turns":1},{"damage":0,"enemies":"3 Cultists","floor":21,"turns":4},{"damage":0,"enemies":"Snake Plant","floor":22,"turns":2},{"damage":3,"enemies":"Gremlin Leader","floor":23,"turns":5},{"damage":1,"enemies":"Chosen and Byrds","floor":24,"turns":2},{"damage":10,"enemies":"Sentry and Sphere","floor":25,"turns":3},{"damage":7,"enemies":"Book of Stabbing","floor":28,"turns":2},{"damage":1,"enemies":"Snake Plant","floor":29,"turns":1},{"damage":0,"enemies":"Champ","floor":33,"turns":4},{"damage":0,"enemies":"Flame Bruiser 1 Orb","floor":35,"turns":2},{"damage":0,"enemies":"3 Darklings","floor":37,"turns":2},{"damage":0,"enemies":"Flame Bruiser 2 Orb","floor":38,"turns":2},{"damage":18,"enemies":"ê_îÈÇÃãÖëÃ","floor":39,"turns":2},{"damage":0,"enemies":"Nemesis","floor":40,"turns":1},{"damage":0,"enemies":"Spire Growth","floor":44,"turns":1},{"damage":2,"enemies":"Maw","floor":45,"turns":3},{"damage":11,"enemies":"2 Orb Walkers","floor":46,"turns":4},{"damage":0,"enemies":"Flame Bruiser 2 Orb","floor":47,"turns":1},{"damage":5,"enemies":"4 Shapes","floor":48,"turns":2},{"damage":35,"enemies":"Donu and Deca","floor":50,"turns":6}],"event_choices":[{"event_name":"Match and Keep!","player_choice":"0 cards matched","floor":4,"damage_taken":0},{"event_name":"Transmorgrifier","player_choice":"Transform","floor":5,"damage_taken":0},{"event_name":"Golden Shrine","player_choice":"Desecrate","floor":13,"damage_taken":0},{"event_name":"Cursed Tome","player_choice":"Obtained Book","floor":30,"damage_taken":0},{"event_name":"Mysterious Sphere","player_choice":"Fight","floor":39,"damage_taken":0}],"boss_relics":[{"not_picked":["Tiny House","Sozu"],"picked":"Calling Bell"},{"not_picked":["Orrery","Black Star"],"picked":"White Beast Statue"}],"potions_floor_spawned":[11,14,16,21,22,24,25,29,35,37,38,39,40,44,45,46,47,48],"seed_played":"-6008848597544292010","ascension_level":0,"is_trial":false}