{"gold_per_floor":[144,144,189,234,279,279,369,369,369,417,417,462,22,67,67,367,367,412,120,165,210,210,300,300,345,345,435,480,480,540,540,540,840,840,885,930,1152,1197,449,449,449,449,449,539,539,584,1,46,46,46],"floor_reached":51,"playtime":1602,"items_purged":[],"score":1267,"play_id":"e9b6aea1-553a-4c21-af22-55a7e2b75fd7","local_time":"20181125192458","daily_mods":["Cursed Run","Hoarder","Midas"],"is_ascension_mode":false,"campfire_choices":[{"floor":6,"key":"REST"},{"floor":8,"key":"REST"},{"floor":15,"key":"REST"},{"floor":24,"key":"REST"},{"floor":29,"key":"REST"},{"floor":32,"key":"REST"},{"floor":41,"key":"REST"},{"floor":45,"key":"REST"},{"floor":49,"key":"REST"}],"neow_cost":"","seed_source_timestamp":0,"circlet_count":0,"master_deck":["Strike_R","Strike_R","Strike_R","Strike_R","Strike_R","Defend_R","Defend_R","Defend_R","Defend_R","Bash","Perfected Strike","Perfected Strike","Perfected Strike","Anger","Anger","Anger","Jack Of All Trades","Jack Of All Trades","Jack Of All Trades","Ghostly Armor","Ghostly Armor","Ghostly Armor","Juggernaut","Juggernaut","Rage","Rage","Rage","Heavy Blade+1","Heavy Blade+1","Heavy Blade+1","Parasite","Parasite","Parasite","Armaments","Armaments","Armaments","Headbutt+1","Headbutt+1","Headbutt+1","Bloodletting","Bloodletting","Bloodletting","Shrug It Off","Shrug It Off","Shrug It Off","Decay","Decay","Decay","Offering","Offering","Offering","Heavy Blade+1","Heavy Blade+1","Heavy Blade+1","Pommel Strike+1","Pommel Strike+1","Pommel Strike+1","Inflame","Inflame","Inflame","Havoc","Havoc","Havoc","Thunderclap+1","Thunderclap+1","Thunderclap+1","Rage","Rage","Rage","Ghostly Armor","Ghostly Armor","Ghostly Armor","Shame","Shame","Shame","Heavy Blade+1","Heavy Blade+1","Heavy Blade+1","Warcry","Warcry","Warcry","Iron Wave+1","Iron Wave+1","Iron Wave+1","Doubt","Doubt","Doubt","Fiend Fire+1","Fiend Fire+1","Fiend Fire+1","Shrug It Off","Shrug It Off","Shrug It Off","Evolve+1","Evolve+1","Evolve+1","Body Slam+1","Body Slam+1","Body Slam+1","Impatience","Impatience","Impatience","Parasite","Parasite","Parasite","Burning Pact+1","Burning Pact+1","Burning Pact+1","Pommel Strike+1","Pommel Strike+1","Pommel Strike+1","Double Tap","Double Tap","Double Tap","Secret Technique","Secret Technique","Secret Technique","Blind","Blind","Blind","Warcry+1","Warcry+1","Warcry+1","Shame","Shame","Shame"],"special_seed":17860,"relics":["Cursed Key","Darkstone Periapt","Du-Vu Doll","Molten Egg 2","Incense Burner","Odd Mushroom","Mercury Hourglass","Blue Candle","Anchor","Mark of Pain","HandDrill","Bag of Marbles","Red Skull","Paper Frog","Red Mask","Snecko Eye","Bird Faced Urn","Juzu Bracelet","Medical Kit","Pear","Blood Vial","Brimstone"],"potions_floor_usage":[16,16,23,23,44],"damage_taken":[{"damage":3,"enemies":"Small Slimes","floor":1,"turns":4},{"damage":0,"enemies":"Cultist","floor":3,"turns":1},{"damage":1,"enemies":"Jaw Worm","floor":4,"turns":2},{"damage":0,"enemies":"2 Fungi Beasts","floor":5,"turns":2},{"damage":0,"enemies":"Lagavulin","floor":7,"turns":3},{"damage":6,"enemies":"The Mushroom Lair","floor":10,"turns":3},{"damage":1,"enemies":"Blue Slaver","floor":12,"turns":3},{"damage":0,"enemies":"Large Slime","floor":14,"turns":1},{"damage":38,"enemies":"Hexaghost","floor":16,"turns":5},{"damage":3,"enemies":"Shell Parasite","floor":18,"turns":3},{"damage":10,"enemies":"3 Byrds","floor":20,"turns":2},{"damage":12,"enemies":"Snecko","floor":21,"turns":3},{"damage":4,"enemies":"Slavers","floor":23,"turns":3},{"damage":1,"enemies":"3 Cultists","floor":25,"turns":2},{"damage":0,"enemies":"Gremlin Leader","floor":27,"turns":2},{"damage":0,"enemies":"Centurion and Healer","floor":28,"turns":2},{"damage":1,"enemies":"Masked Bandits","floor":30,"turns":1},{"damage":36,"enemies":"Automaton","floor":33,"turns":5},{"damage":0,"enemies":"Orb Walker","floor":35,"turns":1},{"damage":3,"enemies":"3 Darklings","floor":36,"turns":4},{"damage":2,"enemies":"Maw","floor":38,"turns":3},{"damage":0,"enemies":"Nemesis","floor":44,"turns":1},{"damage":10,"enemies":"Spire Growth","floor":46,"turns":1},{"damage":19,"enemies":"Transient","floor":48,"turns":5},{"damage":61,"enemies":"Awakened One","floor":50,"turns":5}],"seed_played":"-1394780119887161805","potions_obtained":[{"floor":4,"key":"Strength Potion"},{"floor":10,"key":"LiquidBronze"},{"floor":12,"key":"SkillPotion"},{"floor":18,"key":"Regen Potion"},{"floor":23,"key":"Regen Potion"},{"floor":28,"key":"FearPotion"},{"floor":30,"key":"Energy Potion"},{"floor":44,"key":"Fruit Juice"}],"is_trial":false,"path_per_floor":["M","?","M","M","M","R","E","R","T","?","?","M","$","M","R","B",null,"M","$","M","M","?","E","R","M","T","E","M","R","?","?","R","B",null,"M","M","?","M","$","?","R","?","T","E","R","M","$","M","R","B",null],"character_chosen":"IRONCLAD","items_purchased":["Blue Candle","Anchor","Bloodletting","HandDrill","Pommel Strike+1","Inflame","Bird Faced Urn","Juzu Bracelet","Medical Kit","Impatience","Brimstone","Double Tap","Secret Technique","Block Potion","Blind"],"campfire_rested":9,"item_purchase_floors":[13,13,13,19,19,19,39,39,39,39,47,47,47,47,47],"current_hp_per_floor":[77,77,77,76,76,80,80,80,86,80,73,72,72,72,86,54,92,89,89,79,67,67,72,92,91,97,97,97,98,97,97,98,68,104,104,101,101,99,99,99,104,104,120,125,125,117,117,104,125,72],"gold":46,"neow_bonus":"","is_prod":false,"is_daily":true,"chose_seed":false,"campfire_upgraded":0,"win_rate":0,"timestamp":1543141498,"path_taken":["M","?","?","M","M","R","E","R","T","?","?","M","$","?","R","BOSS","M","$","M","M","?","E","R","M","T","E","M","R","?","?","R","BOSS","M","M","?","M","$","?","R","?","T","E","R","M","$","M","R","BOSS"],"build_version":"2018-11-15","purchased_purges":0,"victory":true,"max_hp_per_floor":[80,80,80,80,80,80,80,80,86,86,86,86,86,86,86,92,92,92,92,92,92,92,92,92,92,98,98,98,98,98,98,98,104,104,104,104,104,104,104,104,104,104,120,125,125,125,125,125,125,131],"card_choices":[{"not_picked":["Headbutt","Dropkick"],"picked":"Perfected Strike","floor":1},{"not_picked":["Havoc","Iron Wave"],"picked":"Ghostly Armor","floor":3},{"not_picked":["Armaments","Twin Strike"],"picked":"Juggernaut","floor":4},{"not_picked":["Pummel","Spot Weakness"],"picked":"Rage","floor":5},{"not_picked":["Rupture","Headbutt"],"picked":"Heavy Blade","floor":7},{"not_picked":["Twin Strike+1","Sword Boomerang+1"],"picked":"Armaments","floor":10},{"not_picked":["Clash+1","Disarm"],"picked":"Headbutt+1","floor":12},{"not_picked":["Wild Strike+1","Thunderclap+1"],"picked":"Shrug It Off","floor":14},{"not_picked":["Exhume","Reaper+1"],"picked":"Offering","floor":16},{"not_picked":["Pommel Strike+1","Evolve"],"picked":"Heavy Blade+1","floor":18},{"not_picked":["Armaments","Combust"],"picked":"Havoc","floor":20},{"not_picked":["Flex","Twin Strike+1"],"picked":"Thunderclap+1","floor":21},{"not_picked":["Dual Wield+1","Thunderclap+1"],"picked":"Rage","floor":23},{"not_picked":["Sentinel","Armaments"],"picked":"Ghostly Armor","floor":25},{"not_picked":["Armaments","Rampage+1"],"picked":"Heavy Blade+1","floor":27},{"not_picked":["True Grit","Anger+1"],"picked":"Warcry","floor":28},{"not_picked":["Clothesline+1","Spot Weakness"],"picked":"Iron Wave+1","floor":30},{"not_picked":["Berserk","Reaper+1"],"picked":"Fiend Fire+1","floor":33},{"not_picked":["Thunderclap+1","Intimidate"],"picked":"Shrug It Off","floor":35},{"not_picked":["Headbutt+1","Wild Strike+1"],"picked":"Evolve+1","floor":36},{"not_picked":["Second Wind+1","Dual Wield+1"],"picked":"Body Slam+1","floor":38},{"not_picked":["Iron Wave+1","Body Slam+1"],"picked":"Burning Pact+1","floor":44},{"not_picked":["Sword Boomerang+1","Twin Strike+1"],"picked":"Pommel Strike+1","floor":46},{"not_picked":["Body Slam+1","Reckless Charge+1"],"picked":"Warcry+1","floor":48}],"player_experience":484088,"relics_obtained":[{"floor":7,"key":"Molten Egg 2"},{"floor":9,"key":"Incense Burner"},{"floor":10,"key":"Odd Mushroom"},{"floor":23,"key":"Bag of Marbles"},{"floor":26,"key":"Red Skull"},{"floor":27,"key":"Paper Frog"},{"floor":30,"key":"Red Mask"},{"floor":43,"key":"Pear"},{"floor":44,"key":"Blood Vial"}],"event_choices":[{"damage_healed":0,"gold_gain":0,"player_choice":"2 cards matched","damage_taken":0,"max_hp_gain":0,"max_hp_loss":0,"event_name":"Match and Keep!","floor":2,"gold_loss":0,"cards_obtained":["Anger","Jack Of All Trades"]},{"damage_healed":0,"gold_gain":0,"player_choice":"Fought Mushrooms","damage_taken":0,"max_hp_gain":0,"max_hp_loss":0,"event_name":"Mushrooms","floor":10,"gold_loss":0},{"damage_healed":0,"gold_gain":0,"player_choice":"Success","damage_taken":7,"relics_obtained":["Mercury Hourglass"],"max_hp_gain":0,"max_hp_loss":0,"event_name":"Scrap Ooze","floor":11,"gold_loss":0},{"damage_healed":0,"gold_gain":0,"player_choice":"Ignored","damage_taken":0,"max_hp_gain":0,"max_hp_loss":0,"event_name":"Vampires","floor":22,"gold_loss":0},{"damage_healed":0,"gold_gain":0,"player_choice":"Fought Bandits","damage_taken":0,"max_hp_gain":0,"max_hp_loss":0,"event_name":"Masked Bandits","floor":30,"gold_loss":0},{"damage_healed":0,"gold_gain":0,"player_choice":"Ignored","damage_taken":0,"max_hp_gain":0,"max_hp_loss":0,"event_name":"Ghosts","floor":31,"gold_loss":0},{"damage_healed":0,"gold_gain":222,"player_choice":"Wore Mask","damage_taken":0,"max_hp_gain":0,"max_hp_loss":0,"event_name":"Tomb of Lord Red Mask","floor":37,"gold_loss":0},{"cards_removed":["Juggernaut"],"damage_healed":0,"gold_gain":0,"player_choice":"Removed Power","damage_taken":0,"max_hp_gain":0,"max_hp_loss":0,"event_name":"Falling","floor":40,"gold_loss":0},{"damage_healed":0,"gold_gain":0,"player_choice":"Ignored","damage_taken":0,"max_hp_gain":0,"max_hp_loss":0,"event_name":"SecretPortal","floor":42,"gold_loss":0}],"is_beta":false,"boss_relics":[{"not_picked":["Sozu","Orrery"],"picked":"Mark of Pain"},{"not_picked":["Black Star","Pandora\u0027s Box"],"picked":"Snecko Eye"}],"items_purged_floors":[],"is_endless":false,"potions_floor_spawned":[4,10,12,14,18,23,28,30,36,44],"ascension_level":0}