{"gold_per_floor":[112,112,112,112,132,132,151,151,151,151,181,194,204,224,224,327,327,345,345],"floor_reached":19,"playtime":662,"items_purged":[],"score":254,"play_id":"9ba03df1-9c9f-4a51-8d52-09c979d2cba3","local_time":"20190825213039","is_ascension_mode":true,"campfire_choices":[{"data":"Twin Strike","floor":6,"key":"SMITH"},{"data":"Inflame","floor":8,"key":"SMITH"},{"floor":10,"key":"REST"},{"floor":15,"key":"REST"}],"neow_cost":"NONE","seed_source_timestamp":905738212775800,"circlet_count":0,"master_deck":["AscendersBane","Strike_R","Strike_R","Defend_R","Defend_R","Defend_R","Bash+1","Twin Strike+1","Inflame+1","Double Tap","Flame Barrier","Heavy Blade","Intimidate","Demon Form","Whirlwind+1","Juggernaut+1","Dropkick+1"],"relics":["Burning Blood","Matryoshka","Paper Frog","Astrolabe"],"potions_floor_usage":[16,16],"damage_taken":[{"damage":1,"enemies":"Cultist","floor":1,"turns":3},{"damage":15,"enemies":"Small Slimes","floor":5,"turns":3},{"damage":2,"enemies":"Jaw Worm","floor":7,"turns":3},{"damage":16,"enemies":"Gremlin Nob","floor":11,"turns":3},{"damage":29,"enemies":"Gremlin Gang","floor":12,"turns":4},{"damage":1,"enemies":"2 Fungi Beasts","floor":13,"turns":4},{"damage":1,"enemies":"Blue Slaver","floor":14,"turns":2},{"damage":68,"enemies":"The Guardian","floor":16,"turns":11},{"damage":29,"enemies":"3 Byrds","floor":18,"turns":5},{"damage":0,"enemies":"Spheric Guardian","floor":19,"turns":2}],"seed_played":"-2044667900032925078","potions_obtained":[{"floor":1,"key":"LiquidBronze"},{"floor":5,"key":"Ancient Potion"},{"floor":11,"key":"GamblersBrew"},{"floor":14,"key":"Weak Potion"},{"floor":16,"key":"Ancient Potion"}],"is_trial":false,"path_per_floor":["M","?","$","?","M","R","M","R","T","R","E","M","M","M","R","B",null,"M","M"],"character_chosen":"IRONCLAD","items_purchased":[],"campfire_rested":2,"item_purchase_floors":[],"current_hp_per_floor":[77,77,77,70,61,61,65,65,65,80,70,47,52,57,80,18,65,42,42],"gold":345,"neow_bonus":"UPGRADE_CARD","is_prod":false,"is_daily":false,"chose_seed":false,"campfire_upgraded":2,"win_rate":0,"timestamp":1566736239,"path_taken":["M","?","$","?","?","R","M","R","T","R","E","M","?","M","R","BOSS","M","M"],"build_version":"2019-07-17","purchased_purges":0,"victory":false,"max_hp_per_floor":[80,80,80,80,80,80,80,80,80,80,80,80,80,80,80,80,80,80,80],"card_choices":[{"not_picked":["Sword Boomerang","Armaments"],"picked":"Twin Strike","floor":1},{"not_picked":["Warcry","Fire Breathing","Wild Strike"],"picked":"SKIP","floor":5},{"not_picked":["Sword Boomerang","Armaments"],"picked":"Inflame","floor":7},{"not_picked":["Burning Pact","Power Through"],"picked":"Double Tap","floor":11},{"not_picked":["Sword Boomerang","Clash"],"picked":"Flame Barrier","floor":12},{"not_picked":["Thunderclap","Fire Breathing"],"picked":"Heavy Blade","floor":13},{"not_picked":["Pommel Strike","Feel No Pain"],"picked":"Intimidate","floor":14},{"not_picked":["Dark Embrace","Brutality"],"picked":"Demon Form","floor":16},{"not_picked":["Dual Wield","Warcry","Hemokinesis+1"],"picked":"SKIP","floor":18}],"player_experience":215676,"relics_obtained":[{"floor":9,"key":"Matryoshka"},{"floor":11,"key":"Paper Frog"}],"event_choices":[{"damage_healed":0,"gold_gain":0,"player_choice":"Ignored","damage_taken":0,"max_hp_gain":0,"max_hp_loss":0,"event_name":"Shining Light","floor":2,"gold_loss":0},{"cards_removed":["Strike_R"],"damage_healed":0,"gold_gain":0,"player_choice":"Card Removal","damage_taken":7,"max_hp_gain":0,"max_hp_loss":0,"event_name":"Golden Wing","floor":4,"gold_loss":0}],"is_beta":false,"boss_relics":[{"not_picked":["Empty Cage","Tiny House"],"picked":"Astrolabe"}],"items_purged_floors":[],"is_endless":false,"potions_floor_spawned":[1,5,11,14,16],"killed_by":"Spheric Guardian","ascension_level":10}