{"path_per_floor":["M","?","M","M","?","R","M","M","T","M","$","?","M","M","R","B",null,"M","?","$","?","?","R","E","R","T","E","M","E","M","M","R","B",null,"M","?","M","$","M","M","T","M","T","?","R","M","M","$","R","B"],"character_chosen":"IRONCLAD","items_purchased":["Bird Faced Urn","Toxic Egg 2","Self Forming Clay","Centennial Puzzle","Mind Blast","Champion Belt","Orichalcum","Strength Potion","Weak Potion"],"gold_per_floor":[144,144,189,234,234,234,279,324,324,369,69,69,114,159,159,459,459,504,504,179,179,179,179,269,269,269,359,404,524,569,614,614,914,914,959,1004,1049,446,491,536,536,581,581,581,581,626,671,21,21,21],"floor_reached":51,"campfire_rested":5,"playtime":1537,"current_hp_per_floor":[76,76,80,78,78,80,80,80,80,70,70,70,68,72,80,47,80,67,51,51,51,51,75,77,80,80,80,80,80,80,80,80,44,80,80,76,82,82,84,84,84,84,84,73,73,60,66,66,66,49],"items_purged":["Regret","Feed"],"gold":21,"score":853,"play_id":"2676345e-f1d1-4ae7-a3f7-dddc19ad30a7","local_time":"20180419224957","daily_mods":["Draft","Midas","Lethality"],"is_prod":false,"is_daily":true,"chose_seed":false,"is_ascension_mode":false,"campfire_upgraded":0,"timestamp":1524145797,"path_taken":["M","?","?","M","?","R","M","M","T","?","?","?","?","M","R","BOSS","M","?","$","?","?","R","E","R","T","E","?","E","M","M","R","BOSS","M","?","M","$","M","M","?","M","T","?","R","M","?","$","R","BOSS"],"build_version":"2018-04-12","seed_source_timestamp":0,"purchased_purges":2,"victory":true,"master_deck":["Cleave","Clash","Intimidate","True Grit","Armaments+1","Uppercut","Iron Wave","Rupture","Thunderclap","Pommel Strike","Spot Weakness","True Grit","Iron Wave","Iron Wave","Havoc","Carnage","Shockwave","Combust+1","Headbutt","Thunderclap","Whirlwind+1","Offering+1","Headbutt+1","Necronomicurse","Bludgeon+1","Whirlwind+1","Shrug It Off+1","Heavy Blade+1","Headbutt+1","Bludgeon+1","Flex+1","Battle Trance+1","Heavy Blade+1","Mind Blast+1","Warcry+1","Flex+1","Immolate+1","Madness","Madness","Clothesline+1","Clash+1"],"max_hp_per_floor":[80,80,80,80,80,80,80,80,80,80,80,80,80,80,80,80,80,80,80,80,80,80,80,80,80,80,80,80,80,80,80,80,80,80,80,84,84,84,84,84,84,84,84,84,84,84,84,84,84,84],"relics":["Burning Blood","Molten Egg 2","Bird Faced Urn","Ice Cream","Black Star","Necronomicon","Nloth\u0027s Gift","Paper Frog","Blue Candle","Mummified Hand","Toolbox","Shuriken","Lantern","Tiny Chest","Mark of Pain","Girya","Self Forming Clay","Centennial Puzzle","Darkstone Periapt","Matryoshka","Champion Belt","Orichalcum"],"card_choices":[{"not_picked":["Warcry","Flex"],"picked":"Cleave","floor":0},{"not_picked":["Sword Boomerang","Havoc"],"picked":"Clash","floor":0},{"not_picked":["Warcry","Headbutt"],"picked":"Intimidate","floor":0},{"not_picked":["Anger","Havoc"],"picked":"True Grit","floor":0},{"not_picked":["Uppercut","Sword Boomerang"],"picked":"Armaments","floor":0},{"not_picked":["Cleave","Sword Boomerang"],"picked":"Uppercut","floor":0},{"not_picked":["Evolve","Cleave"],"picked":"Iron Wave","floor":0},{"not_picked":["Hemokinesis","Combust"],"picked":"Rupture","floor":0},{"not_picked":["Dual Wield","Inflame"],"picked":"Thunderclap","floor":0},{"not_picked":["Dropkick","Searing Blow"],"picked":"Pommel Strike","floor":0},{"not_picked":["Sever Soul","Body Slam"],"picked":"Spot Weakness","floor":0},{"not_picked":["Twin Strike","Anger"],"picked":"True Grit","floor":0},{"not_picked":["Pummel","Spot Weakness"],"picked":"Iron Wave","floor":0},{"not_picked":["Armaments","Body Slam"],"picked":"Iron Wave","floor":0},{"not_picked":["Anger","Perfected Strike"],"picked":"Havoc","floor":0},{"not_picked":["Headbutt","Bloodletting"],"picked":"Carnage","floor":1},{"not_picked":["Perfected Strike","Dropkick"],"picked":"Shockwave","floor":3},{"not_picked":["Reckless Charge","Dropkick"],"picked":"Combust","floor":4},{"not_picked":["Pommel Strike","Sword Boomerang"],"picked":"Headbutt","floor":7},{"not_picked":["Body Slam","Iron Wave"],"picked":"Thunderclap","floor":8},{"not_picked":["Evolve","Uppercut"],"picked":"Whirlwind","floor":14},{"not_picked":["Impervious","Reaper"],"picked":"Offering","floor":16},{"not_picked":["Flex","Sword Boomerang"],"picked":"Headbutt","floor":18},{"not_picked":["Twin Strike","Headbutt"],"picked":"Bludgeon","floor":24},{"not_picked":["Corruption","Clothesline"],"picked":"Whirlwind","floor":27},{"not_picked":["Burning Pact","Clash"],"picked":"Feed","floor":28},{"not_picked":["Heavy Blade","Impervious"],"picked":"Shrug It Off","floor":29},{"not_picked":["Perfected Strike","Entrench"],"picked":"Heavy Blade","floor":30},{"not_picked":["Feed","Havoc"],"picked":"Headbutt","floor":31},{"not_picked":["Juggernaut","Barricade"],"picked":"Bludgeon","floor":33},{"not_picked":["Headbutt","Heavy Blade"],"picked":"Flex","floor":35},{"not_picked":["Barricade","Anger"],"picked":"Battle Trance","floor":36},{"not_picked":["Headbutt","Sentinel"],"picked":"Heavy Blade","floor":37},{"not_picked":["Twin Strike","Reckless Charge"],"picked":"Warcry","floor":39},{"not_picked":["Cleave","Power Through"],"picked":"Flex","floor":40},{"not_picked":["Body Slam","Cleave"],"picked":"Immolate","floor":42},{"not_picked":["Metallicize","Body Slam"],"picked":"Clothesline","floor":46},{"not_picked":["Sword Boomerang","Metallicize"],"picked":"Clash","floor":47}],"player_experience":457111,"potions_floor_usage":[16,16,28,33,50,50,50],"damage_taken":[{"damage":10,"enemies":"Jaw Worm","floor":1,"turns":2},{"damage":0,"enemies":"Cultist","floor":3,"turns":3},{"damage":8,"enemies":"Small Slimes","floor":4,"turns":2},{"damage":6,"enemies":"Exordium Thugs","floor":7,"turns":3},{"damage":6,"enemies":"2 Fungi Beasts","floor":8,"turns":3},{"damage":16,"enemies":"Red Slaver","floor":10,"turns":2},{"damage":10,"enemies":"Exordium Wildlife","floor":13,"turns":2},{"damage":2,"enemies":"2 Fungi Beasts","floor":14,"turns":3},{"damage":39,"enemies":"The Guardian","floor":16,"turns":6},{"damage":21,"enemies":"Shell Parasite","floor":18,"turns":5},{"damage":4,"enemies":"Slavers","floor":24,"turns":1},{"damage":4,"enemies":"Book of Stabbing","floor":27,"turns":1},{"damage":2,"enemies":"3 Byrds","floor":28,"turns":2},{"damage":4,"enemies":"Slavers","floor":29,"turns":1},{"damage":0,"enemies":"Centurion and Healer","floor":30,"turns":1},{"damage":4,"enemies":"Snake Plant","floor":31,"turns":1},{"damage":46,"enemies":"Collector","floor":33,"turns":5},{"damage":0,"enemies":"3 Darklings","floor":35,"turns":1},{"damage":16,"enemies":"ê_îÈÇÃãÖëÃ","floor":36,"turns":3},{"damage":0,"enemies":"Orb Walker","floor":37,"turns":1},{"damage":4,"enemies":"Maw","floor":39,"turns":2},{"damage":0,"enemies":"3 Darklings","floor":40,"turns":2},{"damage":6,"enemies":"4 Shapes","floor":42,"turns":2},{"damage":23,"enemies":"Maw","floor":46,"turns":3},{"damage":0,"enemies":"3 Darklings","floor":47,"turns":1},{"damage":25,"enemies":"Time Eater","floor":50,"turns":4}],"event_choices":[{"event_name":"Upgrade Shrine","player_choice":"Upgraded","floor":2,"damage_taken":0},{"event_name":"Accursed Blacksmith","player_choice":"Forge","floor":5,"damage_taken":0},{"event_name":"Big Fish","player_choice":"Box","floor":12,"damage_taken":0},{"event_name":"Cursed Tome","player_choice":"Obtained Book","floor":19,"damage_taken":0},{"event_name":"N\u0027loth","player_choice":"Traded a Toxic Egg 2","floor":21,"damage_taken":0},{"event_name":"Upgrade Shrine","player_choice":"Upgraded","floor":22,"damage_taken":0},{"event_name":"Mysterious Sphere","player_choice":"Fight","floor":36,"damage_taken":0},{"event_name":"Winding Halls","player_choice":"Embrace Madness","floor":44,"damage_taken":0}],"boss_relics":[{"not_picked":["Black Blood","Philosopher\u0027s Stone"],"picked":"Black Star"},{"not_picked":["Snecko Eye","Sozu"],"picked":"Mark of Pain"}],"potions_floor_spawned":[7,14,16,18,27,28,31,33,36,39,47],"seed_played":"8716809714031627175","ascension_level":0,"is_trial":false}