{"gold_per_floor":[361,376,392,41,41,41,66,66,66,66,82,82,92,110,110,188,188,201,116,128,142,161,161,190,190,490,490,540,551,562,589,589,589],"floor_reached":33,"playtime":1527,"items_purged":[],"score":637,"play_id":"41caf2ed-26bf-4ad0-8ed9-50ffc668d131","local_time":"20190823081645","is_ascension_mode":true,"campfire_choices":[{"data":"Zap","floor":6,"key":"SMITH"},{"data":"Redo","floor":8,"key":"SMITH"},{"data":"Dualcast","floor":10,"key":"SMITH"},{"data":"Coolheaded","floor":15,"key":"SMITH"},{"data":"White Noise","floor":23,"key":"SMITH"},{"data":"Biased Cognition","floor":25,"key":"SMITH"},{"data":"Glacier","floor":27,"key":"SMITH"},{"data":"Coolheaded","floor":32,"key":"SMITH"}],"neow_cost":"TEN_PERCENT_HP_LOSS","seed_source_timestamp":178327581137400,"circlet_count":0,"master_deck":["AscendersBane","Strike_B","Strike_B","Strike_B","Strike_B","Defend_B","Defend_B","Defend_B","Defend_B","Zap+1","Dualcast+1","Rebound","Self Repair","Self Repair","Glacier+1","Ball Lightning","Redo+1","Coolheaded+1","White Noise+1","Electrodynamics","Biased Cognition+1","Glacier","Conserve Battery+1","Thunder Strike","Coolheaded+1","Hologram"],"relics":["Cracked Core","Chemical X","WarpedTongs","Bottled Tornado","Mercury Hourglass","Runic Dome","Anchor","Bag of Preparation","Old Coin","DataDisk"],"potions_floor_usage":[16,24,24,31],"damage_taken":[{"damage":1,"enemies":"Cultist","floor":1,"turns":3},{"damage":9,"enemies":"Jaw Worm","floor":2,"turns":4},{"damage":8,"enemies":"2 Louse","floor":3,"turns":3},{"damage":17,"enemies":"Lagavulin","floor":7,"turns":7},{"damage":5,"enemies":"Exordium Thugs","floor":11,"turns":4},{"damage":1,"enemies":"2 Fungi Beasts","floor":13,"turns":2},{"damage":8,"enemies":"Blue Slaver","floor":14,"turns":3},{"damage":21,"enemies":"Hexaghost","floor":16,"turns":8},{"damage":23,"enemies":"2 Thieves","floor":18,"turns":3},{"damage":9,"enemies":"Chosen","floor":20,"turns":6},{"damage":8,"enemies":"Snecko","floor":21,"turns":3},{"damage":1,"enemies":"Sentry and Sphere","floor":22,"turns":4},{"damage":8,"enemies":"Gremlin Leader","floor":24,"turns":4},{"damage":0,"enemies":"Chosen and Byrds","floor":29,"turns":2},{"damage":14,"enemies":"Shelled Parasite and Fungi","floor":30,"turns":3},{"damage":0,"enemies":"Book of Stabbing","floor":31,"turns":5},{"damage":88,"enemies":"Champ","floor":33,"turns":9}],"seed_played":"-4915083769105036281","potions_obtained":[{"floor":7,"key":"Regen Potion"},{"floor":13,"key":"SteroidPotion"},{"floor":16,"key":"Ancient Potion"},{"floor":20,"key":"Fire Potion"},{"floor":24,"key":"Swift Potion"}],"is_trial":false,"path_per_floor":["M","M","M","$","?","R","E","R","T","R","M","?","M","M","R","B",null,"M","?","M","M","M","R","E","R","T","R","?","M","M","E","R","B"],"character_chosen":"DEFECT","items_purchased":["Glacier","Chemical X","Ball Lightning"],"campfire_rested":0,"item_purchase_floors":[4,4,4],"current_hp_per_floor":[63,54,53,53,53,53,43,43,43,43,55,48,54,53,53,57,62,53,53,61,53,64,64,64,64,64,64,64,64,60,64,64,0],"gold":589,"neow_bonus":"TWO_FIFTY_GOLD","is_prod":false,"is_daily":false,"chose_seed":false,"campfire_upgraded":8,"win_rate":0,"timestamp":1566515805,"path_taken":["M","M","M","$","?","R","E","R","T","R","?","?","M","M","R","BOSS","M","?","M","M","M","R","E","R","T","R","?","M","?","E","R","BOSS"],"build_version":"2019-07-17","purchased_purges":0,"victory":false,"max_hp_per_floor":[64,64,64,64,64,64,64,64,64,64,64,64,64,64,64,64,64,64,64,64,64,64,64,64,64,64,64,64,64,64,64,64,64],"card_choices":[{"not_picked":["Cold Snap","Go for the Eyes"],"picked":"Rebound","floor":1},{"not_picked":["Consume","Turbo"],"picked":"Self Repair","floor":2},{"not_picked":["Force Field","Chill"],"picked":"Self Repair","floor":3},{"not_picked":["Reprogram","Ball Lightning"],"picked":"Redo","floor":7},{"not_picked":["Stack","Gash"],"picked":"Coolheaded","floor":11},{"not_picked":["Stack","Gash"],"picked":"White Noise","floor":13},{"not_picked":["Conserve Battery","Go for the Eyes"],"picked":"Electrodynamics","floor":14},{"not_picked":["Meteor Strike","All For One"],"picked":"Biased Cognition","floor":16},{"not_picked":["Static Discharge","Rebound"],"picked":"Glacier","floor":18},{"not_picked":["Turbo","Steam Power","Cold Snap"],"picked":"SKIP","floor":20},{"not_picked":["Steam","Conserve Battery","Beam Cell+1"],"picked":"SKIP","floor":21},{"not_picked":["Gash","Redo"],"picked":"Conserve Battery+1","floor":22},{"not_picked":["Ball Lightning","Lockon"],"picked":"Thunder Strike","floor":24},{"not_picked":["Capacitor","Tempest"],"picked":"Coolheaded","floor":29},{"not_picked":["Aggregate+1","Beam Cell","Turbo"],"picked":"SKIP","floor":30},{"not_picked":["Loop","Heatsinks"],"picked":"Hologram","floor":31}],"player_experience":760967,"relics_obtained":[{"floor":7,"key":"Bottled Tornado"},{"floor":9,"key":"Mercury Hourglass"},{"floor":24,"key":"Bag of Preparation"},{"floor":26,"key":"Old Coin"},{"floor":31,"key":"DataDisk"}],"event_choices":[{"damage_healed":0,"gold_gain":0,"player_choice":"Rummage","damage_taken":0,"relics_obtained":["WarpedTongs"],"max_hp_gain":0,"max_hp_loss":0,"event_name":"Accursed Blacksmith","floor":5,"gold_loss":0,"cards_obtained":["Pain"]},{"cards_removed":["Pain"],"damage_healed":0,"gold_gain":0,"player_choice":"Card Removal","damage_taken":7,"max_hp_gain":0,"max_hp_loss":0,"event_name":"Golden Wing","floor":12,"gold_loss":0},{"damage_healed":0,"gold_gain":0,"player_choice":"Obtained Relic","damage_taken":0,"relics_obtained":["Anchor"],"max_hp_gain":0,"max_hp_loss":0,"event_name":"Addict","floor":19,"gold_loss":85},{"damage_healed":0,"gold_gain":100,"player_choice":"Bet on Murderer","damage_taken":0,"max_hp_gain":0,"max_hp_loss":0,"event_name":"The Joust","floor":28,"gold_loss":50}],"is_beta":false,"boss_relics":[{"not_picked":["Tiny House","Lizard Tail"],"picked":"Runic Dome"}],"items_purged_floors":[],"is_endless":false,"potions_floor_spawned":[7,13,16,20,21,24],"killed_by":"Champ","ascension_level":19}