{"gold_per_floor":[17,51,1,38,53,113,113,133,133,190,190,190,225,61,61,157,157,202,243,243,279,13,69,69,107,161,161,238,281,206,263,263,368,368,386,386,399,45,55,86,86,86,86,86,26,26,26,41,41,41],"floor_reached":51,"playtime":4774,"items_purged":["Clumsy"],"score":1130,"play_id":"ea908ea7-dd2e-4983-ba73-87ac52d42e31","local_time":"20190731051824","is_ascension_mode":true,"campfire_choices":[{"floor":7,"key":"REST"},{"data":"Apotheosis","floor":12,"key":"SMITH"},{"floor":15,"key":"REST"},{"data":"Calculated Gamble","floor":24,"key":"SMITH"},{"floor":27,"key":"REST"},{"data":"Adrenaline","floor":32,"key":"SMITH"},{"floor":44,"key":"REST"},{"data":"Tools of the Trade","floor":47,"key":"SMITH"},{"data":"Noxious Fumes","floor":49,"key":"SMITH"}],"neow_cost":"NO_GOLD","seed_source_timestamp":129917591714100,"circlet_count":0,"master_deck":["AscendersBane","Strike_G","Strike_G","Strike_G","Strike_G","Defend_G","Defend_G","Defend_G","Defend_G","Defend_G","Survivor","Neutralize","HandOfGreed","Apotheosis+1","PiercingWail","Backflip","Masterful Stab","Dagger Throw","Dagger Spray","Leg Sweep","Glass Knife","Backflip","Wraith Form v2","Bandage Up","Adrenaline+1","Escape Plan+1","Deadly Poison+1","Well Laid Plans","Calculated Gamble+1","Well Laid Plans","Leg Sweep","PiercingWail","Tools of the Trade+1","Panacea","Violence","Noxious Fumes+1","Glass Knife","Caltrops+1","Madness","Madness","Catalyst"],"relics":["Ring of the Serpent","Happy Flower","Matryoshka","Gremlin Horn","Cursed Key","TwistedFunnel","Pocketwatch","Lantern","Blood Vial","Potion Belt","Tiny Chest","Juzu Bracelet","OrangePellets","Dodecahedron"],"potions_floor_usage":[6,16,31,33,39,40],"damage_taken":[{"damage":0,"enemies":"Cultist","floor":1,"turns":4},{"damage":1,"enemies":"2 Louse","floor":2,"turns":3},{"damage":0,"enemies":"Small Slimes","floor":4,"turns":2},{"damage":3,"enemies":"Looter","floor":5,"turns":3},{"damage":20,"enemies":"Gremlin Nob","floor":6,"turns":4},{"damage":0,"enemies":"Blue Slaver","floor":8,"turns":4},{"damage":12,"enemies":"3 Sentries","floor":10,"turns":6},{"damage":0,"enemies":"2 Fungi Beasts","floor":13,"turns":1},{"damage":10,"enemies":"Slime Boss","floor":16,"turns":7},{"damage":0,"enemies":"Chosen","floor":18,"turns":4},{"damage":0,"enemies":"3 Byrds","floor":19,"turns":4},{"damage":1,"enemies":"Centurion and Healer","floor":21,"turns":7},{"damage":20,"enemies":"Book of Stabbing","floor":23,"turns":6},{"damage":12,"enemies":"Cultist and Chosen","floor":25,"turns":7},{"damage":2,"enemies":"3 Cultists","floor":29,"turns":5},{"damage":21,"enemies":"Slavers","floor":31,"turns":5},{"damage":30,"enemies":"Automaton","floor":33,"turns":11},{"damage":7,"enemies":"3 Darklings","floor":35,"turns":4},{"damage":9,"enemies":"Orb Walker","floor":37,"turns":4},{"damage":6,"enemies":"Writhing Mass","floor":39,"turns":8},{"damage":7,"enemies":"Nemesis","floor":40,"turns":9},{"damage":1,"enemies":"Spire Growth","floor":48,"turns":5},{"damage":41,"enemies":"Time Eater","floor":50,"turns":15}],"seed_played":"8607984052400033677","potions_obtained":[{"floor":1,"key":"Weak Potion"},{"floor":5,"key":"LiquidBronze"},{"floor":6,"key":"GhostInAJar"},{"floor":11,"key":"Swift Potion"},{"floor":23,"key":"PowerPotion"},{"floor":29,"key":"Poison Potion"},{"floor":31,"key":"SteroidPotion"},{"floor":37,"key":"GamblersBrew"}],"is_trial":false,"path_per_floor":["M","M","?","M","M","E","R","M","T","E","?","R","M","$","R","B",null,"M","M","$","M","$","E","R","M","T","R","T","M","?","E","R","B",null,"M","?","M","$","M","E","?","?","T","R","?","$","R","M","R","B",null],"character_chosen":"THE_SILENT","items_purchased":["Wraith Form v2","Bandage Up","TwistedFunnel","Well Laid Plans","OrangePellets","Noxious Fumes"],"campfire_rested":4,"item_purchase_floors":[14,14,22,22,38,38],"current_hp_per_floor":[63,62,62,62,59,39,60,60,60,48,48,48,48,48,69,60,68,70,70,70,70,70,56,56,48,48,69,69,70,70,55,55,31,60,61,56,53,53,53,54,45,45,45,66,66,66,66,67,67,32],"gold":41,"neow_bonus":"RANDOM_COLORLESS_2","is_prod":false,"is_daily":false,"chose_seed":false,"campfire_upgraded":5,"win_rate":0,"timestamp":1564517904,"path_taken":["M","M","?","M","M","E","R","M","T","E","?","R","M","$","R","BOSS","M","M","$","M","$","E","R","M","T","R","?","M","?","E","R","BOSS","M","?","M","$","M","E","?","?","T","R","?","$","R","M","R","BOSS"],"build_version":"2019-07-17","purchased_purges":1,"victory":true,"max_hp_per_floor":[70,70,70,70,70,70,70,70,70,70,70,70,70,70,70,70,70,70,70,70,70,70,70,70,70,70,70,70,70,70,70,70,70,70,70,70,70,70,70,70,70,70,70,70,67,67,67,67,67,67],"card_choices":[{"not_picked":["Slice","Choke"],"picked":"PiercingWail","floor":1},{"not_picked":["Acrobatics","Deadly Poison"],"picked":"Backflip","floor":2},{"not_picked":["Dagger Throw","Backflip"],"picked":"Masterful Stab","floor":4},{"not_picked":["Blade Dance","Accuracy"],"picked":"Dagger Throw","floor":5},{"not_picked":["Acrobatics","Choke"],"picked":"Dagger Spray","floor":6},{"not_picked":["Underhanded Strike","Prepared"],"picked":"Leg Sweep","floor":8},{"not_picked":["Noxious Fumes","Caltrops"],"picked":"Glass Knife","floor":10},{"not_picked":["Skewer","Outmaneuver"],"picked":"Backflip","floor":13},{"not_picked":["Glass Knife","Phantasmal Killer"],"picked":"Adrenaline","floor":16},{"not_picked":["Accuracy","Setup"],"picked":"Escape Plan+1","floor":18},{"not_picked":["Poisoned Stab","Distraction","All Out Attack"],"picked":"SKIP","floor":19},{"not_picked":["Tactician","Masterful Stab"],"picked":"Deadly Poison+1","floor":21},{"not_picked":["Acrobatics","Choke"],"picked":"Calculated Gamble","floor":23},{"not_picked":["Blade Dance","Dagger Spray"],"picked":"Well Laid Plans","floor":25},{"not_picked":["Expertise","Setup"],"picked":"Leg Sweep","floor":29},{"not_picked":["Wraith Form v2","Riddle With Holes"],"picked":"PiercingWail","floor":31},{"not_picked":["Die Die Die","Night Terror"],"picked":"Tools of the Trade","floor":33},{"not_picked":["Crippling Poison","Deflect","Backflip"],"picked":"SKIP","floor":35},{"not_picked":["Master of Strategy","Madness"],"picked":"Panacea","floor":36},{"not_picked":["Blind","Mind Blast"],"picked":"Violence","floor":36},{"not_picked":["Slice","Dagger Throw","Flying Knee"],"picked":"SKIP","floor":37},{"not_picked":["Slice","Poisoned Stab"],"picked":"Glass Knife","floor":39},{"not_picked":["PiercingWail+1","Dodge and Roll"],"picked":"Caltrops+1","floor":40},{"not_picked":["Deflect","Deadly Poison"],"picked":"Catalyst","floor":48}],"player_experience":516500,"relics_obtained":[{"floor":6,"key":"Happy Flower"},{"floor":9,"key":"Matryoshka"},{"floor":10,"key":"Gremlin Horn"},{"floor":23,"key":"Pocketwatch"},{"floor":26,"key":"Lantern"},{"floor":26,"key":"Blood Vial"},{"floor":28,"key":"Potion Belt"},{"floor":28,"key":"Tiny Chest"},{"floor":31,"key":"Juzu Bracelet"},{"floor":40,"key":"Dodecahedron"}],"event_choices":[{"cards_removed":["Strike_G"],"damage_healed":0,"gold_gain":0,"player_choice":"Card Removal","damage_taken":0,"max_hp_gain":0,"max_hp_loss":0,"event_name":"The Cleric","floor":3,"gold_loss":50},{"damage_healed":0,"gold_gain":0,"player_choice":"Got Potions","damage_taken":0,"max_hp_gain":0,"max_hp_loss":0,"event_name":"Lab","floor":11,"gold_loss":0},{"cards_removed":["Writhe"],"damage_healed":0,"gold_gain":0,"player_choice":"Gave Gold","damage_taken":0,"max_hp_gain":0,"max_hp_loss":0,"event_name":"Beggar","floor":30,"gold_loss":75},{"damage_healed":0,"gold_gain":0,"player_choice":"Memory 2","damage_taken":5,"max_hp_gain":0,"max_hp_loss":0,"event_name":"SensoryStone","floor":36,"gold_loss":0},{"damage_healed":0,"gold_gain":0,"player_choice":"Embrace Madness","damage_taken":9,"max_hp_gain":0,"max_hp_loss":0,"event_name":"Winding Halls","floor":41,"gold_loss":0,"cards_obtained":["Madness","Madness"]},{"damage_healed":0,"gold_gain":0,"player_choice":"Ignored","damage_taken":0,"max_hp_gain":0,"max_hp_loss":0,"event_name":"Mysterious Sphere","floor":42,"gold_loss":0},{"cards_removed":["Parasite"],"damage_healed":0,"gold_gain":0,"player_choice":"Single Remove","damage_taken":0,"max_hp_gain":0,"max_hp_loss":0,"event_name":"Designer","floor":45,"gold_loss":60}],"is_beta":false,"boss_relics":[{"not_picked":["Orrery","Velvet Choker"],"picked":"Cursed Key"},{"not_picked":["Coffee Dripper","WristBlade"],"picked":"Ring of the Serpent"}],"items_purged_floors":[38],"is_endless":false,"potions_floor_spawned":[1,5,6,13,23,25,29,31,37],"ascension_level":12}