{"gold_per_floor":[116,126,126,146,41,74,74,89,89,104,136,152,152,168,168,264,264,282,295,146,163,177,177,177,211,211,211,228,228,228,246,246,344,344,358,358,375,375,389,389,262,274,274,274,126,139,139,155,155,155,155,155,29,58,58],"floor_reached":55,"playtime":5393,"items_purged":["Strike_B+1"],"score":733,"play_id":"5b8c3dd3-dbfa-4029-9dd9-a4d71cc72b44","local_time":"20181128012654","is_ascension_mode":false,"campfire_choices":[{"floor":13.0,"key":"REST"},{"data":"Zap","floor":15.0,"key":"SMITH"},{"data":"Seek","floor":23.0,"key":"SMITH"},{"data":"Aggregate","floor":27.0,"key":"SMITH"},{"floor":29.0,"key":"RECALL"},{"data":"Creative AI","floor":32.0,"key":"SMITH"},{"data":"Madness","floor":40.0,"key":"SMITH"},{"data":"Zap","floor":47.0,"key":"SMITH"},{"data":"Scrape","floor":49.0,"key":"SMITH"},{"data":"Seek","floor":52.0,"key":"SMITH"}],"neow_cost":"NONE","seed_source_timestamp":5751900371400,"circlet_count":0,"master_deck":["Strike_B+1","Strike_B+1","Defend_B+1","Defend_B+1","Defend_B+1","Defend_B+1","Zap+1","Dualcast","Go for the Eyes","Lockon","Rebound","Sweeping Beam","Defragment","Melter","Go for the Eyes","Zap+1","Streamline","Machine Learning","Hologram","Sweeping Beam","Gash","Aggregate+1","Turbo","Seek+1","Beam Cell","Beam Cell","Coolheaded+1","Creative AI+1","Scrape+1","Turbo","All For One","Chill+1","Steam Power","Madness+1","Madness","Self Repair+1","Conserve Battery+1","Shame","All For One","Storm","Sweeping Beam+1","Seek+1","Heatsinks","Stack","Steam Power+1"],"special_seed":0,"relics":["Eternal Feather","Kunai","Bottled Flame","Bag of Preparation","Philosopher\u0027s Stone","Anchor","Strawberry","Bottled Lightning","MutagenicStrength","Cursed Key","Cables"],"potions_floor_usage":[55],"damage_taken":[{"damage":5.0,"enemies":"2 Louse","floor":1.0,"turns":3.0},{"damage":1.0,"enemies":"Cultist","floor":2.0,"turns":4.0},{"damage":0.0,"enemies":"Small Slimes","floor":4.0,"turns":3.0},{"damage":28.0,"enemies":"Gremlin Nob","floor":6.0,"turns":4.0},{"damage":0.0,"enemies":"Exordium Thugs","floor":8.0,"turns":3.0},{"damage":8.0,"enemies":"Red Slaver","floor":10.0,"turns":4.0},{"damage":9.0,"enemies":"3 Sentries","floor":11.0,"turns":3.0},{"damage":0.0,"enemies":"2 Fungi Beasts","floor":12.0,"turns":2.0},{"damage":2.0,"enemies":"3 Louse","floor":14.0,"turns":3.0},{"damage":52.0,"enemies":"The Guardian","floor":16.0,"turns":9.0},{"damage":11.0,"enemies":"Chosen","floor":18.0,"turns":5.0},{"damage":0.0,"enemies":"Spheric Guardian","floor":19.0,"turns":1.0},{"damage":3.0,"enemies":"Centurion and Healer","floor":21.0,"turns":6.0},{"damage":0.0,"enemies":"Sentry and Sphere","floor":22.0,"turns":3.0},{"damage":3.0,"enemies":"Slavers","floor":25.0,"turns":4.0},{"damage":30.0,"enemies":"Shelled Parasite and Fungi","floor":28.0,"turns":4.0},{"damage":24.0,"enemies":"Snake Plant","floor":31.0,"turns":4.0},{"damage":38.0,"enemies":"Champ","floor":33.0,"turns":10.0},{"damage":0.0,"enemies":"Orb Walker","floor":35.0,"turns":1.0},{"damage":0.0,"enemies":"3 Shapes","floor":37.0,"turns":4.0},{"damage":12.0,"enemies":"3 Darklings","floor":39.0,"turns":5.0},{"damage":0.0,"enemies":"Sphere and 2 Shapes","floor":42.0,"turns":3.0},{"damage":5.0,"enemies":"Jaw Worm Horde","floor":46.0,"turns":4.0},{"damage":4.0,"enemies":"4 Shapes","floor":48.0,"turns":6.0},{"damage":45.0,"enemies":"Donu and Deca","floor":50.0,"turns":7.0},{"damage":11.0,"enemies":"Shield and Spear","floor":54.0,"turns":6.0},{"damage":81,"enemies":"The Heart","floor":55,"turns":5}],"seed_played":"902847167419516273","potions_obtained":[{"floor":2.0,"key":"Explosive Potion"},{"floor":6.0,"key":"Fire Potion"},{"floor":10.0,"key":"PowerPotion"},{"floor":14.0,"key":"SteroidPotion"},{"floor":16.0,"key":"AttackPotion"},{"floor":18.0,"key":"Dexterity Potion"},{"floor":21.0,"key":"Strength Potion"},{"floor":31.0,"key":"GamblersBrew"},{"floor":33.0,"key":"Ancient Potion"},{"floor":39.0,"key":"SpeedPotion"},{"floor":46.0,"key":"Weak Potion"},{"floor":54.0,"key":"Weak Potion"}],"is_trial":false,"path_per_floor":["M","M","?","M","$","E","?","M","T","M","E","M","R","M","R","B",null,"M","M","$","M","M","R","?","E","T","R","M","R","?","M","R","B",null,"M","?","M","?","M","R","$","M","T","?","$","M","R","M","R","B",null,"R","$","E","B"],"character_chosen":"DEFECT","items_purchased":["Defragment","Melter","Anchor","PowerPotion","Storm","GamblersBrew","Heatsinks","Stack"],"campfire_rested":1,"item_purchase_floors":[5,5,20,41,45,45,53,53],"current_hp_per_floor":[70,69,69,69,69,41,41,41,41,33,24,24,58,56,68,16,75,64,64,64,61,61,75,75,79,79,82,52,70,70,46,64,26,82,82,82,82,72,60,81,81,82,82,82,82,82,82,82,82,37,82,82,82,81,0],"gold":58,"neow_bonus":"BOSS_RELIC","is_prod":false,"is_daily":false,"chose_seed":false,"campfire_upgraded":8,"win_rate":0,"timestamp":1543336014,"path_taken":["M","M","?","M","?","E","?","M","T","M","E","M","R","?","R","BOSS","M","M","$","M","M","R","?","E","T","R","M","R","?","M","R","BOSS","M","?","M","?","M","R","$","M","T","?","$","M","R","?","R","BOSS","R","$","E","BOSS"],"build_version":"2018-11-15","purchased_purges":1,"victory":false,"max_hp_per_floor":[75,75,75,75,75,75,75,75,75,75,75,75,75,75,75,75,75,75,75,75,75,75,75,75,82,82,82,82,82,82,82,82,82,82,82,82,82,82,82,82,82,82,82,82,82,82,82,82,82,82,82,82,82,82,82],"card_choices":[{"not_picked":["Redo","Conserve Battery"],"picked":"Go for the Eyes","floor":1.0},{"not_picked":["Cold Snap","Tempest"],"picked":"Lockon","floor":2.0},{"not_picked":["Streamline","Fusion"],"picked":"Sweeping Beam","floor":4.0},{"not_picked":["Self Repair","Reinforced Body"],"picked":"Go for the Eyes","floor":6.0},{"not_picked":["Streamline","Sweeping Beam"],"picked":"Hologram","floor":8.0},{"not_picked":["Genetic Algorithm","Rip and Tear"],"picked":"Sweeping Beam","floor":10.0},{"not_picked":["Biased Cognition","Reprogram"],"picked":"Gash","floor":11.0},{"not_picked":["Coolheaded","Reprogram"],"picked":"Aggregate","floor":12.0},{"not_picked":["Beam Cell","White Noise"],"picked":"Turbo","floor":14.0},{"not_picked":["Thunder Strike","All For One"],"picked":"Seek","floor":16.0},{"not_picked":["Streamline","Hologram"],"picked":"Beam Cell","floor":18.0},{"not_picked":["Rebound","Tempest+1"],"picked":"Beam Cell","floor":19.0},{"not_picked":["Genetic Algorithm","Rebound"],"picked":"Hello World","floor":21.0},{"not_picked":["Barrage","Streamline"],"picked":"Coolheaded+1","floor":22.0},{"not_picked":["Reinforced Body+1","Hyperbeam"],"picked":"Creative AI","floor":25.0},{"not_picked":["Go for the Eyes","Rebound"],"picked":"Scrape","floor":28.0},{"not_picked":["Streamline","Beam Cell"],"picked":"Turbo","floor":31.0},{"not_picked":["Core Surge","Machine Learning"],"picked":"All For One","floor":33.0},{"not_picked":["Defragment+1","Ball Lightning"],"picked":"Chill+1","floor":35.0},{"not_picked":["Static Discharge+1","Steam"],"picked":"Steam Power","floor":37.0},{"not_picked":["Melter","Compile Driver"],"picked":"Self Repair+1","floor":39.0},{"not_picked":["Cold Snap+1","Leap"],"picked":"Conserve Battery+1","floor":42.0},{"not_picked":["Melter","Ball Lightning"],"picked":"Sweeping Beam+1","floor":46.0},{"not_picked":["Stack","Gash"],"picked":"Seek","floor":48.0},{"not_picked":["Conserve Battery","Sweeping Beam+1"],"picked":"Steam Power+1","floor":54.0}],"player_experience":506007,"relics_obtained":[{"floor":6.0,"key":"Kunai"},{"floor":9.0,"key":"Bottled Flame"},{"floor":11.0,"key":"Bag of Preparation"},{"floor":25.0,"key":"Strawberry"},{"floor":26.0,"key":"Bottled Lightning"},{"floor":54.0,"key":"Cables"}],"event_choices":[{"damage_healed":0.0,"max_hp_gain":0.0,"max_hp_loss":0.0,"gold_gain":0.0,"cards_transformed":["Strike_B"],"event_name":"Transmorgrifier","player_choice":"Transformed","floor":3.0,"gold_loss":0.0,"damage_taken":0.0,"cards_obtained":["Rebound"]},{"damage_healed":0.0,"max_hp_gain":0.0,"max_hp_loss":0.0,"gold_gain":0.0,"event_name":"Match and Keep!","player_choice":"3 cards matched","floor":7.0,"gold_loss":0.0,"damage_taken":0.0,"cards_obtained":["Zap","Streamline","Machine Learning"]},{"damage_healed":0.0,"max_hp_gain":0.0,"max_hp_loss":0.0,"gold_gain":0.0,"event_name":"Back to Basics","player_choice":"Simplicity","floor":24.0,"gold_loss":0.0,"damage_taken":0.0,"cards_upgraded":["Strike_B","Strike_B","Strike_B","Defend_B","Defend_B","Defend_B","Defend_B"]},{"damage_healed":0.0,"max_hp_gain":0.0,"max_hp_loss":0.0,"gold_gain":0.0,"event_name":"Drug Dealer","player_choice":"Inject Mutagens","floor":30.0,"gold_loss":0.0,"damage_taken":0.0,"relics_obtained":["MutagenicStrength"]},{"cards_removed":["Hello World"],"damage_healed":0.0,"max_hp_gain":0.0,"max_hp_loss":0.0,"gold_gain":0.0,"event_name":"Falling","player_choice":"Removed Power","floor":36.0,"gold_loss":0.0,"damage_taken":0.0},{"damage_healed":0.0,"max_hp_gain":0.0,"max_hp_loss":0.0,"gold_gain":0.0,"event_name":"Winding Halls","player_choice":"Embrace Madness","floor":38.0,"gold_loss":0.0,"damage_taken":10.0,"cards_obtained":["Madness","Madness"]},{"damage_healed":0.0,"max_hp_gain":0.0,"max_hp_loss":0.0,"gold_gain":0.0,"event_name":"Duplicator","player_choice":"Copied","floor":44.0,"gold_loss":0.0,"damage_taken":0.0,"cards_obtained":["All For One"]}],"is_beta":false,"boss_relics":[{"not_picked":["Runic Pyramid","Orrery"],"picked":"Philosopher\u0027s Stone"},{"not_picked":["Velvet Choker","Sozu"],"picked":"Cursed Key"}],"items_purged_floors":[41],"is_endless":false,"potions_floor_spawned":[2,6,10,14,16,18,21,31,33,39,46,54],"killed_by":"The Heart","ascension_level":0}