{"gold_per_floor":[118,293,243,143,154,154,164,164,237,263,338,338,355,355,355,450,450,466,477,477],"floor_reached":20,"playtime":980,"items_purged":["Strike_R"],"score":172,"play_id":"4b14cf6e-5297-454e-b5ae-67a523527eeb","local_time":"20181129031247","is_ascension_mode":false,"campfire_choices":[{"data":"Bash","floor":6,"key":"SMITH"},{"data":"Rage","floor":8,"key":"SMITH"},{"floor":12,"key":"REST"},{"floor":15,"key":"RECALL"}],"neow_cost":"NONE","seed_source_timestamp":103305152641900,"circlet_count":0,"master_deck":["Strike_R","Strike_R","Strike_R","Strike_R","Defend_R","Defend_R","Defend_R","Defend_R","Bash+1","Wild Strike","Flex","Rage+1","Shrug It Off","Hemokinesis","Shockwave","Fiend Fire","Pummel","Rage"],"relics":["Burning Blood","Strawberry","Question Card","Darkstone Periapt","Eternal Feather"],"potions_floor_usage":[16,20,20],"damage_taken":[{"damage":8,"enemies":"Jaw Worm","floor":1,"turns":5},{"damage":10,"enemies":"Small Slimes","floor":5,"turns":3},{"damage":2,"enemies":"2 Louse","floor":7,"turns":2},{"damage":31,"enemies":"Lagavulin","floor":10,"turns":8},{"damage":5,"enemies":"Looter","floor":13,"turns":3},{"damage":63,"enemies":"Hexaghost","floor":16,"turns":10},{"damage":33,"enemies":"3 Byrds","floor":18,"turns":9},{"damage":52,"enemies":"Spheric Guardian","floor":19,"turns":9},{"damage":16,"enemies":"Cultist and Chosen","floor":20,"turns":6}],"seed_played":"-4645836282634096453","potions_obtained":[{"floor":10,"key":"Ancient Potion"},{"floor":13,"key":"AttackPotion"},{"floor":19,"key":"AttackPotion"}],"is_trial":false,"path_per_floor":["M","?","?","$","M","R","M","R","T","E","?","R","M","T","R","B",null,"M","M","M"],"character_chosen":"IRONCLAD","items_purchased":["Flex"],"campfire_rested":1,"item_purchase_floors":[4],"current_hp_per_floor":[85,85,85,85,81,81,85,85,85,60,49,75,76,76,76,19,87,60,14,0],"gold":477,"neow_bonus":"RANDOM_COMMON_RELIC","is_prod":false,"is_daily":false,"chose_seed":false,"campfire_upgraded":2,"win_rate":0,"timestamp":1543428767,"path_taken":["M","?","?","$","M","R","M","R","T","E","?","R","M","?","R","BOSS","M","M","M"],"build_version":"2018-11-15","purchased_purges":1,"victory":false,"max_hp_per_floor":[87,87,87,87,87,87,87,87,87,87,87,87,87,87,87,87,87,87,87,87],"card_choices":[{"not_picked":["Heavy Blade","Sword Boomerang"],"picked":"Wild Strike","floor":1},{"not_picked":["Havoc","Anger"],"picked":"Rage","floor":5},{"not_picked":["Entrench","Iron Wave"],"picked":"Shrug It Off","floor":7},{"not_picked":["Dropkick","Metallicize"],"picked":"Hemokinesis","floor":10},{"not_picked":["Anger","Evolve","Pummel"],"picked":"Shockwave","floor":13},{"not_picked":["Dark Embrace","Offering","Reaper"],"picked":"Fiend Fire","floor":16},{"not_picked":["Body Slam+1","Blood for Blood","Heavy Blade"],"picked":"Pummel","floor":18},{"not_picked":["Sword Boomerang+1","True Grit","Infernal Blade+1"],"picked":"Rage","floor":19}],"player_experience":523243,"relics_obtained":[{"floor":10,"key":"Question Card"},{"floor":14,"key":"Darkstone Periapt"}],"event_choices":[{"damage_healed":0,"gold_gain":175,"player_choice":"AGREE","damage_taken":0,"max_hp_gain":0,"max_hp_loss":0,"event_name":"Liars Game","floor":2,"gold_loss":0,"cards_obtained":["Doubt"]},{"cards_removed":["Doubt"],"damage_healed":0,"gold_gain":0,"player_choice":"Card Removal","damage_taken":0,"max_hp_gain":0,"max_hp_loss":0,"event_name":"The Cleric","floor":3,"gold_loss":50},{"damage_healed":0,"gold_gain":75,"player_choice":"Gather Gold","damage_taken":11,"max_hp_gain":0,"max_hp_loss":0,"event_name":"World of Goop","floor":11,"gold_loss":0}],"is_beta":false,"boss_relics":[{"not_picked":["White Beast Statue","Orrery"],"picked":"Eternal Feather"}],"items_purged_floors":[4],"is_endless":false,"potions_floor_spawned":[10,13,19],"killed_by":"Cultist and Chosen","ascension_level":0}