{"gold_per_floor":[112,187,112,132,146,146,171,171,198,198,215,244,254,268,268,340,340,356,184,217,39,39,39,39,91,115,115,154,166,166,185,185,279,279,279],"floor_reached":35,"playtime":1780,"items_purged":[],"score":762,"play_id":"184ac6b8-36db-4d61-84a4-752255909647","local_time":"20190804232433","is_ascension_mode":true,"campfire_choices":[{"data":"Sucker Punch","floor":6,"key":"SMITH"},{"data":"Dash","floor":8,"key":"SMITH"},{"floor":10,"key":"REST"},{"data":"Footwork","floor":15,"key":"SMITH"},{"floor":23,"key":"REST"},{"floor":30,"key":"REST"},{"floor":32,"key":"REST"}],"neow_cost":"NONE","seed_source_timestamp":164680739636500,"circlet_count":0,"master_deck":["AscendersBane","Strike_G","Strike_G","Strike_G+1","Defend_G","Defend_G","Defend_G","Defend_G","Survivor","Neutralize+1","Sucker Punch+1","Dagger Spray","Doppelganger","Dash+1","Heel Hook","Footwork+1","Backflip","Bullet Time","HandOfGreed","Noxious Fumes","Dagger Throw","Choke","Bullet Time","Footwork+1","Bane+1","Escape Plan","Escape Plan","Noxious Fumes","Wraith Form v2"],"relics":["Ring of the Snake","Vajra","Whetstone","PreservedInsect","The Courier","Fusion Hammer","Chemical X","Dream Catcher","Bag of Preparation","Busted Crown"],"potions_floor_usage":[7,12,14,18,25,28,35],"damage_taken":[{"damage":0,"enemies":"2 Louse","floor":1,"turns":4},{"damage":0,"enemies":"Jaw Worm","floor":4,"turns":3},{"damage":3,"enemies":"Small Slimes","floor":5,"turns":3},{"damage":14,"enemies":"Gremlin Nob","floor":7,"turns":4},{"damage":3,"enemies":"Looter","floor":11,"turns":3},{"damage":0,"enemies":"Lagavulin","floor":12,"turns":4},{"damage":0,"enemies":"Blue Slaver","floor":13,"turns":3},{"damage":7,"enemies":"Exordium Thugs","floor":14,"turns":3},{"damage":9,"enemies":"The Guardian","floor":16,"turns":14},{"damage":4,"enemies":"Spheric Guardian","floor":18,"turns":5},{"damage":11,"enemies":"Chosen","floor":20,"turns":5},{"damage":26,"enemies":"Book of Stabbing","floor":25,"turns":4},{"damage":0,"enemies":"3 Cultists","floor":28,"turns":4},{"damage":8,"enemies":"Snake Plant","floor":29,"turns":5},{"damage":20,"enemies":"Sentry and Sphere","floor":31,"turns":6},{"damage":17,"enemies":"Collector","floor":33,"turns":10},{"damage":63,"enemies":"3 Shapes","floor":35,"turns":3}],"seed_played":"-4346301469308758428","potions_obtained":[{"floor":4,"key":"Fire Potion"},{"floor":7,"key":"FearPotion"},{"floor":12,"key":"Fire Potion"},{"floor":14,"key":"Swift Potion"},{"floor":20,"key":"AttackPotion"},{"floor":25,"key":"Strength Potion"},{"floor":33,"key":"Block Potion"}],"is_trial":false,"path_per_floor":["M","?","?","M","M","R","E","R","T","R","M","E","M","M","R","B",null,"M","$","M","$","?","R","?","E","T","?","M","M","R","M","R","B",null,"M"],"character_chosen":"THE_SILENT","items_purchased":["HandOfGreed","Chemical X"],"campfire_rested":4,"item_purchase_floors":[19,21],"current_hp_per_floor":[59,48,48,48,45,45,31,31,31,50,47,47,47,40,40,31,57,53,53,42,42,42,61,61,35,35,35,35,27,46,26,45,28,57,0],"gold":279,"neow_bonus":"RANDOM_COMMON_RELIC","is_prod":false,"is_daily":false,"chose_seed":false,"campfire_upgraded":3,"win_rate":0,"timestamp":1564928673,"path_taken":["M","?","?","M","M","R","E","R","T","R","M","E","M","M","R","BOSS","M","$","M","$","?","R","?","E","T","?","M","M","R","M","R","BOSS","M"],"build_version":"2019-07-17","purchased_purges":0,"victory":false,"max_hp_per_floor":[66,66,66,66,66,66,66,66,66,66,66,66,66,66,66,66,66,66,66,66,66,66,66,66,66,66,66,66,66,66,66,66,66,66,66],"card_choices":[{"not_picked":["Underhanded Strike","Outmaneuver"],"picked":"Sucker Punch","floor":1},{"not_picked":["Underhanded Strike","Acrobatics"],"picked":"Dagger Spray","floor":4},{"not_picked":["Outmaneuver","Deadly Poison"],"picked":"Doppelganger","floor":5},{"not_picked":["Dagger Throw","Underhanded Strike"],"picked":"Dash","floor":7},{"not_picked":["Dodge and Roll","Acrobatics","Quick Slash"],"picked":"SKIP","floor":11},{"not_picked":["Reflex","Outmaneuver"],"picked":"Heel Hook","floor":12},{"not_picked":["All Out Attack","Catalyst"],"picked":"Footwork","floor":13},{"not_picked":["Expertise","Underhanded Strike"],"picked":"Backflip","floor":14},{"not_picked":["Glass Knife","Night Terror"],"picked":"Bullet Time","floor":16},{"not_picked":["Dagger Spray","Flechettes","Prepared"],"picked":"SKIP","floor":18},{"not_picked":["Slice","Bane"],"picked":"Noxious Fumes","floor":20},{"not_picked":["Escape Plan","Noxious Fumes"],"picked":"Bullet Time","floor":25},{"not_picked":["Dodge and Roll","Eviscerate"],"picked":"Bane+1","floor":28},{"not_picked":["Quick Slash","Sucker Punch+1","Endless Agony"],"picked":"SKIP","floor":29},{"not_picked":["Outmaneuver","PiercingWail+1"],"picked":"Escape Plan","floor":30},{"not_picked":["Poisoned Stab","Cloak And Dagger"],"picked":"Escape Plan","floor":31},{"not_picked":["Bane","Dagger Spray"],"picked":"Noxious Fumes","floor":32},{"not_picked":["Corpse Explosion","Burst"],"picked":"Wraith Form v2","floor":33}],"player_experience":570193,"relics_obtained":[{"floor":7,"key":"Whetstone"},{"floor":9,"key":"PreservedInsect"},{"floor":12,"key":"The Courier"},{"floor":25,"key":"Dream Catcher"},{"floor":26,"key":"Bag of Preparation"}],"event_choices":[{"damage_healed":0,"gold_gain":75,"player_choice":"Gather Gold","damage_taken":11,"max_hp_gain":0,"max_hp_loss":0,"event_name":"World of Goop","floor":2,"gold_loss":0},{"cards_removed":["Defend_G"],"damage_healed":0,"gold_gain":0,"player_choice":"Card Removal","damage_taken":0,"max_hp_gain":0,"max_hp_loss":0,"event_name":"The Cleric","floor":3,"gold_loss":75},{"damage_healed":0,"gold_gain":0,"cards_transformed":["Strike_G","Strike_G"],"player_choice":"Became Test Subject","damage_taken":0,"max_hp_gain":0,"max_hp_loss":0,"event_name":"Drug Dealer","floor":22,"gold_loss":0,"cards_obtained":["Dagger Throw","Choke"]},{"damage_healed":0,"gold_gain":0,"player_choice":"Ignored","damage_taken":0,"max_hp_gain":0,"max_hp_loss":0,"event_name":"The Mausoleum","floor":24,"gold_loss":0},{"damage_healed":0,"gold_gain":0,"player_choice":"Copied","damage_taken":0,"max_hp_gain":0,"max_hp_loss":0,"event_name":"Duplicator","floor":27,"gold_loss":0,"cards_obtained":["Footwork"]}],"is_beta":false,"boss_relics":[{"not_picked":["Calling Bell","White Beast Statue"],"picked":"Fusion Hammer"},{"not_picked":["Pandora\u0027s Box","Sozu"],"picked":"Busted Crown"}],"items_purged_floors":[],"is_endless":false,"potions_floor_spawned":[4,7,12,14,20,25,33],"killed_by":"3 Shapes","ascension_level":17}