{"gold_per_floor":[114,114,114,129,129,159,174,189,189,204,219,234,264,264,264,364,364,379,289,13,28,43,73,73,88,88,88,118,118,218,233,233,333,333,348,348,0,15,30,60,60,75,75,90,3,33,33,63,63,63],"floor_reached":51,"playtime":4352,"items_purged":[],"score":789,"play_id":"cbf37ea4-a1c9-4fcc-aa40-a2d52562284c","local_time":"20181108061229","daily_mods":["Allstar","ControlledChaos","Careless"],"is_ascension_mode":false,"campfire_choices":[{"floor":15,"key":"REST"},{"data":"Enlightenment","floor":24,"key":"SMITH"},{"data":"Immolate","floor":27,"key":"SMITH"},{"data":"1","floor":32,"key":"LIFT"},{"data":"2","floor":41,"key":"LIFT"},{"data":"3","floor":47,"key":"LIFT"},{"data":"Barricade","floor":49,"key":"SMITH"}],"neow_cost":"","seed_source_timestamp":0,"circlet_count":0,"master_deck":["Strike_R","Defend_R+1","Defend_R","Defend_R","Defend_R+1","Bash+1","Enlightenment+1","Thinking Ahead+1","Metamorphosis+1","Mind Blast","Mind Blast","Wild Strike","Barricade+1","Bloodletting","Immolate+1","True Grit","Bloodletting","Armaments","Wild Strike","Feed","Dark Embrace","Infernal Blade+1","Shrug It Off","Immolate","Impatience","Shockwave","Impervious","Armaments","Wild Strike","Fire Breathing","Combust+1","Impervious","Flex","Reaper","Sword Boomerang","Clash+1","Inflame+1","Twin Strike","Reckless Charge","Spot Weakness+1","Havoc","Shockwave","Thunderclap"],"special_seed":17842,"relics":["Burning Blood","Frozen Eye","Singing Bowl","War Paint","Bottled Lightning","Thread and Needle","Busted Crown","Calipers","Mummified Hand","Dream Catcher","Oddly Smooth Stone","Girya","Pear","Eternal Feather","Membership Card","Kunai","Blue Candle","Ginger","Bag of Preparation","Matryoshka","PreservedInsect"],"potions_floor_usage":[12,12,12,22,35,39,40,44,48,50,50,50],"damage_taken":[{"damage":7,"enemies":"Small Slimes","floor":1,"turns":3},{"damage":0,"enemies":"Cultist","floor":4,"turns":3},{"damage":18,"enemies":"Gremlin Nob","floor":6,"turns":4},{"damage":6,"enemies":"Jaw Worm","floor":7,"turns":3},{"damage":18,"enemies":"Exordium Wildlife","floor":8,"turns":3},{"damage":0,"enemies":"Gremlin Gang","floor":10,"turns":1},{"damage":1,"enemies":"3 Louse","floor":11,"turns":3},{"damage":16,"enemies":"Red Slaver","floor":12,"turns":1},{"damage":26,"enemies":"Lagavulin","floor":13,"turns":4},{"damage":15,"enemies":"Slime Boss","floor":16,"turns":7},{"damage":6,"enemies":"2 Thieves","floor":18,"turns":3},{"damage":8,"enemies":"Shell Parasite","floor":21,"turns":2},{"damage":18,"enemies":"Shelled Parasite and Fungi","floor":22,"turns":5},{"damage":32,"enemies":"Gremlin Leader","floor":23,"turns":3},{"damage":0,"enemies":"Snecko","floor":25,"turns":2},{"damage":16,"enemies":"Book of Stabbing","floor":28,"turns":4},{"damage":0,"enemies":"Colosseum Slavers","floor":30,"turns":4},{"damage":8,"enemies":"Colosseum Nobs","floor":30,"turns":3},{"damage":2,"enemies":"3 Cultists","floor":31,"turns":5},{"damage":38,"enemies":"Automaton","floor":33,"turns":8},{"damage":7,"enemies":"3 Darklings","floor":35,"turns":3},{"damage":6,"enemies":"3 Shapes","floor":38,"turns":3},{"damage":6,"enemies":"Spire Growth","floor":39,"turns":3},{"damage":22,"enemies":"Reptomancer","floor":40,"turns":8},{"damage":11,"enemies":"Maw","floor":42,"turns":6},{"damage":3,"enemies":"Transient","floor":44,"turns":5},{"damage":65,"enemies":"Nemesis","floor":46,"turns":5},{"damage":9,"enemies":"Reptomancer","floor":48,"turns":5},{"damage":46,"enemies":"Time Eater","floor":50,"turns":9}],"seed_played":"-6234912146634211093","potions_obtained":[{"floor":1,"key":"LiquidBronze"},{"floor":8,"key":"GamblersBrew"},{"floor":10,"key":"PowerPotion"},{"floor":13,"key":"Ancient Potion"},{"floor":16,"key":"SpeedPotion"},{"floor":21,"key":"PowerPotion"},{"floor":30,"key":"Dexterity Potion"},{"floor":33,"key":"Fruit Juice"},{"floor":35,"key":"Dexterity Potion"},{"floor":39,"key":"PowerPotion"},{"floor":40,"key":"GamblersBrew"},{"floor":46,"key":"Regen Potion"},{"floor":48,"key":"Regen Potion"}],"is_trial":false,"path_per_floor":["M","?","?","M","?","E","M","M","T","M","M","M","E","T","R","B",null,"M","?","$","M","M","E","R","M","T","R","E","?","?","M","R","B",null,"M","?","$","M","M","E","R","M","T","M","$","E","R","E","R","B",null],"character_chosen":"IRONCLAD","items_purchased":["Shrug It Off","Immolate","Impatience","Membership Card","Kunai","Sword Boomerang","Bag of Preparation","Havoc"],"campfire_rested":1,"item_purchase_floors":[20,20,20,37,37,37,45,45],"current_hp_per_floor":[79,63,63,69,69,59,59,47,47,53,58,48,28,28,52,43,82,82,82,82,80,70,47,47,53,53,53,43,43,57,61,61,29,97,104,104,104,104,104,88,105,100,100,103,103,57,81,87,105,80],"gold":63,"neow_bonus":"","is_prod":false,"is_daily":true,"chose_seed":false,"campfire_upgraded":3,"win_rate":0,"timestamp":1541625149,"path_taken":["M","?","?","M","?","E","M","M","T","M","M","?","E","?","R","BOSS","M","?","$","M","?","E","R","M","T","R","E","?","?","M","R","BOSS","M","?","$","M","M","E","R","M","T","?","$","E","R","E","R","BOSS"],"build_version":"2018-11-01","purchased_purges":0,"victory":true,"max_hp_per_floor":[80,80,80,80,80,82,82,82,82,82,82,82,82,82,82,82,82,82,82,82,82,84,87,87,87,87,87,87,87,97,97,97,97,97,105,105,105,105,105,105,105,105,105,105,105,105,105,105,105,105],"card_choices":[{"not_picked":["Cleave","Heavy Blade"],"picked":"Wild Strike","floor":1},{"not_picked":["Pommel Strike","Twin Strike"],"picked":"Bloodletting","floor":4},{"not_picked":["Warcry","Havoc","Pommel Strike"],"picked":"Singing Bowl","floor":6},{"not_picked":["Iron Wave","Sword Boomerang"],"picked":"Immolate","floor":7},{"not_picked":["Sword Boomerang","Clothesline"],"picked":"True Grit","floor":8},{"not_picked":["Iron Wave","Wild Strike"],"picked":"Bloodletting","floor":10},{"not_picked":["Flame Barrier","Sword Boomerang"],"picked":"Armaments","floor":11},{"not_picked":["Pommel Strike","Iron Wave"],"picked":"Wild Strike","floor":12},{"not_picked":["Spot Weakness","Cleave"],"picked":"Feed","floor":13},{"not_picked":["Brutality","Limit Break"],"picked":"Dark Embrace","floor":16},{"not_picked":[],"picked":"Infernal Blade+1","floor":18},{"not_picked":[],"picked":"Shockwave","floor":21},{"not_picked":["Anger"],"picked":"Singing Bowl","floor":22},{"not_picked":[],"picked":"Impervious","floor":23},{"not_picked":[],"picked":"Armaments","floor":25},{"not_picked":[],"picked":"Wild Strike","floor":28},{"not_picked":[],"picked":"Fire Breathing","floor":30},{"not_picked":[],"picked":"Combust+1","floor":31},{"not_picked":[],"picked":"Impervious","floor":33},{"not_picked":[],"picked":"Flex","floor":35},{"not_picked":[],"picked":"Clash+1","floor":38},{"not_picked":[],"picked":"Inflame+1","floor":39},{"not_picked":[],"picked":"Twin Strike","floor":40},{"not_picked":[],"picked":"Reckless Charge","floor":42},{"not_picked":[],"picked":"Spot Weakness+1","floor":44},{"not_picked":[],"picked":"Shockwave","floor":46},{"not_picked":[],"picked":"Thunderclap","floor":48}],"player_experience":394403,"relics_obtained":[{"floor":6,"key":"Singing Bowl"},{"floor":9,"key":"War Paint"},{"floor":13,"key":"Bottled Lightning"},{"floor":14,"key":"Thread and Needle"},{"floor":23,"key":"Calipers"},{"floor":26,"key":"Mummified Hand"},{"floor":28,"key":"Dream Catcher"},{"floor":30,"key":"Girya"},{"floor":30,"key":"Pear"},{"floor":40,"key":"Blue Candle"},{"floor":43,"key":"Ginger"},{"floor":46,"key":"Matryoshka"},{"floor":48,"key":"PreservedInsect"}],"event_choices":[{"damage_healed":0,"gold_gain":0,"player_choice":"Entered Light","damage_taken":16,"max_hp_gain":0,"max_hp_loss":0,"event_name":"Shining Light","floor":2,"gold_loss":0,"cards_upgraded":["Thinking Ahead","Defend_R"]},{"damage_healed":0,"gold_gain":0,"cards_transformed":["Strike_R"],"player_choice":"Change","damage_taken":0,"max_hp_gain":0,"max_hp_loss":0,"event_name":"Living Wall","floor":3,"gold_loss":0,"cards_obtained":["Barricade"]},{"cards_removed":["Strike_R"],"damage_healed":0,"gold_gain":0,"player_choice":"Purged","damage_taken":0,"max_hp_gain":0,"max_hp_loss":0,"event_name":"Purifier","floor":5,"gold_loss":0},{"cards_removed":["Strike_R"],"damage_healed":0,"gold_gain":0,"player_choice":"Upgrade and Remove","damage_taken":0,"max_hp_gain":0,"max_hp_loss":0,"event_name":"Designer","floor":19,"gold_loss":90,"cards_upgraded":["Bash"]},{"damage_healed":0,"gold_gain":0,"player_choice":"Opened","damage_taken":0,"relics_obtained":["Oddly Smooth Stone"],"max_hp_gain":0,"max_hp_loss":0,"event_name":"The Mausoleum","floor":29,"gold_loss":0},{"damage_healed":0,"gold_gain":0,"player_choice":"Fight","damage_taken":0,"max_hp_gain":0,"max_hp_loss":0,"event_name":"Colosseum","floor":30,"gold_loss":0},{"damage_healed":0,"gold_gain":0,"player_choice":"Fought Nobs","damage_taken":0,"max_hp_gain":0,"max_hp_loss":0,"event_name":"Colosseum","floor":30,"gold_loss":0},{"damage_healed":0,"gold_gain":0,"cards_transformed":["Strike_R"],"player_choice":"Transformed","damage_taken":0,"max_hp_gain":0,"max_hp_loss":0,"event_name":"Transmorgrifier","floor":36,"gold_loss":0,"cards_obtained":["Reaper"]}],"is_beta":false,"boss_relics":[{"not_picked":["Tiny House","Runic Pyramid"],"picked":"Busted Crown"},{"not_picked":["White Beast Statue","Philosopher\u0027s Stone"],"picked":"Eternal Feather"}],"items_purged_floors":[],"is_endless":false,"potions_floor_spawned":[1,8,10,13,16,21,30,30,33,35,39,40,46,48],"ascension_level":0}