{"gold_per_floor":[364,381,25,25,38,38,53,80,80,80,114,132,194,224,224,224],"floor_reached":16,"playtime":665,"items_purged":[],"score":234,"play_id":"d84607c1-f2ec-4644-86a3-8dbc8a398645","local_time":"20190824031725","is_ascension_mode":true,"campfire_choices":[{"data":"Redo","floor":6,"key":"SMITH"},{"data":"Zap","floor":10,"key":"SMITH"},{"data":"Go for the Eyes","floor":15,"key":"SMITH"}],"neow_cost":"TEN_PERCENT_HP_LOSS","seed_source_timestamp":246527315243700,"circlet_count":0,"master_deck":["AscendersBane","Strike_B","Strike_B","Strike_B","Strike_B","Defend_B","Defend_B","Defend_B","Defend_B","Zap+1","Dualcast","Sunder","Redo","Self Repair","Ball Lightning","Redo+1","Auto Shields","All For One","Defragment","Go for the Eyes+1","Core Surge"],"special_seed":0,"relics":["Cracked Core","OrangePellets","PreservedInsect","Happy Flower","Darkstone Periapt","Centennial Puzzle"],"potions_floor_usage":[16],"damage_taken":[{"damage":1.0,"enemies":"Small Slimes","floor":1.0,"turns":4.0},{"damage":0.0,"enemies":"2 Louse","floor":2.0,"turns":1.0},{"damage":1,"enemies":"Cultist","floor":5,"turns":3},{"damage":16,"enemies":"Blue Slaver","floor":7,"turns":3},{"damage":14,"enemies":"Gremlin Nob","floor":8,"turns":3},{"damage":15,"enemies":"Lagavulin","floor":11,"turns":4},{"damage":6,"enemies":"Lots of Slimes","floor":12,"turns":3},{"damage":8,"enemies":"Gremlin Nob","floor":14,"turns":3},{"damage":35,"enemies":"The Guardian","floor":16,"turns":8}],"seed_played":"2839896769632717581","potions_obtained":[{"floor":2.0,"key":"SmokeBomb"},{"floor":11,"key":"PowerPotion"},{"floor":12,"key":"FocusPotion"}],"is_trial":false,"path_per_floor":["M","M","$","?","M","R","M","E","T","R","E","M","?","E","R","B"],"character_chosen":"DEFECT","items_purchased":["OrangePellets","Self Repair","Ball Lightning"],"campfire_rested":0,"item_purchase_floors":[3,3,3],"current_hp_per_floor":[63,63,63,63,64,64,55,41,41,41,33,34,34,33,33,0],"gold":224,"neow_bonus":"TWO_FIFTY_GOLD","is_prod":false,"is_daily":false,"chose_seed":false,"campfire_upgraded":3,"win_rate":0,"timestamp":1566584245,"path_taken":["M","M","$","?","M","R","M","E","T","R","E","M","?","E","R","BOSS"],"build_version":"2019-07-17","purchased_purges":0,"victory":false,"max_hp_per_floor":[64,64,64,64,64,64,64,64,64,64,64,64,64,64,64,64],"card_choices":[{"not_picked":["Coolheaded","Compile Driver"],"picked":"Sunder","floor":1.0},{"not_picked":["Hologram","Conserve Battery"],"picked":"Redo","floor":2.0},{"not_picked":["Steam","Conserve Battery"],"picked":"Redo","floor":5},{"not_picked":["Capacitor","Barrage"],"picked":"Auto Shields","floor":7},{"not_picked":["Static Discharge","Coolheaded"],"picked":"All For One","floor":8},{"not_picked":["Coolheaded","Rebound"],"picked":"Defragment","floor":11},{"not_picked":["Rip and Tear","Storm"],"picked":"Go for the Eyes","floor":12},{"not_picked":["Fission","Hologram"],"picked":"Core Surge","floor":14}],"player_experience":783436,"relics_obtained":[{"floor":8,"key":"PreservedInsect"},{"floor":9,"key":"Happy Flower"},{"floor":11,"key":"Darkstone Periapt"},{"floor":14,"key":"Centennial Puzzle"}],"event_choices":[{"damage_healed":0,"gold_gain":0,"player_choice":"Ignored","damage_taken":0,"max_hp_gain":0,"max_hp_loss":0,"event_name":"Liars Game","floor":4,"gold_loss":0},{"damage_healed":0,"gold_gain":62,"player_choice":"Gained Gold","damage_taken":0,"max_hp_gain":0,"max_hp_loss":0,"event_name":"Golden Wing","floor":13,"gold_loss":0}],"is_beta":false,"boss_relics":[],"items_purged_floors":[],"is_endless":false,"potions_floor_spawned":[2,11,12],"killed_by":"The Guardian","ascension_level":19}