{"gold_per_floor":[118,118,136,61,73,73,91,125,125,225,225,251,267,9,9,9],"floor_reached":16,"playtime":810,"items_purged":["Strike_G"],"score":143,"play_id":"11240e74-20ae-4008-b259-21d5b7536e39","local_time":"20190721081637","is_ascension_mode":true,"campfire_choices":[{"data":"Neutralize","floor":6,"key":"SMITH"},{"floor":11,"key":"REST"},{"floor":15,"key":"REST"}],"neow_cost":"NONE","seed_source_timestamp":155338202122900,"circlet_count":0,"master_deck":["Strike_G","Strike_G","Strike_G","Strike_G","Defend_G","Defend_G","Defend_G","Defend_G","Defend_G","Survivor","Neutralize+1","Noxious Fumes","Terror","Well Laid Plans","Backstab"],"relics":["Ring of the Snake","NeowsBlessing","FaceOfCleric","Letter Opener","WingedGreaves","Tough Bandages","Shuriken"],"potions_floor_usage":[7,16],"damage_taken":[{"damage":0,"enemies":"2 Louse","floor":1,"turns":1},{"damage":0,"enemies":"Cultist","floor":3,"turns":1},{"damage":0,"enemies":"Jaw Worm","floor":5,"turns":1},{"damage":6,"enemies":"Exordium Thugs","floor":7,"turns":5},{"damage":24,"enemies":"Gremlin Nob","floor":8,"turns":5},{"damage":44,"enemies":"3 Sentries","floor":12,"turns":10},{"damage":10,"enemies":"Lots of Slimes","floor":13,"turns":4},{"damage":27,"enemies":"Slime Boss","floor":16,"turns":8}],"seed_played":"-6727981977204715246","potions_obtained":[{"floor":1,"key":"Energy Potion"},{"floor":12,"key":"Weak Potion"}],"is_trial":false,"path_per_floor":["M","?","M","$","M","R","M","E","T","?","R","E","M","$","R","B"],"character_chosen":"THE_SILENT","items_purchased":["Shuriken"],"campfire_rested":2,"item_purchase_floors":[14],"current_hp_per_floor":[63,63,64,64,65,65,60,37,37,37,59,16,7,7,29,2],"gold":9,"neow_bonus":"THREE_ENEMY_KILL","is_prod":false,"is_daily":false,"chose_seed":false,"campfire_upgraded":1,"win_rate":0,"timestamp":1563664597,"path_taken":["M","?","?","?","?","R","M","E","T","?","R","E","M","?","R","BOSS"],"build_version":"2019-07-17","purchased_purges":1,"victory":false,"max_hp_per_floor":[70,70,71,71,72,72,73,74,74,74,74,75,76,76,76,76],"card_choices":[{"not_picked":["Setup","Underhanded Strike","PiercingWail"],"picked":"SKIP","floor":1},{"not_picked":["Finisher","Bane"],"picked":"Noxious Fumes","floor":3},{"not_picked":["Cloak And Dagger","Acrobatics"],"picked":"Terror","floor":5},{"not_picked":["Prepared","Dagger Throw","Deflect"],"picked":"SKIP","floor":7},{"not_picked":["Terror","Finisher","Reflex"],"picked":"SKIP","floor":8},{"not_picked":["Poisoned Stab","Endless Agony"],"picked":"Well Laid Plans","floor":12},{"not_picked":["Expertise","Phantasmal Killer"],"picked":"Backstab","floor":13}],"player_experience":379443,"relics_obtained":[{"floor":8,"key":"Letter Opener"},{"floor":9,"key":"WingedGreaves"},{"floor":12,"key":"Tough Bandages"}],"event_choices":[{"damage_healed":0,"gold_gain":0,"player_choice":"Trade","damage_taken":0,"relics_obtained":["FaceOfCleric"],"max_hp_gain":0,"max_hp_loss":0,"event_name":"FaceTrader","floor":2,"gold_loss":0},{"damage_healed":0,"gold_gain":100,"player_choice":"Pray","damage_taken":0,"max_hp_gain":0,"max_hp_loss":0,"event_name":"Golden Shrine","floor":10,"gold_loss":0}],"is_beta":false,"boss_relics":[],"items_purged_floors":[4],"is_endless":false,"potions_floor_spawned":[1,12],"killed_by":"Slime Boss","ascension_level":6}