{"gold_per_floor":[117,129,148,166,185,185,205,240,240,240,51,51,51,63,63,158,158,168,11,27,27,46,59,75,75,75,75,0,16,16,45,45,141,141,159,159,59,0,20,20,20,20,20,20],"floor_reached":44,"playtime":2331,"items_purged":["Shame","Strike_B"],"score":671,"play_id":"8174f93c-359b-4991-9899-0aaeccedfd99","local_time":"20190810203347","is_ascension_mode":true,"campfire_choices":[{"data":"Dualcast","floor":6,"key":"SMITH"},{"data":"Zap","floor":10,"key":"SMITH"},{"data":"Reinforced Body","floor":13,"key":"SMITH"},{"floor":15,"key":"REST"},{"data":"Electrodynamics","floor":30,"key":"SMITH"},{"floor":32,"key":"REST"},{"floor":41,"key":"REST"}],"neow_cost":"NONE","seed_source_timestamp":17694377278000,"circlet_count":0,"master_deck":["Strike_B","Defend_B","Defend_B","Defend_B","Defend_B","Zap+1","Dualcast+1","Cold Snap","Rebound","Undo","Sweeping Beam","Gash","Reinforced Body+1","Rebound","Sunder","Ball Lightning","Electrodynamics+1","Glacier","Self Repair","Ball Lightning","BootSequence+1","Darkness+1","Turbo","Coolheaded+1","Meteor Strike","Beam Cell+1","Madness","Madness","Glacier+1","Panacea","Finesse","Chrysalis","Decay","Melter"],"relics":["Cracked Core","Thread and Needle","Bottled Flame","DataDisk","Philosopher\u0027s Stone","Juzu Bracelet","Shuriken","Spirit Poop","Ice Cream","Bag of Marbles","Gambling Chip","Empty Cage","Red Mask","The Courier"],"potions_floor_usage":[5,8,16,16,16,24,29,31,44],"damage_taken":[{"damage":1,"enemies":"Cultist","floor":1,"turns":3},{"damage":0,"enemies":"2 Louse","floor":2,"turns":2},{"damage":5,"enemies":"Small Slimes","floor":3,"turns":3},{"damage":9,"enemies":"Red Slaver","floor":4,"turns":4},{"damage":10,"enemies":"3 Louse","floor":5,"turns":5},{"damage":10,"enemies":"Looter","floor":7,"turns":3},{"damage":22,"enemies":"Gremlin Nob","floor":8,"turns":4},{"damage":0,"enemies":"Exordium Thugs","floor":14,"turns":3},{"damage":0,"enemies":"The Guardian","floor":16,"turns":11},{"damage":9,"enemies":"Shell Parasite","floor":18,"turns":3},{"damage":5,"enemies":"Chosen","floor":20,"turns":4},{"damage":3,"enemies":"Sentry and Sphere","floor":22,"turns":5},{"damage":10,"enemies":"Cultist and Chosen","floor":23,"turns":6},{"damage":8,"enemies":"3 Cultists","floor":24,"turns":5},{"damage":4,"enemies":"Centurion and Healer","floor":29,"turns":5},{"damage":10,"enemies":"Gremlin Leader","floor":31,"turns":5},{"damage":73,"enemies":"Automaton","floor":33,"turns":12},{"damage":0,"enemies":"Orb Walker","floor":35,"turns":3},{"damage":0,"enemies":"3 Shapes","floor":39,"turns":3},{"damage":150,"enemies":"Giant Head","floor":44,"turns":11}],"seed_played":"3098937525188055819","potions_obtained":[{"floor":0,"key":"Regen Potion"},{"floor":0,"key":"Weak Potion"},{"floor":0,"key":"LiquidBronze"},{"floor":2,"key":"EssenceOfSteel"},{"floor":3,"key":"Ancient Potion"},{"floor":12,"key":"Dexterity Potion"},{"floor":12,"key":"FearPotion"},{"floor":12,"key":"Block Potion"},{"floor":16,"key":"Block Potion"},{"floor":20,"key":"LiquidBronze"},{"floor":23,"key":"Weak Potion"},{"floor":24,"key":"FairyPotion"},{"floor":31,"key":"SteroidPotion"},{"floor":39,"key":"Poison Potion"}],"is_trial":false,"path_per_floor":["M","M","M","M","M","R","M","E","T","R","$","?","R","M","R","B",null,"M","$","M","?","M","M","M","?","T","?","$","M","R","E","R","B",null,"M","?","$","?","M","?","R","?","T","E"],"character_chosen":"DEFECT","items_purchased":["DataDisk","Sunder","Juzu Bracelet"],"campfire_rested":3,"item_purchase_floors":[11,11,19],"current_hp_per_floor":[67,67,62,53,57,57,47,25,25,25,25,25,25,25,47,47,68,59,59,54,54,58,55,54,54,54,54,54,57,57,54,75,9,59,59,50,50,50,50,40,62,62,62,0],"gold":20,"neow_bonus":"THREE_SMALL_POTIONS","is_prod":false,"is_daily":false,"chose_seed":false,"campfire_upgraded":4,"win_rate":0,"timestamp":1565436827,"path_taken":["M","M","M","M","M","R","M","E","T","R","?","?","R","M","R","BOSS","M","$","M","?","M","M","M","?","T","?","$","M","R","E","R","BOSS","M","?","$","?","M","?","R","?","T","E"],"build_version":"2019-07-17","purchased_purges":2,"victory":false,"max_hp_per_floor":[75,75,75,75,75,75,75,75,75,75,75,75,75,75,75,75,75,75,75,75,75,75,75,75,75,75,75,75,75,75,75,75,75,75,75,75,75,75,75,75,75,75,75,75],"card_choices":[{"not_picked":["Barrage","Rebound"],"picked":"Cold Snap","floor":1},{"not_picked":["Blizzard","Heatsinks"],"picked":"Rebound","floor":2},{"not_picked":["Rebound","Rainbow"],"picked":"Undo","floor":3},{"not_picked":["Stack","Doom and Gloom"],"picked":"Sweeping Beam","floor":4},{"not_picked":["Sweeping Beam","Go for the Eyes"],"picked":"Gash","floor":5},{"not_picked":["Capacitor","Leap"],"picked":"Reinforced Body","floor":7},{"not_picked":["Gash","Thunder Strike"],"picked":"Rebound","floor":8},{"not_picked":["Scrape","Conserve Battery"],"picked":"Ball Lightning","floor":14},{"not_picked":["Hyperbeam","Fission"],"picked":"Electrodynamics","floor":16},{"not_picked":["Ball Lightning","Steam"],"picked":"Glacier","floor":18},{"not_picked":["Conserve Battery","Darkness"],"picked":"Self Repair","floor":20},{"not_picked":["Rip and Tear","Compile Driver"],"picked":"Ball Lightning","floor":22},{"not_picked":["Rip and Tear","Go for the Eyes"],"picked":"BootSequence+1","floor":23},{"not_picked":["Chaos","Barrage"],"picked":"Darkness+1","floor":24},{"not_picked":["Stack+1","Conserve Battery"],"picked":"Turbo","floor":29},{"not_picked":["Stack","Force Field"],"picked":"Coolheaded+1","floor":31},{"not_picked":["Biased Cognition","Thunder Strike"],"picked":"Meteor Strike","floor":33},{"not_picked":["Conserve Battery","Double Energy"],"picked":"Beam Cell+1","floor":35},{"not_picked":["Blizzard","Hologram"],"picked":"Glacier+1","floor":39},{"not_picked":["Finesse","Discovery"],"picked":"Panacea","floor":40},{"not_picked":["Purity","Swift Strike"],"picked":"Finesse","floor":40},{"not_picked":["PanicButton","Madness"],"picked":"Chrysalis","floor":40}],"player_experience":675410,"relics_obtained":[{"floor":8,"key":"Thread and Needle"},{"floor":9,"key":"Bottled Flame"},{"floor":26,"key":"Ice Cream"},{"floor":31,"key":"Gambling Chip"},{"floor":43,"key":"The Courier"}],"event_choices":[{"damage_healed":0,"gold_gain":0,"player_choice":"Got Potions","damage_taken":0,"max_hp_gain":0,"max_hp_loss":0,"event_name":"Lab","floor":12,"gold_loss":0},{"damage_healed":0,"gold_gain":0,"player_choice":"Opened","damage_taken":0,"relics_obtained":["Shuriken"],"max_hp_gain":0,"max_hp_loss":0,"event_name":"The Mausoleum","floor":21,"gold_loss":0,"cards_obtained":["Writhe"]},{"cards_removed":["Writhe"],"damage_healed":0,"gold_gain":0,"player_choice":"Offered Curse","damage_taken":0,"relics_obtained":["Spirit Poop"],"max_hp_gain":0,"max_hp_loss":0,"event_name":"Bonfire Elementals","floor":25,"gold_loss":0},{"damage_healed":0,"gold_gain":0,"player_choice":"Stole Relic","damage_taken":0,"relics_obtained":["Bag of Marbles"],"max_hp_gain":0,"max_hp_loss":0,"event_name":"Addict","floor":27,"gold_loss":0,"cards_obtained":["Shame"]},{"damage_healed":0,"gold_gain":0,"player_choice":"Embrace Madness","damage_taken":9,"max_hp_gain":0,"max_hp_loss":0,"event_name":"Winding Halls","floor":36,"gold_loss":0,"cards_obtained":["Madness","Madness"]},{"damage_healed":0,"gold_gain":0,"player_choice":"Paid","damage_taken":0,"relics_obtained":["Red Mask"],"max_hp_gain":0,"max_hp_loss":0,"event_name":"Tomb of Lord Red Mask","floor":38,"gold_loss":59},{"damage_healed":0,"gold_gain":0,"player_choice":"Memory 3","damage_taken":10,"max_hp_gain":0,"max_hp_loss":0,"event_name":"SensoryStone","floor":40,"gold_loss":0},{"damage_healed":0,"gold_gain":0,"player_choice":"2 cards matched","damage_taken":0,"max_hp_gain":0,"max_hp_loss":0,"event_name":"Match and Keep!","floor":42,"gold_loss":0,"cards_obtained":["Decay","Melter"]}],"is_beta":false,"boss_relics":[{"not_picked":["Busted Crown","Lizard Tail"],"picked":"Philosopher\u0027s Stone"},{"not_picked":["Coffee Dripper","Sozu"],"picked":"Empty Cage"}],"items_purged_floors":[28,37],"is_endless":false,"potions_floor_spawned":[2,3,4,16,20,23,24,31,39],"killed_by":"Giant Head","ascension_level":8}