{"gold_per_floor":[115,131,55,74,84,115,115,144,144,173,173,208,218,232,232,232],"floor_reached":16,"playtime":1553,"items_purged":[],"score":158,"play_id":"e2a0c319-4390-4c80-9941-777fdc64ddef","local_time":"20181202112740","is_ascension_mode":true,"campfire_choices":[{"data":"Flame Barrier","floor":7,"key":"SMITH"},{"floor":11,"key":"REST"},{"data":"Inflame","floor":15,"key":"SMITH"}],"neow_cost":"NONE","seed_source_timestamp":1430814216420668,"circlet_count":0,"master_deck":["Strike_R","Strike_R","Strike_R","Strike_R","Defend_R","Defend_R","Defend_R","Defend_R","Bash","Sword Boomerang","Shrug It Off","Flame Barrier+1","Inflame+1","Ghostly Armor","Carnage","Exhume","Heavy Blade","Corruption","Seeing Red"],"relics":["Burning Blood","Dream Catcher","Anchor","Vajra","Darkstone Periapt","Gremlin Horn"],"potions_floor_usage":[5,6,8,16],"damage_taken":[{"damage":12,"enemies":"Small Slimes","floor":1,"turns":5},{"damage":4,"enemies":"Jaw Worm","floor":2,"turns":4},{"damage":2,"enemies":"2 Louse","floor":4,"turns":3},{"damage":10,"enemies":"Large Slime","floor":5,"turns":5},{"damage":20,"enemies":"Lagavulin","floor":6,"turns":7},{"damage":20,"enemies":"3 Sentries","floor":8,"turns":7},{"damage":30,"enemies":"Lagavulin","floor":10,"turns":8},{"damage":20,"enemies":"Gremlin Nob","floor":12,"turns":4},{"damage":2,"enemies":"Exordium Thugs","floor":13,"turns":5},{"damage":0,"enemies":"3 Louse","floor":14,"turns":3},{"damage":47,"enemies":"Hexaghost","floor":16,"turns":9}],"seed_played":"7969375473974594556","potions_obtained":[{"floor":1,"key":"Fire Potion"},{"floor":2,"key":"LiquidBronze"},{"floor":4,"key":"Energy Potion"},{"floor":12,"key":"FearPotion"}],"is_trial":false,"path_per_floor":["M","M","$","M","M","E","R","E","T","E","R","E","M","M","R","B"],"character_chosen":"IRONCLAD","items_purchased":["Flame Barrier"],"campfire_rested":1,"item_purchase_floors":[3],"current_hp_per_floor":[74,76,76,80,76,62,62,48,48,24,48,34,38,44,44,0],"gold":232,"neow_bonus":"REMOVE_CARD","is_prod":false,"is_daily":false,"chose_seed":false,"campfire_upgraded":2,"win_rate":0,"timestamp":1543778860,"path_taken":["M","M","$","M","M","E","R","E","T","E","R","E","M","M","R","BOSS"],"build_version":"2018-11-15","purchased_purges":0,"victory":false,"max_hp_per_floor":[80,80,80,80,80,80,80,80,80,80,80,80,80,80,80,80],"card_choices":[{"not_picked":["Sentinel","Cleave"],"picked":"Sword Boomerang","floor":1},{"not_picked":["Body Slam","Warcry"],"picked":"Shrug It Off","floor":2},{"not_picked":["Reckless Charge","Cleave"],"picked":"Inflame","floor":4},{"not_picked":["Cleave","Wild Strike"],"picked":"Ghostly Armor","floor":5},{"not_picked":["Fire Breathing","Sever Soul"],"picked":"Carnage","floor":6},{"not_picked":["Sword Boomerang","Clash"],"picked":"Exhume","floor":8},{"not_picked":["Headbutt","Seeing Red"],"picked":"Heavy Blade","floor":10},{"not_picked":["Warcry","Iron Wave"],"picked":"Corruption","floor":11},{"not_picked":["Flex","Fire Breathing"],"picked":"Seeing Red","floor":12},{"not_picked":["Rampage","Iron Wave","Wild Strike"],"picked":"SKIP","floor":13},{"not_picked":["Cleave","Clash","Twin Strike"],"picked":"SKIP","floor":14}],"player_experience":353098,"relics_obtained":[{"floor":6,"key":"Dream Catcher"},{"floor":8,"key":"Anchor"},{"floor":9,"key":"Vajra"},{"floor":10,"key":"Darkstone Periapt"},{"floor":12,"key":"Gremlin Horn"}],"event_choices":[],"is_beta":false,"boss_relics":[],"items_purged_floors":[],"is_endless":false,"potions_floor_spawned":[1,2,4,12],"killed_by":"Hexaghost","ascension_level":4}