{"gold_per_floor":[114,39,39,55,55,55,84,96,96,96,96,114,94,114,114,187,187,207,221,136,155,155,155,173,173,173,173,173,186,204,34,34,34],"floor_reached":33,"playtime":1198,"items_purged":[],"score":530,"play_id":"eefa351b-1780-4536-bceb-82585e5c6b66","local_time":"20190823190920","is_ascension_mode":true,"campfire_choices":[{"data":"Zap","floor":6,"key":"SMITH"},{"data":"Defend_B","floor":11,"key":"SMITH"},{"data":"Double Energy","floor":15,"key":"SMITH"},{"floor":23,"key":"REST"},{"floor":28,"key":"REST"},{"data":"Defragment","floor":32,"key":"SMITH"}],"neow_cost":"NONE","seed_source_timestamp":217811645491300,"circlet_count":0,"master_deck":["AscendersBane","Strike_B","Defend_B","Defend_B","Defend_B","Defend_B+1","Zap+1","Dualcast","Melter","Chaos+1","Rebound","Lockon+1","Ball Lightning+1","Double Energy+1","Go for the Eyes+1","Biased Cognition","Beam Cell+1","Capacitor","Ball Lightning+1","Hologram","Ghostly","Ghostly","Ghostly","Defragment+1","Consume"],"relics":["Cracked Core","NeowsBlessing","Molten Egg 2","Bronze Scales","Gremlin Horn","Empty Cage","Omamori","The Courier","Sundial","Smiling Mask","Lee\u0027s Waffle"],"potions_floor_usage":[12,16,18,19,24,24],"damage_taken":[{"damage":0,"enemies":"2 Louse","floor":1,"turns":1},{"damage":0,"enemies":"Jaw Worm","floor":4,"turns":1},{"damage":0,"enemies":"Gremlin Nob","floor":7,"turns":1},{"damage":0,"enemies":"Cultist","floor":8,"turns":2},{"damage":13,"enemies":"Looter","floor":12,"turns":2},{"damage":3,"enemies":"Gremlin Gang","floor":14,"turns":2},{"damage":37,"enemies":"Slime Boss","floor":16,"turns":9},{"damage":20,"enemies":"2 Thieves","floor":18,"turns":3},{"damage":7,"enemies":"3 Byrds","floor":19,"turns":3},{"damage":24,"enemies":"Snecko","floor":21,"turns":4},{"damage":24,"enemies":"Centurion and Healer","floor":24,"turns":3},{"damage":3,"enemies":"Snake Plant","floor":29,"turns":3},{"damage":9,"enemies":"Chosen and Byrds","floor":30,"turns":5},{"damage":56,"enemies":"Automaton","floor":33,"turns":6}],"seed_played":"388188507217031251","potions_obtained":[{"floor":4,"key":"SpeedPotion"},{"floor":8,"key":"AttackPotion"},{"floor":13,"key":"Regen Potion"},{"floor":18,"key":"Block Potion"},{"floor":19,"key":"Swift Potion"},{"floor":24,"key":"Fruit Juice"}],"is_trial":false,"path_per_floor":["M","?","?","M","?","R","E","M","T","?","R","M","?","M","R","B",null,"M","M","?","M","?","R","M","T","T","?","R","M","M","$","R","B"],"character_chosen":"DEFECT","items_purchased":["Lee\u0027s Waffle"],"campfire_rested":2,"item_purchase_floors":[31],"current_hp_per_floor":[64,64,64,64,64,64,64,64,64,64,64,51,51,48,48,26,60,40,33,33,9,9,30,11,11,11,11,22,19,10,45,45,0],"gold":34,"neow_bonus":"THREE_ENEMY_KILL","is_prod":false,"is_daily":false,"chose_seed":false,"campfire_upgraded":4,"win_rate":0,"timestamp":1566554960,"path_taken":["M","?","?","?","?","R","E","?","T","?","R","M","?","M","R","BOSS","M","M","?","M","?","R","M","?","T","?","R","?","M","?","R","BOSS"],"build_version":"2019-07-17","purchased_purges":0,"victory":false,"max_hp_per_floor":[71,71,71,71,71,71,71,71,71,71,71,71,71,71,71,71,71,71,71,71,71,71,71,76,76,76,38,38,38,38,45,45,45],"card_choices":[{"not_picked":["Streamline","Redo"],"picked":"Melter","floor":1},{"not_picked":["Double Energy","Stack"],"picked":"Rebound","floor":4},{"not_picked":["Tempest","Steam"],"picked":"Lockon","floor":7},{"not_picked":["Streamline+1","Rebound+1"],"picked":"Ball Lightning+1","floor":8},{"not_picked":["Force Field","Darkness"],"picked":"Double Energy","floor":12},{"not_picked":["Compile Driver+1","Rebound+1"],"picked":"Go for the Eyes+1","floor":14},{"not_picked":["Hyperbeam+1","Amplify"],"picked":"Biased Cognition","floor":16},{"not_picked":["Redo","Gash+1"],"picked":"Beam Cell+1","floor":18},{"not_picked":["Sweeping Beam+1","Rebound+1"],"picked":"Capacitor","floor":19},{"not_picked":["Melter+1","Gash+1"],"picked":"Ball Lightning+1","floor":21},{"not_picked":["Force Field","Capacitor"],"picked":"Hologram","floor":24},{"not_picked":["Tempest","Gash+1"],"picked":"Defragment","floor":29},{"not_picked":["Beam Cell+1","Tempest"],"picked":"Consume","floor":30}],"player_experience":771656,"relics_obtained":[{"floor":7,"key":"Molten Egg 2"},{"floor":9,"key":"Bronze Scales"},{"floor":25,"key":"Sundial"},{"floor":26,"key":"Smiling Mask"}],"event_choices":[{"cards_removed":["Strike_B"],"damage_healed":0,"gold_gain":0,"player_choice":"Card Removal","damage_taken":0,"max_hp_gain":0,"max_hp_loss":0,"event_name":"The Cleric","floor":2,"gold_loss":75},{"damage_healed":0,"gold_gain":0,"cards_transformed":["Strike_B"],"player_choice":"Transformed","damage_taken":0,"max_hp_gain":0,"max_hp_loss":0,"event_name":"Transmorgrifier","floor":3,"gold_loss":0,"cards_obtained":["Chaos"]},{"damage_healed":0,"gold_gain":0,"player_choice":"Upgraded","damage_taken":0,"max_hp_gain":0,"max_hp_loss":0,"event_name":"Upgrade Shrine","floor":5,"gold_loss":0,"cards_upgraded":["Chaos"]},{"damage_healed":0,"gold_gain":0,"player_choice":"Box","damage_taken":0,"relics_obtained":["Gremlin Horn"],"max_hp_gain":0,"max_hp_loss":0,"event_name":"Big Fish","floor":10,"gold_loss":0,"cards_obtained":["Regret"]},{"damage_healed":0,"gold_gain":0,"player_choice":"Bought 1 Potion","damage_taken":0,"max_hp_gain":0,"max_hp_loss":0,"event_name":"The Woman in Blue","floor":13,"gold_loss":0},{"damage_healed":0,"gold_gain":0,"player_choice":"Obtained Relic","damage_taken":0,"relics_obtained":["Omamori"],"max_hp_gain":0,"max_hp_loss":0,"event_name":"Addict","floor":20,"gold_loss":85},{"damage_healed":0,"gold_gain":0,"player_choice":"Opened","damage_taken":0,"relics_obtained":["The Courier"],"max_hp_gain":0,"max_hp_loss":0,"event_name":"The Mausoleum","floor":22,"gold_loss":0,"cards_obtained":["Writhe"]},{"damage_healed":0,"gold_gain":0,"player_choice":"Became a Ghost","damage_taken":0,"max_hp_gain":0,"max_hp_loss":38,"event_name":"Ghosts","floor":27,"gold_loss":0,"cards_obtained":["Ghostly","Ghostly","Ghostly"]}],"is_beta":false,"boss_relics":[{"not_picked":["Pandora\u0027s Box","Velvet Choker"],"picked":"Empty Cage"}],"items_purged_floors":[],"is_endless":false,"potions_floor_spawned":[4,8,18,19,24],"killed_by":"Automaton","ascension_level":19}