{"gold_per_floor":[109,28,40,40,59,88,98,98,98,108,33,33,33,64,64,169,169,181,193,208,8,8,8,36,50,50,50,69,29,39,58,58,155,155,167,167,182,182,82,114,114,127,151,162,178,191,54,54,54,54],"floor_reached":50,"playtime":3930,"items_purged":["Strike_G","Strike_G"],"score":683,"play_id":"6d1fb6a5-9038-47f6-bf85-740b1593a84f","local_time":"20190722183203","is_ascension_mode":true,"campfire_choices":[{"data":"Bullet Time","floor":8,"key":"SMITH"},{"floor":15,"key":"REST"},{"data":"Bullet Time","floor":23,"key":"SMITH"},{"data":"Acrobatics","floor":27,"key":"SMITH"},{"floor":32,"key":"REST"},{"data":"Burst","floor":41,"key":"SMITH"},{"floor":49,"key":"REST"}],"neow_cost":"NONE","seed_source_timestamp":275545270017299,"circlet_count":0,"master_deck":["Strike_G","Strike_G","Defend_G","Defend_G","Defend_G","Defend_G","Defend_G","Survivor","Neutralize+1","Deadly Poison","Bandage Up","Bullet Time+1","Acrobatics","Bouncing Flask","Malaise","Burst+1","Bullet Time+1","Deadly Poison","Backstab+1","Backflip+1","Acrobatics+1","Backstab+1","Noxious Fumes","Doppelganger","Acrobatics+1","Skewer+1","Bane+1","Footwork","Blur"],"relics":["Ring of the Snake","NeowsBlessing","Pear","Mercury Hourglass","Anchor","Philosopher\u0027s Stone","Chemical X","Ancient Tea Set","Art of War","Shuriken","Black Star","Omamori","Blood Vial","Boot"],"potions_floor_usage":[16,16,19,19,24,29,31,33,33,40,40,50,50,50],"damage_taken":[{"damage":0,"enemies":"Cultist","floor":1,"turns":1},{"damage":0,"enemies":"Small Slimes","floor":3,"turns":1},{"damage":0,"enemies":"2 Louse","floor":5,"turns":1},{"damage":49,"enemies":"3 Sentries","floor":6,"turns":12},{"damage":0,"enemies":"Red Slaver","floor":7,"turns":5},{"damage":2,"enemies":"2 Fungi Beasts","floor":10,"turns":5},{"damage":18,"enemies":"Gremlin Nob","floor":14,"turns":4},{"damage":12,"enemies":"The Guardian","floor":16,"turns":8},{"damage":15,"enemies":"Spheric Guardian","floor":18,"turns":5},{"damage":0,"enemies":"3 Byrds","floor":19,"turns":4},{"damage":7,"enemies":"Snake Plant","floor":20,"turns":4},{"damage":15,"enemies":"Slavers","floor":24,"turns":7},{"damage":6,"enemies":"Chosen and Byrds","floor":25,"turns":6},{"damage":10,"enemies":"Centurion and Healer","floor":28,"turns":6},{"damage":0,"enemies":"Shelled Parasite and Fungi","floor":30,"turns":3},{"damage":0,"enemies":"Snake Plant","floor":31,"turns":3},{"damage":28,"enemies":"Collector","floor":33,"turns":8},{"damage":26,"enemies":"3 Darklings","floor":35,"turns":7},{"damage":3,"enemies":"Orb Walker","floor":37,"turns":4},{"damage":27,"enemies":"Reptomancer","floor":40,"turns":5},{"damage":6,"enemies":"3 Darklings","floor":42,"turns":4},{"damage":1,"enemies":"Transient","floor":44,"turns":5},{"damage":21,"enemies":"Spire Growth","floor":45,"turns":4},{"damage":0,"enemies":"4 Shapes","floor":46,"turns":4},{"damage":71,"enemies":"Time Eater","floor":50,"turns":12}],"seed_played":"3415266633770429986","potions_obtained":[{"floor":3,"key":"Strength Potion"},{"floor":5,"key":"Strength Potion"},{"floor":14,"key":"Energy Potion"},{"floor":16,"key":"Swift Potion"},{"floor":18,"key":"Block Potion"},{"floor":20,"key":"PowerPotion"},{"floor":24,"key":"AttackPotion"},{"floor":29,"key":"Fruit Juice"},{"floor":29,"key":"GamblersBrew"},{"floor":29,"key":"AttackPotion"},{"floor":33,"key":"GhostInAJar"},{"floor":35,"key":"PowerPotion"},{"floor":40,"key":"Swift Potion"},{"floor":44,"key":"PowerPotion"},{"floor":45,"key":"SkillPotion"}],"is_trial":false,"path_per_floor":["M","$","M","?","M","E","M","R","T","M","$","?","$","E","R","B",null,"M","M","M","$","?","R","E","M","T","R","M","?","M","M","R","B",null,"M","?","M","?","$","E","R","M","T","M","M","M","$","?","R","B"],"character_chosen":"THE_SILENT","items_purchased":["Bandage Up","Chemical X","Footwork","Blur"],"campfire_rested":3,"item_purchase_floors":[2,21,47,47],"current_hp_per_floor":[63,63,63,63,63,28,32,32,32,34,34,34,34,20,44,36,69,58,62,59,59,59,59,48,46,46,46,40,45,49,53,78,54,77,55,55,56,56,56,33,33,33,33,38,23,29,29,29,53,0],"gold":54,"neow_bonus":"THREE_ENEMY_KILL","is_prod":false,"is_daily":false,"chose_seed":false,"campfire_upgraded":4,"win_rate":0,"timestamp":1563787923,"path_taken":["M","$","?","?","?","E","M","R","T","M","$","?","?","E","R","BOSS","M","M","?","$","?","R","E","M","T","R","?","?","M","M","R","BOSS","M","?","M","?","$","E","R","M","T","M","M","M","$","?","R","BOSS"],"build_version":"2019-07-17","purchased_purges":2,"victory":false,"max_hp_per_floor":[70,70,70,70,70,80,80,80,80,80,80,80,80,80,80,80,80,80,80,80,80,80,80,80,80,80,80,80,85,85,85,85,85,85,85,85,85,85,85,85,85,85,85,85,85,85,85,81,81,81],"card_choices":[{"not_picked":["Poisoned Stab","Dodge and Roll"],"picked":"Deadly Poison","floor":1},{"not_picked":["PiercingWail","Prepared","Dodge and Roll"],"picked":"SKIP","floor":3},{"not_picked":["Eviscerate","Bane","Deflect"],"picked":"SKIP","floor":5},{"not_picked":["Distraction","Reflex"],"picked":"Bullet Time","floor":6},{"not_picked":["Accuracy","Calculated Gamble"],"picked":"Acrobatics","floor":7},{"not_picked":["Underhanded Strike","Slice"],"picked":"Bouncing Flask","floor":10},{"not_picked":["Endless Agony","Escape Plan"],"picked":"Burst","floor":14},{"not_picked":["Unload","Tools of the Trade"],"picked":"Bullet Time","floor":16},{"not_picked":["Dagger Throw+1","Caltrops"],"picked":"Deadly Poison","floor":18},{"not_picked":["Crippling Poison","Poisoned Stab"],"picked":"Backstab+1","floor":19},{"not_picked":["Cloak And Dagger","Burst"],"picked":"Backflip+1","floor":20},{"not_picked":["Riddle With Holes","Masterful Stab","Dagger Throw"],"picked":"SKIP","floor":24},{"not_picked":["Outmaneuver+1","Sucker Punch"],"picked":"Acrobatics","floor":25},{"not_picked":["Slice","Outmaneuver","Deflect"],"picked":"SKIP","floor":28},{"not_picked":["Dagger Throw","Endless Agony"],"picked":"Backstab+1","floor":30},{"not_picked":["Dash","Deadly Poison"],"picked":"Noxious Fumes","floor":31},{"not_picked":["Envenom","Grand Finale"],"picked":"Doppelganger","floor":33},{"not_picked":["Underhanded Strike","PiercingWail"],"picked":"Acrobatics+1","floor":35},{"not_picked":["Eviscerate","Terror+1"],"picked":"Skewer+1","floor":37},{"not_picked":["Dodge and Roll","Sucker Punch+1","Bullet Time"],"picked":"SKIP","floor":40},{"not_picked":["Underhanded Strike","Quick Slash","Outmaneuver"],"picked":"SKIP","floor":42},{"not_picked":["Dash+1","Blade Dance"],"picked":"Bane+1","floor":44},{"not_picked":["Dagger Spray+1","Flying Knee+1","PiercingWail+1"],"picked":"SKIP","floor":45},{"not_picked":["Slice+1","Riddle With Holes","Infinite Blades+1"],"picked":"SKIP","floor":46}],"player_experience":399284,"relics_obtained":[{"floor":6,"key":"Pear"},{"floor":9,"key":"Mercury Hourglass"},{"floor":14,"key":"Anchor"},{"floor":24,"key":"Art of War"},{"floor":26,"key":"Shuriken"},{"floor":40,"key":"Omamori"},{"floor":40,"key":"Blood Vial"},{"floor":43,"key":"Boot"}],"event_choices":[{"damage_healed":0,"gold_gain":0,"player_choice":"Upgraded","damage_taken":0,"max_hp_gain":0,"max_hp_loss":0,"event_name":"Upgrade Shrine","floor":4,"gold_loss":0,"cards_upgraded":["Neutralize"]},{"damage_healed":0,"gold_gain":0,"cards_transformed":["Strike_G"],"player_choice":"Transformed","damage_taken":0,"max_hp_gain":0,"max_hp_loss":0,"event_name":"Transmorgrifier","floor":12,"gold_loss":0,"cards_obtained":["Malaise"]},{"damage_healed":0,"gold_gain":0,"player_choice":"Gave Potion","damage_taken":0,"relics_obtained":["Ancient Tea Set"],"max_hp_gain":0,"max_hp_loss":0,"event_name":"WeMeetAgain","floor":22,"gold_loss":0},{"damage_healed":0,"gold_gain":0,"player_choice":"Bought 3 Potions","damage_taken":0,"max_hp_gain":0,"max_hp_loss":0,"event_name":"The Woman in Blue","floor":29,"gold_loss":0},{"damage_healed":0,"gold_gain":0,"player_choice":"Ignored","damage_taken":0,"max_hp_gain":0,"max_hp_loss":0,"event_name":"Mysterious Sphere","floor":36,"gold_loss":0},{"damage_healed":0,"gold_gain":0,"player_choice":"Ignored","damage_taken":0,"max_hp_gain":0,"max_hp_loss":0,"event_name":"Tomb of Lord Red Mask","floor":38,"gold_loss":0},{"damage_healed":0,"gold_gain":0,"player_choice":"Max HP","damage_taken":0,"max_hp_gain":0,"max_hp_loss":4,"event_name":"Winding Halls","floor":48,"gold_loss":0}],"is_beta":false,"boss_relics":[{"not_picked":["Ectoplasm","Busted Crown"],"picked":"Philosopher\u0027s Stone"},{"not_picked":["Runic Pyramid","Coffee Dripper"],"picked":"Black Star"}],"items_purged_floors":[11,39],"is_endless":false,"potions_floor_spawned":[3,5,14,16,18,20,24,33,35,40,44,45],"killed_by":"Time Eater","ascension_level":7}