{"gold_per_floor":[113,113,113,131,35,71,95,95,95,95,126,144,50,22,22,146,146,171,194,194,209,209,240,240,276,302,320,358,378,378,394,394,520,520,538,558,558,558,518,518,300,300,327,327,352,376,390,723,723,723,723,723,5,34,34],"floor_reached":55,"playtime":3823,"items_purged":["Regret"],"score":951,"play_id":"7c568ef9-183b-43fa-b9d0-5ce94c3797ba","local_time":"20181205082323","is_ascension_mode":true,"campfire_choices":[{"floor":8.0,"key":"REST"},{"data":"Zap","floor":10.0,"key":"SMITH"},{"floor":15.0,"key":"REST"},{"data":"Double Energy","floor":24.0,"key":"SMITH"},{"floor":30.0,"key":"REST"},{"data":"Thunder Strike","floor":32.0,"key":"SMITH"},{"floor":40.0,"key":"RECALL"},{"data":"Creative AI","floor":42.0,"key":"SMITH"},{"data":"Capacitor","floor":44.0,"key":"SMITH"},{"floor":49.0,"key":"REST"},{"data":"Defragment","floor":52.0,"key":"SMITH"}],"neow_cost":"NONE","seed_source_timestamp":166561480365900,"circlet_count":0,"master_deck":["Zap+1","Dualcast","Ball Lightning","Hologram","Coolheaded","Steam","Thunder Strike+1","Hologram+1","Double Energy+1","Electrodynamics","FTL","Conserve Battery","Tempest","Aggregate","Leap+1","Stack+1","Capacitor+1","Creative AI+1","Rebound","Steam+1","Ball Lightning","Hologram","White Noise+1","Reprogram","Redo","Gash","Steam+1","Conserve Battery+1","Sweeping Beam+1","Leap+1","Defragment+1","Steam+1","Defragment","Leap","Loop+1"],"special_seed":0,"relics":["Cracked Core","Potion Belt","Symbiotic Virus","Pear","Thread and Needle","Bag of Preparation","Nuclear Battery","Oddly Smooth Stone","Anchor","Omamori","Pandora\u0027s Box","War Paint","Dream Catcher","Bag of Marbles","Lantern","Runic Capacitor","Boot"],"potions_floor_usage":[54,54,55,55,55],"damage_taken":[{"damage":5.0,"enemies":"Small Slimes","floor":1.0,"turns":3.0},{"damage":4.0,"enemies":"Jaw Worm","floor":4.0,"turns":3.0},{"damage":32.0,"enemies":"Gremlin Nob","floor":6.0,"turns":4.0},{"damage":8.0,"enemies":"2 Louse","floor":7.0,"turns":2.0},{"damage":28.0,"enemies":"Lagavulin","floor":11.0,"turns":4.0},{"damage":6.0,"enemies":"Blue Slaver","floor":12.0,"turns":3.0},{"damage":10.0,"enemies":"Slime Boss","floor":16.0,"turns":8.0},{"damage":10.0,"enemies":"Spheric Guardian","floor":18.0,"turns":4.0},{"damage":1.0,"enemies":"2 Thieves","floor":19.0,"turns":4.0},{"damage":1.0,"enemies":"Chosen and Byrds","floor":21.0,"turns":4.0},{"damage":6.0,"enemies":"Gremlin Leader","floor":23.0,"turns":6.0},{"damage":0.0,"enemies":"Slavers","floor":25.0,"turns":2.0},{"damage":0.0,"enemies":"Snake Plant","floor":27.0,"turns":2.0},{"damage":5.0,"enemies":"Book of Stabbing","floor":28.0,"turns":4.0},{"damage":4.0,"enemies":"3 Cultists","floor":29.0,"turns":5.0},{"damage":0.0,"enemies":"Chosen and Byrds","floor":31.0,"turns":3.0},{"damage":53.0,"enemies":"Champ","floor":33.0,"turns":13.0},{"damage":1.0,"enemies":"3 Shapes","floor":35.0,"turns":5.0},{"damage":11.0,"enemies":"Orb Walker","floor":36.0,"turns":3.0},{"damage":21.0,"enemies":"Jaw Worm Horde","floor":45.0,"turns":3.0},{"damage":13.0,"enemies":"Transient","floor":46.0,"turns":5.0},{"damage":1.0,"enemies":"Spire Growth","floor":47.0,"turns":5.0},{"damage":16.0,"enemies":"Donu and Deca","floor":50.0,"turns":11.0},{"damage":51,"enemies":"Shield and Spear","floor":54,"turns":8},{"damage":76,"enemies":"The Heart","floor":55,"turns":3}],"seed_played":"-3480223241943985584","potions_obtained":[{"floor":1.0,"key":"FocusPotion"},{"floor":6.0,"key":"Block Potion"},{"floor":16.0,"key":"EssenceOfSteel"},{"floor":18.0,"key":"SteroidPotion"},{"floor":21.0,"key":"SkillPotion"},{"floor":25.0,"key":"Weak Potion"},{"floor":27.0,"key":"Block Potion"},{"floor":28.0,"key":"PowerPotion"},{"floor":33.0,"key":"Poison Potion"},{"floor":39.0,"key":"Fruit Juice"},{"floor":39.0,"key":"PowerPotion"},{"floor":39.0,"key":"AttackPotion"},{"floor":45.0,"key":"Block Potion"},{"floor":54,"key":"Swift Potion"}],"is_trial":false,"path_per_floor":["M","?","?","M","$","E","M","R","T","R","E","M","$","?","R","B",null,"M","M","?","M","?","E","R","E","T","M","E","M","R","M","R","B",null,"M","M","?","?","?","R","$","R","T","R","M","M","M","?","R","B",null,"R","$","E","B"],"character_chosen":"DEFECT","items_purchased":["PowerPotion","Swift Potion","Steam","Dexterity Potion","War Paint","Bag of Marbles","Lantern","Runic Capacitor","LiquidBronze","Defragment","Strength Potion","Leap"],"campfire_rested":4,"item_purchase_floors":[5,5,13,13,41,53,53,53,53,53,53,53],"current_hp_per_floor":[70,52,52,48,48,26,18,43,43,43,15,9,9,9,34,24,85,75,74,74,73,65,59,59,59,59,59,54,50,75,75,75,22,85,84,73,73,73,78,78,78,78,78,78,57,44,43,43,70,54,90,90,90,39,0],"gold":34,"neow_bonus":"RANDOM_COMMON_RELIC","is_prod":false,"is_daily":false,"chose_seed":false,"campfire_upgraded":6,"win_rate":0,"timestamp":1543965803,"path_taken":["M","?","?","M","$","E","M","R","T","R","E","M","?","?","R","BOSS","M","M","?","M","?","E","R","E","T","M","E","?","R","M","R","BOSS","M","M","?","?","?","R","$","R","T","R","?","M","M","?","R","BOSS","R","$","E","BOSS"],"build_version":"2018-11-15","purchased_purges":1,"victory":false,"max_hp_per_floor":[75,75,75,75,75,85,85,85,85,85,85,85,85,85,85,85,85,85,85,85,85,85,85,85,85,85,85,85,85,85,85,85,85,85,85,85,85,85,90,90,90,90,90,90,90,90,90,90,90,90,90,90,90,90,90],"card_choices":[{"not_picked":["Turbo","Conserve Battery"],"picked":"Ball Lightning","floor":1.0},{"not_picked":["Static Discharge","Gash"],"picked":"Lockon","floor":4.0},{"not_picked":["Rebound","Gash"],"picked":"Hologram","floor":6.0},{"not_picked":["Blizzard","Gash","Glacier"],"picked":"SKIP","floor":7.0},{"not_picked":["Static Discharge","Blizzard"],"picked":"Coolheaded","floor":11.0},{"not_picked":["Blizzard","Heatsinks","Amplify"],"picked":"SKIP","floor":12.0},{"not_picked":["Fission","Seek"],"picked":"Thunder Strike","floor":16.0},{"not_picked":["Auto Shields","Doom and Gloom"],"picked":"Hologram+1","floor":18.0},{"not_picked":["Rebound","Steam+1"],"picked":"Double Energy","floor":19.0},{"not_picked":["Gash","Cold Snap"],"picked":"FTL","floor":21.0},{"not_picked":["Rebound","Go for the Eyes+1"],"picked":"Conserve Battery","floor":23.0},{"not_picked":["Streamline+1","Amplify"],"picked":"Tempest","floor":25.0},{"not_picked":["Conserve Battery","Blizzard+1"],"picked":"Aggregate","floor":27.0},{"not_picked":["Meteor Strike","Stack"],"picked":"Leap+1","floor":28.0},{"not_picked":["Cold Snap","Turbo"],"picked":"Stack+1","floor":29.0},{"not_picked":["Rebound","Redo"],"picked":"Capacitor","floor":31.0},{"not_picked":["Rainbow","Machine Learning"],"picked":"Creative AI","floor":33.0},{"not_picked":["Double Energy","Static Discharge"],"picked":"Steam+1","floor":35.0},{"not_picked":["Rebound","Coolheaded"],"picked":"Conserve Battery+1","floor":36.0},{"not_picked":["Rebound+1","Meteor Strike"],"picked":"Sweeping Beam+1","floor":45.0},{"not_picked":["Turbo","Cold Snap+1"],"picked":"Leap+1","floor":46.0},{"not_picked":["FTL+1","Barrage+1"],"picked":"Defragment","floor":47.0},{"not_picked":["Conserve Battery","Compile Driver"],"picked":"Steam+1","floor":49.0},{"not_picked":["Stack","Streamline"],"picked":"Loop+1","floor":54}],"player_experience":627137,"relics_obtained":[{"floor":6.0,"key":"Pear"},{"floor":9.0,"key":"Thread and Needle"},{"floor":11.0,"key":"Bag of Preparation"},{"floor":23.0,"key":"Oddly Smooth Stone"},{"floor":25.0,"key":"Anchor"},{"floor":28.0,"key":"Omamori"},{"floor":43.0,"key":"Dream Catcher"},{"floor":54,"key":"Boot"}],"event_choices":[{"damage_healed":0.0,"max_hp_gain":0.0,"max_hp_loss":0.0,"gold_gain":0.0,"event_name":"Golden Idol","player_choice":"Take Damage","floor":2.0,"gold_loss":0.0,"damage_taken":18.0,"relics_obtained":["Golden Idol"]},{"damage_healed":0.0,"max_hp_gain":0.0,"max_hp_loss":0.0,"gold_gain":0.0,"event_name":"Big Fish","player_choice":"Box","floor":3.0,"gold_loss":0.0,"damage_taken":0.0,"relics_obtained":["Symbiotic Virus"],"cards_obtained":["Regret"]},{"damage_healed":0.0,"max_hp_gain":0.0,"max_hp_loss":0.0,"gold_gain":0.0,"event_name":"World of Goop","player_choice":"Left Gold","floor":14.0,"gold_loss":28.0,"damage_taken":0.0},{"damage_healed":0.0,"max_hp_gain":0.0,"max_hp_loss":0.0,"gold_gain":0.0,"event_name":"The Library","player_choice":"Read","floor":20.0,"gold_loss":0.0,"damage_taken":0.0,"cards_obtained":["Electrodynamics"]},{"damage_healed":0.0,"max_hp_gain":0.0,"max_hp_loss":0.0,"gold_gain":0.0,"event_name":"Wheel of Change","player_choice":"Damaged","floor":22.0,"gold_loss":0.0,"damage_taken":8.0},{"cards_removed":["Lockon"],"damage_healed":0.0,"max_hp_gain":0.0,"max_hp_loss":0.0,"gold_gain":0.0,"event_name":"Falling","player_choice":"Removed Attack","floor":37.0,"gold_loss":0.0,"damage_taken":0.0},{"damage_healed":0.0,"max_hp_gain":0.0,"max_hp_loss":0.0,"gold_gain":0.0,"event_name":"Tomb of Lord Red Mask","player_choice":"Ignored","floor":38.0,"gold_loss":0.0,"damage_taken":0.0},{"damage_healed":0.0,"max_hp_gain":0.0,"max_hp_loss":0.0,"gold_gain":0.0,"event_name":"The Woman in Blue","player_choice":"Bought 3 Potions","floor":39.0,"gold_loss":0.0,"damage_taken":0.0},{"damage_healed":0.0,"max_hp_gain":0.0,"max_hp_loss":0.0,"gold_gain":333.0,"event_name":"The Moai Head","player_choice":"Gave Idol","floor":48.0,"relics_lost":["Golden Idol"],"gold_loss":0.0,"damage_taken":0.0}],"is_beta":false,"boss_relics":[{"not_picked":["Calling Bell","Astrolabe"],"picked":"Nuclear Battery"},{"not_picked":["Black Star","Snecko Eye"],"picked":"Pandora\u0027s Box"}],"items_purged_floors":[41],"is_endless":false,"potions_floor_spawned":[1,6,16,18,21,25,27,28,33,45,54],"killed_by":"The Heart","ascension_level":3}