{"gold_per_floor":[117,117,136,86,86,113,113,143,143,143,159,169,17,37,37,137,137,156,156,176,186,186,186,197,197,222,26,44,57,57,57,57,157,157,169,169,182,194,194,211,231,59,59,59],"floor_reached":44,"playtime":2630,"items_purged":["Strike_G","Strike_G"],"score":492,"play_id":"eae2da9c-4991-490b-aa9e-5815a64c6656","local_time":"20181229204648","is_ascension_mode":true,"campfire_choices":[{"data":"Dagger Spray","floor":7,"key":"SMITH"},{"floor":10,"key":"REST"},{"floor":15,"key":"REST"},{"floor":23,"key":"REST"},{"floor":25,"key":"REST"},{"floor":32,"key":"REST"}],"neow_cost":"NONE","seed_source_timestamp":38052857170066,"circlet_count":0,"master_deck":["Defend_G","Defend_G+1","Defend_G","Defend_G","Defend_G","Survivor","Neutralize","Dagger Spray+1","Dagger Throw","Malaise","Sucker Punch","Acrobatics","Deadly Poison","Noxious Fumes","Poisoned Stab","Adrenaline","Flying Knee","Noxious Fumes","Apotheosis+1","Deadly Poison","Adrenaline","Noxious Fumes+1","Terror+1","Choke+1","A Thousand Cuts"],"relics":["Ring of the Snake","NeowsBlessing","Bottled Lightning","Sundial","Oddly Smooth Stone","Fusion Hammer","Unceasing Top","Bag of Preparation","Nilry\u0027s Codex","HoveringKite","War Paint"],"potions_floor_usage":[16,16,24,38,40,44,44],"damage_taken":[{"damage":0,"enemies":"Small Slimes","floor":1,"turns":1},{"damage":0,"enemies":"Jaw Worm","floor":3,"turns":1},{"damage":0,"enemies":"Lagavulin","floor":6,"turns":1},{"damage":16,"enemies":"3 Sentries","floor":8,"turns":6},{"damage":0,"enemies":"2 Louse","floor":11,"turns":1},{"damage":33,"enemies":"Gremlin Gang","floor":12,"turns":4},{"damage":18,"enemies":"Large Slime","floor":14,"turns":7},{"damage":14,"enemies":"Hexaghost","floor":16,"turns":8},{"damage":2,"enemies":"3 Byrds","floor":18,"turns":4},{"damage":3,"enemies":"Shell Parasite","floor":20,"turns":5},{"damage":6,"enemies":"Snecko","floor":21,"turns":5},{"damage":16,"enemies":"3 Cultists","floor":24,"turns":5},{"damage":12,"enemies":"Snake Plant","floor":28,"turns":4},{"damage":6,"enemies":"Chosen and Byrds","floor":29,"turns":5},{"damage":25,"enemies":"Champ","floor":33,"turns":9},{"damage":19,"enemies":"3 Darklings","floor":35,"turns":4},{"damage":21,"enemies":"Orb Walker","floor":37,"turns":3},{"damage":16,"enemies":"3 Darklings","floor":38,"turns":3},{"damage":8,"enemies":"Transient","floor":40,"turns":5},{"damage":2,"enemies":"Spire Growth","floor":41,"turns":4},{"damage":11,"enemies":"Maw","floor":44,"turns":2}],"seed_played":"-5978673181451177567","potions_obtained":[{"floor":6,"key":"PowerPotion"},{"floor":11,"key":"EssenceOfSteel"},{"floor":16,"key":"SteroidPotion"},{"floor":18,"key":"Block Potion"},{"floor":28,"key":"Explosive Potion"},{"floor":33,"key":"Block Potion"},{"floor":38,"key":"Strength Potion"},{"floor":41,"key":"SkillPotion"}],"is_trial":false,"path_per_floor":["M","?","M","?","?","E","R","E","T","R","M","M","$","M","R","B",null,"M","?","M","M","T","R","M","R","T","$","M","M","?","$","R","B",null,"M","?","M","M","?","M","M","$","T","M"],"character_chosen":"THE_SILENT","items_purchased":["Noxious Fumes","Apotheosis","A Thousand Cuts"],"campfire_rested":5,"item_purchase_floors":[13,27,42],"current_hp_per_floor":[70,63,63,63,63,63,63,47,47,68,68,35,35,17,38,24,70,68,68,65,59,59,70,54,70,70,70,58,52,36,36,57,32,70,51,51,30,14,14,6,4,4,4,0],"gold":59,"neow_bonus":"THREE_ENEMY_KILL","is_prod":false,"is_daily":false,"chose_seed":false,"campfire_upgraded":1,"win_rate":0,"timestamp":1546084008,"path_taken":["M","?","M","?","?","E","R","E","T","R","M","?","$","M","R","BOSS","M","?","?","M","?","R","M","R","T","$","M","M","?","?","R","BOSS","M","?","M","?","?","M","M","$","T","M"],"build_version":"2018-12-20","purchased_purges":2,"victory":false,"max_hp_per_floor":[70,70,70,70,70,70,70,70,70,70,70,70,70,70,70,70,70,70,70,70,70,70,70,70,70,70,70,70,70,70,70,70,70,70,70,70,70,70,70,70,70,70,70,70],"card_choices":[{"not_picked":["Eviscerate","Infinite Blades"],"picked":"Dagger Spray","floor":1},{"not_picked":["Prepared","Quick Slash"],"picked":"Dagger Throw","floor":3},{"not_picked":["Masterful Stab","Outmaneuver"],"picked":"Malaise","floor":6},{"not_picked":["Dodge and Roll","Bane"],"picked":"Sucker Punch","floor":8},{"not_picked":["Slice","Quick Slash"],"picked":"Acrobatics","floor":11},{"not_picked":["Calculated Gamble","Prepared"],"picked":"Deadly Poison","floor":12},{"not_picked":["Predator","Leg Sweep"],"picked":"Poisoned Stab","floor":14},{"not_picked":["Burst","A Thousand Cuts"],"picked":"Adrenaline","floor":16},{"not_picked":["Underhanded Strike","Prepared"],"picked":"Flying Knee","floor":18},{"not_picked":["Outmaneuver","Cloak And Dagger","Slice"],"picked":"SKIP","floor":20},{"not_picked":["Dagger Spray","Prepared"],"picked":"Noxious Fumes","floor":21},{"not_picked":["Infinite Blades+1","Dagger Throw","Expertise"],"picked":"SKIP","floor":24},{"not_picked":["Calculated Gamble","All Out Attack","Slice"],"picked":"SKIP","floor":28},{"not_picked":["Blur","Slice"],"picked":"Deadly Poison","floor":29},{"not_picked":["Night Terror","Unload"],"picked":"Adrenaline","floor":33},{"not_picked":["Flying Knee","Slice"],"picked":"Noxious Fumes+1","floor":35},{"not_picked":["Backstab+1","Deadly Poison"],"picked":"Terror+1","floor":37},{"not_picked":["Dodge and Roll","Terror","Acrobatics"],"picked":"SKIP","floor":38},{"not_picked":["Quick Slash+1","Flying Knee","Riddle With Holes+1"],"picked":"SKIP","floor":40},{"not_picked":["Flying Knee","Deflect+1"],"picked":"Choke+1","floor":41}],"player_experience":50049,"relics_obtained":[{"floor":6,"key":"Bottled Lightning"},{"floor":8,"key":"Sundial"},{"floor":9,"key":"Oddly Smooth Stone"},{"floor":22,"key":"Unceasing Top"},{"floor":26,"key":"Bag of Preparation"},{"floor":30,"key":"Nilry\u0027s Codex"},{"floor":43,"key":"War Paint"}],"event_choices":[{"cards_removed":["Strike_G"],"damage_healed":0,"gold_gain":0,"player_choice":"Card Removal","damage_taken":7,"max_hp_gain":0,"max_hp_loss":0,"event_name":"Golden Wing","floor":2,"gold_loss":0},{"cards_removed":["Strike_G"],"damage_healed":0,"gold_gain":0,"player_choice":"Card Removal","damage_taken":0,"max_hp_gain":0,"max_hp_loss":0,"event_name":"The Cleric","floor":4,"gold_loss":50},{"cards_removed":["Strike_G"],"damage_healed":0,"gold_gain":0,"player_choice":"Purged","damage_taken":0,"max_hp_gain":0,"max_hp_loss":0,"event_name":"Purifier","floor":5,"gold_loss":0},{"damage_healed":0,"gold_gain":0,"player_choice":"Ignored","damage_taken":0,"max_hp_gain":0,"max_hp_loss":0,"event_name":"N\u0027loth","floor":19,"gold_loss":0},{"damage_healed":0,"gold_gain":0,"player_choice":"Obtained Book","damage_taken":16,"max_hp_gain":0,"max_hp_loss":0,"event_name":"Cursed Tome","floor":30,"gold_loss":0},{"damage_healed":0,"gold_gain":0,"player_choice":"Ignored","damage_taken":0,"max_hp_gain":0,"max_hp_loss":0,"event_name":"SecretPortal","floor":36,"gold_loss":0},{"damage_healed":0,"gold_gain":0,"player_choice":"Ignored","damage_taken":0,"max_hp_gain":0,"max_hp_loss":0,"event_name":"Mysterious Sphere","floor":39,"gold_loss":0}],"is_beta":false,"boss_relics":[{"not_picked":["Eternal Feather","Calling Bell"],"picked":"Fusion Hammer"},{"not_picked":["Orrery","Runic Dome"],"picked":"HoveringKite"}],"items_purged_floors":[13,42],"is_endless":false,"potions_floor_spawned":[6,11,16,18,28,33,37,38,41],"killed_by":"Maw","ascension_level":2}