{"gold_per_floor":[109,125,52,62,62,62,87,87,169,186,186,197,197,215,215,319,319,337,262,262,262,67,101,128,142,142,161,210,223,223,223,223,326,326,345,355,80,97,107,107,121,121,146,156,156,176,26,37,37,37],"floor_reached":51,"playtime":3514,"items_purged":["Hello World","Zap"],"score":965,"play_id":"66b33e20-46b1-44c6-a8d8-b60153b252ca","local_time":"20190811031237","is_ascension_mode":true,"campfire_choices":[{"data":"Chaos","floor":6.0,"key":"SMITH"},{"floor":11.0,"key":"REST"},{"data":"Dualcast","floor":13.0,"key":"SMITH"},{"floor":15.0,"key":"REST"},{"data":"Fission","floor":30.0,"key":"SMITH"},{"data":"Consume","floor":32.0,"key":"SMITH"},{"data":"Defragment","floor":40,"key":"SMITH"},{"data":"Redo","floor":42,"key":"SMITH"},{"floor":49,"key":"REST"}],"neow_cost":"PERCENT_DAMAGE","seed_source_timestamp":38496735595500,"circlet_count":0,"master_deck":["Dualcast+1","Cold Snap","FTL","Chaos+1","Electrodynamics","Reinforced Body","Ball Lightning","Consume+1","Reboot","Capacitor","Fission+1","Darkness","Stack","Self Repair","Chill","Gash+1","Leap+1","Double Energy","Chill","Core Surge","Double Energy","Go for the Eyes+1","Leap","Leap","Double Energy+1","Redo+1","Defragment+1","Machine Learning","Reinforced Body+1","Glacier","Coolheaded+1"],"special_seed":0,"relics":["Cracked Core","Oddly Smooth Stone","Tiny Chest","Pandora\u0027s Box","Enchiridion","DataDisk","Matryoshka","Art of War","Strawberry","Shuriken","Meat on the Bone","Bag of Marbles","Gremlin Horn","Orrery","ClockworkSouvenir","Orichalcum"],"potions_floor_usage":[45,46,50,50,50],"damage_taken":[{"damage":4.0,"enemies":"Small Slimes","floor":1.0,"turns":4.0},{"damage":2.0,"enemies":"2 Louse","floor":2.0,"turns":2.0},{"damage":5.0,"enemies":"Jaw Worm","floor":4.0,"turns":4.0},{"damage":12.0,"enemies":"3 Sentries","floor":7.0,"turns":5.0},{"damage":4.0,"enemies":"2 Fungi Beasts","floor":10.0,"turns":2.0},{"damage":0.0,"enemies":"Blue Slaver","floor":12.0,"turns":3.0},{"damage":3.0,"enemies":"Looter","floor":14.0,"turns":3.0},{"damage":14.0,"enemies":"Hexaghost","floor":16.0,"turns":9.0},{"damage":8.0,"enemies":"Chosen","floor":18.0,"turns":4.0},{"damage":0.0,"enemies":"Gremlin Leader","floor":23.0,"turns":6.0},{"damage":11.0,"enemies":"2 Thieves","floor":25.0,"turns":2.0},{"damage":12.0,"enemies":"Snecko","floor":27.0,"turns":3.0},{"damage":0.0,"enemies":"Sentry and Sphere","floor":29.0,"turns":5.0},{"damage":17.0,"enemies":"Collector","floor":33.0,"turns":7.0},{"damage":24,"enemies":"3 Shapes","floor":35,"turns":3},{"damage":9,"enemies":"3 Darklings","floor":36,"turns":6},{"damage":48,"enemies":"Writhing Mass","floor":38,"turns":5},{"damage":0,"enemies":"Jaw Worm Horde","floor":39,"turns":3},{"damage":0,"enemies":"4 Shapes","floor":41,"turns":3},{"damage":17,"enemies":"Maw","floor":44,"turns":9},{"damage":0,"enemies":"Transient","floor":45,"turns":1},{"damage":33,"enemies":"Writhing Mass","floor":46,"turns":6},{"damage":0,"enemies":"Maw","floor":48,"turns":7},{"damage":34,"enemies":"Time Eater","floor":50,"turns":14}],"seed_played":"-412881164597176315","potions_obtained":[{"floor":1.0,"key":"Ancient Potion"},{"floor":7.0,"key":"LiquidBronze"},{"floor":10.0,"key":"Fire Potion"},{"floor":14.0,"key":"Block Potion"},{"floor":16.0,"key":"Block Potion"},{"floor":18.0,"key":"SpeedPotion"},{"floor":23.0,"key":"Fire Potion"},{"floor":35,"key":"SteroidPotion"},{"floor":41,"key":"SkillPotion"},{"floor":44,"key":"SmokeBomb"},{"floor":48,"key":"SpeedPotion"}],"is_trial":false,"path_per_floor":["M","M","$","M","?","R","E","?","T","M","R","M","R","M","R","B",null,"M","$","?","?","$","E","T","M","T","M","T","M","R","T","R","B",null,"M","M","$","M","M","R","M","R","T","M","M","M","$","M","R","B",null],"character_chosen":"DEFECT","items_purchased":["FocusPotion","Chill","DataDisk","ClockworkSouvenir","Defragment","PowerPotion"],"campfire_rested":3,"item_purchase_floors":[3,22,22,37,37,47],"current_hp_per_floor":[46,44,44,39,39,39,27,20,20,16,38,38,38,35,57,43,67,59,59,43,43,43,50,57,53,53,53,53,60,60,60,60,50,74,57,55,55,26,38,38,57,57,57,59,59,45,45,52,76,49],"gold":37,"neow_bonus":"REMOVE_TWO","is_prod":false,"is_daily":false,"chose_seed":false,"campfire_upgraded":6,"win_rate":0,"timestamp":1565460757,"path_taken":["M","M","$","M","?","R","E","?","T","M","R","M","R","M","R","BOSS","M","$","?","?","$","E","?","M","T","M","?","M","R","?","R","BOSS","M","M","$","M","M","R","M","R","T","M","M","M","?","M","R","BOSS"],"build_version":"2019-07-17","purchased_purges":2,"victory":true,"max_hp_per_floor":[75,75,75,75,75,75,75,75,75,75,75,75,75,75,75,75,75,75,75,75,75,75,75,82,82,82,82,82,82,82,82,82,82,82,82,82,82,82,82,82,82,82,82,82,82,82,82,82,82,82],"card_choices":[{"not_picked":["Aggregate","Stack"],"picked":"Cold Snap","floor":1.0},{"not_picked":["Go for the Eyes","Coolheaded"],"picked":"FTL","floor":2.0},{"not_picked":["Loop","Recycle"],"picked":"Chaos","floor":4.0},{"not_picked":["Melter","Chaos"],"picked":"Electrodynamics","floor":7.0},{"not_picked":["Compile Driver","Beam Cell"],"picked":"Reinforced Body","floor":10.0},{"not_picked":["Storm","Sweeping Beam"],"picked":"Ball Lightning","floor":12.0},{"not_picked":["Rebound","Barrage"],"picked":"Consume","floor":14.0},{"not_picked":["Multi-Cast","Thunder Strike"],"picked":"Reboot","floor":16.0},{"not_picked":["Sweeping Beam+1","Rip and Tear"],"picked":"Self Repair","floor":18.0},{"not_picked":["Multi-Cast","Streamline"],"picked":"Gash+1","floor":23.0},{"not_picked":["Capacitor+1","Turbo"],"picked":"Leap+1","floor":25.0},{"not_picked":["Turbo+1","Consume"],"picked":"Double Energy","floor":27.0},{"not_picked":["Force Field","Go for the Eyes"],"picked":"Chill","floor":29.0},{"not_picked":["Machine Learning","Rainbow"],"picked":"Core Surge","floor":33.0},{"not_picked":["Redo","Coolheaded"],"picked":"Double Energy","floor":34},{"not_picked":["Hello World+1","Darkness"],"picked":"Go for the Eyes+1","floor":34},{"not_picked":["Darkness+1","Hologram"],"picked":"Leap","floor":34},{"not_picked":["BootSequence","Streamline"],"picked":"Leap","floor":34},{"not_picked":["Stack","Melter"],"picked":"Double Energy+1","floor":35},{"not_picked":["Force Field","Rip and Tear"],"picked":"Redo","floor":36},{"not_picked":["Redo","Ball Lightning+1"],"picked":"Machine Learning","floor":38},{"not_picked":["Reprogram+1","Cold Snap"],"picked":"Reinforced Body+1","floor":39},{"not_picked":["FTL","Ball Lightning+1"],"picked":"Glacier","floor":41},{"not_picked":["Leap","Biased Cognition","Rebound+1"],"picked":"SKIP","floor":44},{"not_picked":["Leap+1","Compile Driver","Rebound+1"],"picked":"SKIP","floor":46},{"not_picked":["Cold Snap","Streamline"],"picked":"Coolheaded+1","floor":48}],"player_experience":681833,"relics_obtained":[{"floor":7.0,"key":"Oddly Smooth Stone"},{"floor":9.0,"key":"Tiny Chest"},{"floor":20.0,"key":"Enchiridion"},{"floor":23.0,"key":"Matryoshka"},{"floor":24.0,"key":"Art of War"},{"floor":24.0,"key":"Strawberry"},{"floor":26.0,"key":"Shuriken"},{"floor":26.0,"key":"Meat on the Bone"},{"floor":28.0,"key":"Bag of Marbles"},{"floor":31.0,"key":"Gremlin Horn"},{"floor":43,"key":"Orichalcum"}],"event_choices":[{"damage_healed":0.0,"max_hp_gain":0.0,"max_hp_loss":0.0,"gold_gain":0.0,"event_name":"Liars Game","player_choice":"Ignored","floor":5.0,"gold_loss":0.0,"damage_taken":0.0},{"cards_removed":["Strike_B"],"damage_healed":0.0,"max_hp_gain":0.0,"max_hp_loss":0.0,"gold_gain":0.0,"event_name":"Golden Wing","player_choice":"Card Removal","floor":8.0,"gold_loss":0.0,"damage_taken":7.0},{"damage_healed":0.0,"max_hp_gain":0.0,"max_hp_loss":0.0,"gold_gain":0.0,"event_name":"Cursed Tome","player_choice":"Obtained Book","floor":20.0,"gold_loss":0.0,"damage_taken":16.0},{"damage_healed":0.0,"max_hp_gain":0.0,"max_hp_loss":0.0,"gold_gain":0.0,"event_name":"Beggar","player_choice":"Ignored","floor":21.0,"gold_loss":0.0,"damage_taken":0.0}],"is_beta":false,"boss_relics":[{"not_picked":["Lizard Tail","Busted Crown"],"picked":"Pandora\u0027s Box"},{"not_picked":["White Beast Statue","Calling Bell"],"picked":"Orrery"}],"items_purged_floors":[19,47],"is_endless":false,"potions_floor_spawned":[1,7,10,14,16,18,23,35,41,44,45,48],"ascension_level":9}