{"gold_per_floor":[114,34,34,49,64,94,94,124,149,149,162,192,207,237,237,337,337,352,367,367,45,45,75,75,105,105,135,135,165,165,165,165,265,265,280,34,0,15,30,60,90,120,145,475,490,520,620,650,650,650],"floor_reached":51,"playtime":3570,"items_purged":["Normality"],"score":1275,"play_id":"f7381776-c348-48b6-b9e4-bf407adb7f5f","local_time":"20181108174636","daily_mods":["Heirloom","Green Cards","Elite Swarm"],"is_ascension_mode":false,"campfire_choices":[{"data":"Endless Agony","floor":7,"key":"SMITH"},{"floor":10,"key":"REST"},{"data":"Venomology","floor":15,"key":"SMITH"},{"data":"Fiend Fire","floor":24,"key":"SMITH"},{"data":"Tools of the Trade","floor":28,"key":"SMITH"},{"data":"Wraith Form v2","floor":30,"key":"SMITH"},{"data":"Calculated Gamble","floor":32,"key":"SMITH"},{"data":"Wraith Form v2","floor":49,"key":"SMITH"}],"neow_cost":"","seed_source_timestamp":0,"circlet_count":0,"master_deck":["Strike_R","Strike_R","Strike_R","Strike_R","Strike_R","Defend_R","Defend_R","Defend_R","Defend_R","Bash+1","Sentinel+1","Endless Agony+1","Dagger Spray","Bouncing Flask","Brutality","Venomology+1","Calculated Gamble+1","Reaper","Infernal Blade+1","Fiend Fire+1","Exhume+1","Disarm+1","Dual Wield+1","Necronomicurse","Shrug It Off+1","Shame","Wraith Form v2+1","Impervious+1","Tools of the Trade+1","Phantasmal Killer+1","Expertise+1","Burst+1","Writhe","Injury","Seeing Red+1","Secret Weapon+1","Whirlwind","Backstab+1","Adrenaline+1","Offering+1","Exhume+1","Impervious+1","Concentrate+1","Wraith Form v2+1","Concentrate+1","Immolate+1"],"special_seed":17843,"relics":["Burning Blood","Charon\u0027s Ashes","Anchor","Question Card","Art of War","Odd Mushroom","Toxic Egg 2","Happy Flower","Mark of Pain","Necronomicon","Torii","Juzu Bracelet","Dead Branch","Bottled Flame","Shuriken","FossilizedHelix","WingedGreaves","Calling Bell","Ancient Tea Set","Matryoshka","Thread and Needle","Red Mask","Ginger","Molten Egg 2","Kunai","Mercury Hourglass","Blood Vial","Old Coin","Bottled Tornado","Ice Cream","Pantograph"],"potions_floor_usage":[6,12,14,16,16,16,23,23,25,33,33,42,46,48,48,50,50,50],"damage_taken":[{"damage":0,"enemies":"Small Slimes","floor":1,"turns":3},{"damage":0,"enemies":"2 Louse","floor":4,"turns":2},{"damage":6,"enemies":"Jaw Worm","floor":5,"turns":3},{"damage":14,"enemies":"Gremlin Nob","floor":6,"turns":3},{"damage":27,"enemies":"Lagavulin","floor":8,"turns":6},{"damage":0,"enemies":"The Mushroom Lair","floor":11,"turns":3},{"damage":12,"enemies":"Gremlin Nob","floor":12,"turns":3},{"damage":0,"enemies":"Blue Slaver","floor":13,"turns":2},{"damage":18,"enemies":"Lagavulin","floor":14,"turns":4},{"damage":55,"enemies":"Hexaghost","floor":16,"turns":8},{"damage":0,"enemies":"Chosen","floor":18,"turns":2},{"damage":13,"enemies":"Shell Parasite","floor":19,"turns":4},{"damage":8,"enemies":"Slavers","floor":23,"turns":5},{"damage":13,"enemies":"Book of Stabbing","floor":25,"turns":3},{"damage":0,"enemies":"Gremlin Leader","floor":27,"turns":2},{"damage":0,"enemies":"Slavers","floor":29,"turns":4},{"damage":16,"enemies":"Automaton","floor":33,"turns":3},{"damage":0,"enemies":"Orb Walker","floor":35,"turns":1},{"damage":0,"enemies":"3 Darklings","floor":38,"turns":1},{"damage":0,"enemies":"4 Shapes","floor":39,"turns":2},{"damage":0,"enemies":"Nemesis","floor":40,"turns":3},{"damage":0,"enemies":"Reptomancer","floor":41,"turns":1},{"damage":0,"enemies":"Giant Head","floor":42,"turns":3},{"damage":0,"enemies":"Reptomancer","floor":44,"turns":1},{"damage":0,"enemies":"Sphere and 2 Shapes","floor":45,"turns":1},{"damage":0,"enemies":"Nemesis","floor":46,"turns":3},{"damage":0,"enemies":"Mind Bloom Boss Battle","floor":47,"turns":1},{"damage":0,"enemies":"Giant Head","floor":48,"turns":3},{"damage":9,"enemies":"Awakened One","floor":50,"turns":6}],"seed_played":"-8528799045221006880","potions_obtained":[{"floor":1,"key":"Poison Potion"},{"floor":13,"key":"GamblersBrew"},{"floor":16,"key":"Block Potion"},{"floor":19,"key":"FearPotion"},{"floor":27,"key":"SpeedPotion"},{"floor":29,"key":"PowerPotion"},{"floor":41,"key":"Block Potion"},{"floor":44,"key":"SkillPotion"},{"floor":45,"key":"PowerPotion"},{"floor":46,"key":"PowerPotion"},{"floor":47,"key":"SkillPotion"}],"is_trial":false,"path_per_floor":["M","$","?","M","M","E","R","E","T","R","?","E","M","E","R","B",null,"M","M","?","$","?","E","R","E","T","E","R","E","R","?","R","B",null,"M","$","?","M","M","E","E","E","T","E","M","E","?","E","R","B",null],"character_chosen":"IRONCLAD","items_purchased":["Endless Agony","Shrug It Off+1","Torii","Secret Weapon+1"],"campfire_rested":1,"item_purchase_floors":[2,21,21,36],"current_hp_per_floor":[80,80,64,70,70,62,62,41,41,65,71,65,77,65,65,16,80,80,74,58,58,58,70,70,63,63,69,69,80,80,80,80,70,80,80,80,80,80,80,80,80,80,80,80,80,80,80,80,80,80],"gold":650,"neow_bonus":"","is_prod":false,"is_daily":true,"chose_seed":false,"campfire_upgraded":7,"win_rate":0,"timestamp":1541666796,"path_taken":["M","$","?","M","M","E","R","E","T","R","?","E","M","E","R","BOSS","M","M","?","$","?","E","R","E","T","E","R","E","R","?","R","BOSS","M","$","?","M","M","E","E","E","T","E","M","E","?","E","R","BOSS"],"build_version":"2018-11-01","purchased_purges":1,"victory":true,"max_hp_per_floor":[80,80,80,80,80,80,80,80,80,80,80,80,80,80,80,80,80,80,80,80,80,80,80,80,80,80,80,80,80,80,80,80,80,80,80,80,80,80,80,80,80,80,80,80,80,80,80,80,80,80],"card_choices":[{"not_picked":["Fire Breathing","Underhanded Strike"],"picked":"Sentinel","floor":1},{"not_picked":["Dagger Throw","Sword Boomerang"],"picked":"Dagger Spray","floor":4},{"not_picked":["Outmaneuver","Concentrate"],"picked":"Bouncing Flask","floor":5},{"not_picked":["Unload","Night Terror"],"picked":"Brutality","floor":6},{"not_picked":["Doppelganger","Envenom"],"picked":"Venomology","floor":8},{"not_picked":["Setup","Concentrate","Choke"],"picked":"Calculated Gamble","floor":11},{"not_picked":["Phantasmal Killer","Brutality","Double Tap"],"picked":"Reaper","floor":12},{"not_picked":["PiercingWail+1","Sword Boomerang","Slice"],"picked":"Infernal Blade+1","floor":13},{"not_picked":["Juggernaut","Demon Form","Corpse Explosion+1"],"picked":"Fiend Fire","floor":14},{"not_picked":["Unload","Die Die Die","Immolate"],"picked":"Exhume+1","floor":16},{"not_picked":["Flying Knee","Headbutt","Hemokinesis"],"picked":"Disarm+1","floor":18},{"not_picked":["Pummel","Dagger Throw","Flying Knee"],"picked":"Dual Wield+1","floor":19},{"not_picked":["Bullet Time+1","Fiend Fire","Burst+1"],"picked":"Wraith Form v2","floor":23},{"not_picked":["Wraith Form v2","Doppelganger+1","Glass Knife"],"picked":"Impervious+1","floor":25},{"not_picked":["Glass Knife","Barricade","Juggernaut"],"picked":"Tools of the Trade","floor":27},{"not_picked":["Die Die Die","Demon Form","Berserk"],"picked":"Phantasmal Killer+1","floor":29},{"not_picked":["Doppelganger+1","A Thousand Cuts","Demon Form"],"picked":"Burst+1","floor":33},{"not_picked":["Rage+1","Flex+1","Distraction+1"],"picked":"Seeing Red+1","floor":35},{"not_picked":["Cleave+1","Sucker Punch","Iron Wave"],"picked":"Whirlwind","floor":38},{"not_picked":["Headbutt+1","Rampage","Slice+1"],"picked":"Backstab+1","floor":39},{"not_picked":["Brutality","Night Terror+1","Burst+1"],"picked":"Adrenaline+1","floor":40},{"not_picked":["Bludgeon","Reaper","Storm of Steel+1"],"picked":"Offering+1","floor":41},{"not_picked":["Berserk","Die Die Die+1","Wraith Form v2"],"picked":"Exhume+1","floor":42},{"not_picked":["Brutality","Phantasmal Killer+1","Doppelganger+1"],"picked":"Impervious+1","floor":44},{"not_picked":["Shrug It Off+1","Predator+1","Well Laid Plans"],"picked":"Concentrate+1","floor":45},{"not_picked":["Glass Knife+1","Unload+1","A Thousand Cuts"],"picked":"Wraith Form v2","floor":46},{"not_picked":["Wild Strike+1","Cloak And Dagger+1","Noxious Fumes+1"],"picked":"Concentrate+1","floor":47},{"not_picked":["Unload+1","A Thousand Cuts","Juggernaut"],"picked":"Immolate+1","floor":48}],"player_experience":398755,"relics_obtained":[{"floor":6,"key":"Anchor"},{"floor":8,"key":"Question Card"},{"floor":9,"key":"Art of War"},{"floor":11,"key":"Odd Mushroom"},{"floor":12,"key":"Toxic Egg 2"},{"floor":14,"key":"Happy Flower"},{"floor":20,"key":"Necronomicon"},{"floor":23,"key":"Dead Branch"},{"floor":25,"key":"Bottled Flame"},{"floor":26,"key":"Shuriken"},{"floor":27,"key":"FossilizedHelix"},{"floor":29,"key":"WingedGreaves"},{"floor":34,"key":"Ancient Tea Set"},{"floor":34,"key":"Matryoshka"},{"floor":34,"key":"Thread and Needle"},{"floor":40,"key":"Ginger"},{"floor":41,"key":"Molten Egg 2"},{"floor":42,"key":"Kunai"},{"floor":43,"key":"Mercury Hourglass"},{"floor":43,"key":"Blood Vial"},{"floor":44,"key":"Old Coin"},{"floor":46,"key":"Bottled Tornado"},{"floor":47,"key":"Ice Cream"},{"floor":48,"key":"Pantograph"}],"event_choices":[{"damage_healed":0,"gold_gain":0,"player_choice":"Entered Light","damage_taken":16,"max_hp_gain":0,"max_hp_loss":0,"event_name":"Shining Light","floor":3,"gold_loss":0,"cards_upgraded":["Bash","Sentinel"]},{"damage_healed":0,"gold_gain":0,"player_choice":"Fought Mushrooms","damage_taken":0,"max_hp_gain":0,"max_hp_loss":0,"event_name":"Mushrooms","floor":11,"gold_loss":0},{"damage_healed":0,"gold_gain":0,"player_choice":"Obtained Book","damage_taken":16,"max_hp_gain":0,"max_hp_loss":0,"event_name":"Cursed Tome","floor":20,"gold_loss":0},{"damage_healed":0,"gold_gain":0,"player_choice":"Stole Relic","damage_taken":0,"relics_obtained":["Juzu Bracelet"],"max_hp_gain":0,"max_hp_loss":0,"event_name":"Addict","floor":22,"gold_loss":0,"cards_obtained":["Shame"]},{"damage_healed":0,"gold_gain":0,"player_choice":"Read","damage_taken":0,"max_hp_gain":0,"max_hp_loss":0,"event_name":"The Library","floor":31,"gold_loss":0,"cards_obtained":["Expertise"]},{"damage_healed":0,"gold_gain":0,"player_choice":"Paid","damage_taken":0,"relics_obtained":["Red Mask"],"max_hp_gain":0,"max_hp_loss":0,"event_name":"Tomb of Lord Red Mask","floor":37,"gold_loss":34},{"damage_healed":0,"gold_gain":0,"player_choice":"Fight","damage_taken":0,"max_hp_gain":0,"max_hp_loss":0,"event_name":"MindBloom","floor":47,"gold_loss":0}],"is_beta":false,"boss_relics":[{"not_picked":["Snecko Eye","Astrolabe"],"picked":"Mark of Pain"},{"not_picked":["Philosopher\u0027s Stone","Tiny House"],"picked":"Calling Bell"}],"items_purged_floors":[36],"is_endless":false,"potions_floor_spawned":[1,13,16,19,27,29,41,44,45,46,47],"ascension_level":0}