{"gold_per_floor":[113,125,135,135,135,135,135,135,158,197,218,218,234,258,258,378,378,392,72,95,113,38,38,38,38,38,52,66,97,97,115,115,234,234,253,253,273,287,307,307,346,12,12,12],"floor_reached":44,"playtime":6780,"items_purged":["Writhe"],"score":611,"play_id":"f0499b71-10f7-423c-8663-dbaa1550a73b","local_time":"20190708103843","is_ascension_mode":true,"campfire_choices":[{"data":"Neutralize","floor":6.0,"key":"SMITH"},{"floor":8.0,"key":"REST"},{"floor":15.0,"key":"REST"},{"data":"Bullet Time","floor":23.0,"key":"SMITH"},{"data":"Calculated Gamble","floor":25.0,"key":"SMITH"},{"floor":32.0,"key":"REST"},{"data":"Acrobatics","floor":40,"key":"SMITH"}],"neow_cost":"NONE","seed_source_timestamp":0,"circlet_count":0,"master_deck":["Survivor","Neutralize+1","Concentrate","Setup","Underhanded Strike","Quick Slash","Backflip","Noxious Fumes","Deflect","Flechettes","Heel Hook","Escape Plan","Cloak And Dagger","Well Laid Plans","Expertise","Calculated Gamble+1","Backflip","Leg Sweep","Bullet Time+1","Acrobatics+1","Footwork","Noxious Fumes+1","Necronomicurse","After Image+1","Acrobatics+1","Bullet Time+1","Blade Dance+1","Parasite","Venomology","Parasite"],"special_seed":0,"relics":["Pandora\u0027s Box","Golden Idol","Blood Vial","Anchor","Calipers","Cursed Key","Mummified Hand","Frozen Egg 2","Blue Candle","Necronomicon","Orrery","Art of War","Kunai","The Courier"],"potions_floor_usage":[38,38,41,44],"damage_taken":[{"damage":8.0,"enemies":"Jaw Worm","floor":1.0,"turns":4.0},{"damage":10.0,"enemies":"2 Louse","floor":2.0,"turns":2.0},{"damage":0.0,"enemies":"Small Slimes","floor":3.0,"turns":3.0},{"damage":15.0,"enemies":"3 Sentries","floor":10.0,"turns":7.0},{"damage":0.0,"enemies":"Looter","floor":11.0,"turns":4.0},{"damage":12.0,"enemies":"Gremlin Gang","floor":13.0,"turns":4.0},{"damage":0.0,"enemies":"Blue Slaver","floor":14.0,"turns":3.0},{"damage":12.0,"enemies":"Slime Boss","floor":16.0,"turns":10.0},{"damage":0.0,"enemies":"3 Byrds","floor":18.0,"turns":5.0},{"damage":0.0,"enemies":"Shell Parasite","floor":20.0,"turns":4.0},{"damage":7.0,"enemies":"Snake Plant","floor":21.0,"turns":7.0},{"damage":7.0,"enemies":"Snecko","floor":24.0,"turns":4.0},{"damage":18.0,"enemies":"Cultist and Chosen","floor":27.0,"turns":8.0},{"damage":0.0,"enemies":"Centurion and Healer","floor":28.0,"turns":7.0},{"damage":0.0,"enemies":"Gremlin Leader","floor":29.0,"turns":6.0},{"damage":21.0,"enemies":"Snecko","floor":31.0,"turns":6.0},{"damage":22.0,"enemies":"Automaton","floor":33.0,"turns":12.0},{"damage":1,"enemies":"3 Shapes","floor":35,"turns":6},{"damage":0,"enemies":"Orb Walker","floor":37,"turns":4},{"damage":2,"enemies":"Jaw Worm Horde","floor":38,"turns":6},{"damage":0,"enemies":"Writhing Mass","floor":39,"turns":8},{"damage":15,"enemies":"Giant Head","floor":41,"turns":10},{"damage":51,"enemies":"Sphere and 2 Shapes","floor":44,"turns":3}],"seed_played":"-3029702557144988580","potions_obtained":[{"floor":1.0,"key":"Energy Potion"},{"floor":2.0,"key":"AttackPotion"},{"floor":13.0,"key":"Regen Potion"},{"floor":14.0,"key":"SmokeBomb"},{"floor":16.0,"key":"Swift Potion"},{"floor":31.0,"key":"Explosive Potion"},{"floor":35,"key":"SpeedPotion"},{"floor":37,"key":"Weak Potion"},{"floor":39,"key":"GamblersBrew"},{"floor":41,"key":"FearPotion"}],"is_trial":false,"path_per_floor":["M","M","M","?","?","R","?","R","T","E","M","T","M","M","R","B",null,"M","$","M","M","?","R","M","R","T","M","M","E","?","M","R","B",null,"M","?","M","M","M","R","E","$","T","M"],"character_chosen":"THE_SILENT","items_purchased":["Mummified Hand","Footwork","Kunai"],"campfire_rested":3,"item_purchase_floors":[19,19,42],"current_hp_per_floor":[62,52,52,70,53,53,46,67,67,54,56,56,46,48,69,68,70,70,70,70,63,63,63,58,58,58,42,44,46,30,11,32,12,56,57,57,59,59,61,61,48,48,48,0],"gold":12,"neow_bonus":"BOSS_RELIC","is_prod":false,"is_daily":false,"chose_seed":false,"campfire_upgraded":4,"win_rate":0,"timestamp":1562549923,"path_taken":["M","M","M","?","?","R","?","R","T","E","M","?","?","M","R","BOSS","M","$","M","?","?","R","M","R","T","M","M","E","?","M","R","BOSS","M","?","M","M","M","R","E","$","T","M"],"build_version":"2019-07-05","purchased_purges":1,"victory":false,"max_hp_per_floor":[70,70,70,70,70,70,70,70,70,70,70,70,70,70,70,70,70,70,70,70,70,70,70,70,70,70,70,70,70,70,70,70,70,70,70,70,70,70,70,70,70,70,70,70],"card_choices":[{"not_picked":["Backstab","Endless Agony"],"picked":"Escape Plan","floor":1.0},{"not_picked":["Slice","Blade Dance"],"picked":"Cloak And Dagger","floor":2.0},{"not_picked":["Calculated Gamble","Prepared"],"picked":"Well Laid Plans","floor":3.0},{"not_picked":["Bane","Doppelganger"],"picked":"Expertise","floor":10.0},{"not_picked":["Acrobatics","Escape Plan"],"picked":"Calculated Gamble","floor":11.0},{"not_picked":["PiercingWail","Heel Hook"],"picked":"Backflip","floor":13.0},{"not_picked":["Deadly Poison","Choke"],"picked":"Leg Sweep","floor":14.0},{"not_picked":["Phantasmal Killer","Doppelganger"],"picked":"Bullet Time","floor":16.0},{"not_picked":["Dagger Spray","Sucker Punch"],"picked":"Acrobatics+1","floor":18.0},{"not_picked":["Cloak And Dagger","Dagger Throw","Skewer"],"picked":"SKIP","floor":20.0},{"not_picked":["Flying Knee","Outmaneuver","Calculated Gamble"],"picked":"SKIP","floor":21.0},{"not_picked":["Quick Slash","Deadly Poison","Slice"],"picked":"SKIP","floor":27.0},{"not_picked":["Bane","All Out Attack"],"picked":"Noxious Fumes+1","floor":28.0},{"not_picked":["Endless Agony","All Out Attack","Deadly Poison"],"picked":"SKIP","floor":29.0},{"not_picked":["Backstab","Dagger Spray","Slice"],"picked":"SKIP","floor":31.0},{"not_picked":["Night Terror","A Thousand Cuts+1"],"picked":"After Image+1","floor":33.0},{"not_picked":["Expertise","Well Laid Plans+1"],"picked":"Acrobatics","floor":35},{"not_picked":["Dodge and Roll+1","Terror","Slice+1"],"picked":"SKIP","floor":37},{"not_picked":["Well Laid Plans+1","Endless Agony+1"],"picked":"Blade Dance+1","floor":38},{"not_picked":["Dagger Spray","Outmaneuver","Slice+1"],"picked":"SKIP","floor":39},{"not_picked":["Wraith Form v2+1","Dagger Spray+1"],"picked":"Venomology","floor":41}],"player_experience":301220,"relics_obtained":[{"floor":9.0,"key":"Anchor"},{"floor":10.0,"key":"Calipers"},{"floor":26.0,"key":"Frozen Egg 2"},{"floor":29.0,"key":"Blue Candle"},{"floor":30.0,"key":"Necronomicon"},{"floor":41,"key":"Art of War"},{"floor":43,"key":"The Courier"}],"event_choices":[{"damage_healed":23.0,"max_hp_gain":0.0,"max_hp_loss":0.0,"gold_gain":0.0,"event_name":"Big Fish","player_choice":"Banana","floor":4.0,"gold_loss":0.0,"damage_taken":0.0},{"damage_healed":0.0,"max_hp_gain":0.0,"max_hp_loss":0.0,"gold_gain":0.0,"event_name":"Golden Idol","player_choice":"Take Damage","floor":5.0,"gold_loss":0.0,"damage_taken":17.0,"relics_obtained":["Golden Idol"]},{"damage_healed":0.0,"max_hp_gain":0.0,"max_hp_loss":0.0,"gold_gain":0.0,"event_name":"Scrap Ooze","player_choice":"Success","floor":7.0,"gold_loss":0.0,"damage_taken":7.0,"relics_obtained":["Blood Vial"]},{"cards_removed":["Doppelganger"],"damage_healed":0.0,"max_hp_gain":0.0,"max_hp_loss":0.0,"gold_gain":0.0,"event_name":"Beggar","player_choice":"Gave Gold","floor":22.0,"gold_loss":75.0,"damage_taken":0.0},{"damage_healed":0.0,"max_hp_gain":0.0,"max_hp_loss":0.0,"gold_gain":0.0,"event_name":"Cursed Tome","player_choice":"Obtained Book","floor":30.0,"gold_loss":0.0,"damage_taken":16.0},{"damage_healed":0,"gold_gain":0,"player_choice":"Copied","damage_taken":0,"max_hp_gain":0,"max_hp_loss":0,"event_name":"Duplicator","floor":36,"gold_loss":0,"cards_obtained":["Bullet Time"]}],"is_beta":false,"boss_relics":[{"not_picked":["Coffee Dripper","Tiny House"],"picked":"Cursed Key"},{"not_picked":["Calling Bell","Eternal Feather"],"picked":"Orrery"}],"items_purged_floors":[42],"is_endless":false,"potions_floor_spawned":[1,2,13,14,16,18,20,24,31,35,37,39,41],"killed_by":"Sphere and 2 Shapes","ascension_level":5}