{"gold_per_floor":[112,126,143,159,174,174,141,219,298,298,298,298,298,313,313,313],"floor_reached":16,"playtime":1771,"items_purged":[],"score":117,"play_id":"3710f726-808c-4175-ba29-a2a6ce013ec1","local_time":"20190629123918","is_ascension_mode":false,"campfire_choices":[{"data":"Prepared","floor":6,"key":"SMITH"},{"data":"Dodge and Roll","floor":11,"key":"SMITH"},{"data":"Prepared","floor":13,"key":"SMITH"},{"data":"Reflex","floor":15,"key":"SMITH"}],"neow_cost":"NONE","seed_source_timestamp":21395709508100,"circlet_count":0,"master_deck":["Defend_G","Defend_G","Defend_G","Defend_G","Defend_G","Strike_G","Strike_G","Strike_G","Strike_G","Strike_G","Survivor","Neutralize","Backstab","Flying Knee","Prepared+1","Prepared+1","Dodge and Roll+1","Reflex+1"],"relics":["Ring of the Snake","Pantograph","Pear"],"potions_floor_usage":[16,16],"damage_taken":[{"damage":1,"enemies":"Cultist","floor":1,"turns":6},{"damage":3,"enemies":"Jaw Worm","floor":2,"turns":3},{"damage":0,"enemies":"Small Slimes","floor":3,"turns":2},{"damage":2,"enemies":"Looter","floor":4,"turns":3},{"damage":20,"enemies":"Large Slime","floor":5,"turns":9},{"damage":8,"enemies":"Exordium Wildlife","floor":14,"turns":7},{"damage":85,"enemies":"Hexaghost","floor":16,"turns":21}],"seed_played":"11393489587815760","potions_obtained":[{"floor":2,"key":"SpeedPotion"},{"floor":4,"key":"SpeedPotion"},{"floor":5,"key":"GhostInAJar"}],"is_trial":false,"path_per_floor":["M","M","M","M","M","R","?","T","T","?","R","?","R","M","R","B"],"character_chosen":"THE_SILENT","items_purchased":[],"campfire_rested":0,"item_purchase_floors":[],"current_hp_per_floor":[76,73,73,71,51,51,51,51,61,61,61,61,61,53,53,0],"gold":313,"neow_bonus":"TEN_PERCENT_HP_BONUS","is_prod":false,"is_daily":false,"chose_seed":false,"campfire_upgraded":4,"win_rate":0.0,"timestamp":1561779558,"path_taken":["M","M","?","M","?","R","?","?","T","?","R","?","R","M","R","BOSS"],"build_version":"2019-01-23","purchased_purges":0,"victory":false,"max_hp_per_floor":[77,77,77,77,77,77,77,77,87,87,87,87,87,87,87,87],"card_choices":[{"not_picked":["Dagger Spray","Escape Plan"],"picked":"Backstab","floor":1},{"not_picked":["Crippling Poison","Choke"],"picked":"Flying Knee","floor":2},{"not_picked":["Sucker Punch","Underhanded Strike"],"picked":"Prepared","floor":3},{"not_picked":["Poisoned Stab","Eviscerate"],"picked":"Prepared","floor":4},{"not_picked":["Dagger Throw","Reflex"],"picked":"Dodge and Roll","floor":5},{"not_picked":["Blur","Deflect"],"picked":"Reflex","floor":14}],"player_experience":21066,"relics_obtained":[{"floor":8,"key":"Pantograph"},{"floor":9,"key":"Pear"}],"event_choices":[{"damage_healed":0,"gold_gain":0,"player_choice":"Left Gold","damage_taken":0,"max_hp_gain":0,"max_hp_loss":0,"event_name":"World of Goop","floor":7,"gold_loss":33},{"damage_healed":0,"gold_gain":0,"player_choice":"Ignored","damage_taken":0,"max_hp_gain":0,"max_hp_loss":0,"event_name":"Liars Game","floor":10,"gold_loss":0},{"damage_healed":0,"gold_gain":0,"player_choice":"Ignored","damage_taken":0,"max_hp_gain":0,"max_hp_loss":0,"event_name":"Golden Idol","floor":12,"gold_loss":0}],"is_beta":false,"boss_relics":[],"items_purged_floors":[],"is_endless":false,"potions_floor_spawned":[2,4,5],"killed_by":"Hexaghost","ascension_level":0}