{"path_per_floor":["M","M","M","?","M","R","E","R","T","E","$","E","M","?","R","B",null,"M","?","?","M","?","E","$","E","T","M","E","R","M","E","R","B",null,"M","M","M","?","T","R","E","R","T","$","E","R","E","M","R","B"],"character_chosen":"THE_SILENT","items_purchased":["Apotheosis","Kunai","Molten Egg 2","Cloak And Dagger","Noxious Fumes","Dexterity Potion","Pen Nib","Regen Potion"],"gold_per_floor":[114,129,144,219,234,234,264,264,264,294,29,359,374,374,374,474,474,489,489,489,504,504,534,34,64,64,79,109,109,124,154,154,254,254,269,284,299,299,349,349,379,379,379,23,53,53,83,98,98,98],"floor_reached":51,"campfire_rested":3,"playtime":2897,"current_hp_per_floor":[69,66,68,57,57,57,23,44,50,46,46,32,32,32,54,36,82,75,75,81,81,71,67,67,56,62,62,42,87,74,62,62,67,106,106,102,81,81,87,87,85,85,105,105,99,99,99,99,99,116],"items_purged":["Clumsy"],"gold":98,"score":1231,"play_id":"ae551617-bd02-4535-b640-7100c319e38e","local_time":"20180502160149","daily_mods":["Allstar","Cursed Run","Elite Swarm"],"is_prod":false,"is_daily":true,"chose_seed":false,"is_ascension_mode":false,"campfire_upgraded":1,"timestamp":1525244509,"path_taken":["M","M","?","?","M","R","E","R","T","E","$","E","?","?","R","BOSS","M","?","?","M","?","E","$","E","T","?","E","R","M","E","R","BOSS","M","M","M","?","?","R","E","R","T","$","E","R","E","M","R","BOSS"],"build_version":"2018-04-26","seed_source_timestamp":0,"purchased_purges":1,"victory":true,"master_deck":["Defend_G+1","Defend_G+1","Defend_G+1","Defend_G+1","Defend_G+1","Strike_G+1","Strike_G+1","Strike_G+1","Strike_G+1","Survivor","Neutralize+1","Dramatic Entrance","Transmutation","Sadistic Nature","Mind Blast+1","Transmutation","Acrobatics","Terror+1","All Out Attack","Underhanded Strike","Adrenaline","Burst","Apotheosis","Night Terror","Cloak And Dagger","Sucker Punch+1","Doubt","Bullet Time","Calculated Gamble+1","Writhe","Dagger Spray+1","Necronomicurse","Bullet Time","Die Die Die+1","Regret","Prepared","Envenom","Finisher+1","Glass Knife+1","Doubt","Night Terror","Underhanded Strike+1","Backflip+1","Skewer+1","Clumsy","Storm of Steel","Injury","Cloak And Dagger","Noxious Fumes","Bullet Time","Storm of Steel","Eviscerate+1","Pain"],"max_hp_per_floor":[70,70,70,70,70,70,70,70,76,76,76,76,76,76,76,82,82,82,82,88,88,94,94,94,94,100,100,100,100,100,100,100,106,106,106,106,106,106,112,112,112,112,132,132,132,132,132,132,132,138],"relics":["Cursed Key","Darkstone Periapt","Du-Vu Doll","War Paint","Vajra","Gambling Chip","Old Coin","Snecko Eye","Peace Pipe","Necronomicon","Whetstone","Kunai","Molten Egg 2","Shovel","Blue Candle","Regal Pillow","Question Card","Anchor","Lizard Tail","Bag of Marbles","Tingsha","Calipers","Thread and Needle","Mango","Pen Nib","Bird Faced Urn","The Courier","Tough Bandages","Snake Skull"],"card_choices":[{"not_picked":["Outmaneuver","Underhanded Strike"],"picked":"Acrobatics","floor":1},{"not_picked":["Dodge and Roll","Bane"],"picked":"Terror","floor":2},{"not_picked":["Acrobatics","Choke"],"picked":"All Out Attack","floor":3},{"not_picked":["Bane","Flying Knee"],"picked":"Underhanded Strike","floor":5},{"not_picked":["Envenom","Grand Finale"],"picked":"Adrenaline","floor":7},{"not_picked":["Unload","Tools of the Trade"],"picked":"Burst","floor":10},{"not_picked":["Envenom","Grand Finale"],"picked":"Night Terror","floor":12},{"not_picked":["Prepared","Deflect"],"picked":"Cloak And Dagger","floor":13},{"not_picked":["Glass Knife","Tactician"],"picked":"Bullet Time","floor":16},{"not_picked":["Sucker Punch","Well Laid Plans"],"picked":"Calculated Gamble","floor":18},{"not_picked":["Quick Slash","Expertise"],"picked":"Dagger Spray","floor":21},{"not_picked":["Corpse Explosion","Phantasmal Killer"],"picked":"Bullet Time","floor":23},{"not_picked":["Burst","Night Terror"],"picked":"Die Die Die","floor":25},{"not_picked":["Caltrops","Poisoned Stab"],"picked":"Prepared","floor":27},{"not_picked":["Phantasmal Killer","Bullet Time"],"picked":"Envenom","floor":28},{"not_picked":["PiercingWail","Calculated Gamble"],"picked":"Finisher","floor":30},{"not_picked":["Doppelganger","Grand Finale"],"picked":"Glass Knife","floor":31},{"not_picked":["Phantasmal Killer","Bullet Time","Die Die Die"],"picked":"Night Terror","floor":33},{"not_picked":["Deflect","Crippling Poison","Dagger Spray"],"picked":"Underhanded Strike","floor":35},{"not_picked":["Prepared","Bane","All Out Attack"],"picked":"Backflip","floor":36},{"not_picked":["Catalyst","Quick Slash","Endless Agony"],"picked":"Skewer","floor":37},{"not_picked":["Burst","Envenom","After Image"],"picked":"Storm of Steel","floor":41},{"not_picked":["Corpse Explosion","Night Terror","Envenom"],"picked":"Bullet Time","floor":45},{"not_picked":["Burst","Corpse Explosion","Phantasmal Killer"],"picked":"Storm of Steel","floor":47},{"not_picked":["Choke","Prepared","Flying Knee"],"picked":"Eviscerate","floor":48}],"player_experience":495658,"potions_floor_usage":[5,10,18,27,28,28,31,31,37,50,50,50],"damage_taken":[{"damage":1,"enemies":"Cultist","floor":1,"turns":4},{"damage":3,"enemies":"Jaw Worm","floor":2,"turns":2},{"damage":2,"enemies":"Small Slimes","floor":3,"turns":4},{"damage":0,"enemies":"2 Fungi Beasts","floor":5,"turns":1},{"damage":34,"enemies":"Gremlin Nob","floor":7,"turns":4},{"damage":4,"enemies":"Lagavulin","floor":10,"turns":4},{"damage":14,"enemies":"3 Sentries","floor":12,"turns":3},{"damage":0,"enemies":"Lots of Slimes","floor":13,"turns":1},{"damage":24,"enemies":"The Guardian","floor":16,"turns":6},{"damage":7,"enemies":"Shell Parasite","floor":18,"turns":2},{"damage":0,"enemies":"3 Byrds","floor":21,"turns":2},{"damage":4,"enemies":"Book of Stabbing","floor":23,"turns":3},{"damage":11,"enemies":"Gremlin Leader","floor":25,"turns":3},{"damage":0,"enemies":"Snake Plant","floor":27,"turns":2},{"damage":20,"enemies":"Book of Stabbing","floor":28,"turns":4},{"damage":13,"enemies":"Slaver and Parasite","floor":30,"turns":3},{"damage":12,"enemies":"Slavers","floor":31,"turns":2},{"damage":1,"enemies":"Champ","floor":33,"turns":6},{"damage":0,"enemies":"3 Shapes","floor":35,"turns":2},{"damage":12,"enemies":"3 Darklings","floor":36,"turns":6},{"damage":21,"enemies":"Maw","floor":37,"turns":5},{"damage":2,"enemies":"2 Orb Walkers","floor":41,"turns":2},{"damage":6,"enemies":"Nemesis","floor":45,"turns":3},{"damage":0,"enemies":"2 Orb Walkers","floor":47,"turns":2},{"damage":0,"enemies":"Sphere and 2 Shapes","floor":48,"turns":1},{"damage":2,"enemies":"Donu and Deca","floor":50,"turns":4}],"event_choices":[{"event_name":"World of Goop","player_choice":"Gather Gold","floor":4,"damage_taken":0},{"event_name":"Living Wall","player_choice":"Change","floor":14,"damage_taken":0},{"event_name":"Back to Basics","player_choice":"Simplicity","floor":19,"damage_taken":0},{"event_name":"The Mausoleum","player_choice":"Yes","floor":20,"damage_taken":0},{"event_name":"Cursed Tome","player_choice":"Obtained Book","floor":22,"damage_taken":0},{"event_name":"Tomb of Lord Red Mask","player_choice":"Ignored","floor":38,"damage_taken":0}],"boss_relics":[{"not_picked":["Sozu","Philosopher\u0027s Stone"],"picked":"Snecko Eye"},{"not_picked":["Velvet Choker","Black Star"],"picked":"Lizard Tail"}],"potions_floor_spawned":[1,3,5,13,23,27,28,30,33,35,45,48],"seed_played":"-1337817561481805192","ascension_level":0,"is_trial":false}