{"gold_per_floor":[111,111,186,186,65,65,103,28,28,28,67,88,106,127,127,218,218,236,161,161,76,88,117,117,117,117,29,29,0,12,24,24,102,102,120,120,120,20,120,120,139,165,215,227,227,227,16,32,32,32,32],"floor_reached":51,"playtime":2774,"items_purged":["Strike_B","Strike_B","Shame"],"score":1363,"play_id":"5eb12729-f305-405d-b471-beec17c68f49","local_time":"20190825023352","is_ascension_mode":true,"campfire_choices":[{"data":"Hologram","floor":6,"key":"SMITH"},{"data":"Dualcast","floor":10,"key":"SMITH"},{"floor":15,"key":"REST"},{"data":"Darkness","floor":24,"key":"SMITH"},{"data":"Darkness","floor":28,"key":"SMITH"},{"floor":32,"key":"REST"},{"data":"Seek","floor":40,"key":"SMITH"},{"data":"Glacier","floor":46,"key":"SMITH"},{"data":"Reinforced Body","floor":49,"key":"SMITH"}],"neow_cost":"NONE","seed_source_timestamp":329308412122400,"circlet_count":0,"master_deck":["AscendersBane","Defend_B","Defend_B","Defend_B","Defend_B","Zap+1","Dualcast+1","Hologram+1","Self Repair","Undo","Undo+1","Steam","Leap+1","Doom and Gloom","Darkness+1","Seek+1","Streamline","Chill","Darkness+1","Biased Cognition","Glacier+1","Redo+1","Electrodynamics","Redo","Reinforced Body+1","Redo","Doubt","White Noise","Undo+1"],"relics":["Cracked Core","NeowsBlessing","Bloody Idol","Happy Flower","Mummified Hand","Letter Opener","Velvet Choker","Art of War","Boot","Mango","Cursed Key","Incense Burner","Vajra","War Paint"],"potions_floor_usage":[16,23,33,50,50],"damage_taken":[{"damage":0,"enemies":"Jaw Worm","floor":1,"turns":1},{"damage":0,"enemies":"Gremlin Nob","floor":7,"turns":1},{"damage":0,"enemies":"3 Sentries","floor":11,"turns":1},{"damage":0,"enemies":"Small Slimes","floor":12,"turns":3},{"damage":6,"enemies":"2 Louse","floor":13,"turns":2},{"damage":0,"enemies":"Blue Slaver","floor":14,"turns":3},{"damage":15,"enemies":"Slime Boss","floor":16,"turns":5},{"damage":24,"enemies":"Chosen","floor":18,"turns":4},{"damage":17,"enemies":"2 Thieves","floor":22,"turns":3},{"damage":22,"enemies":"Book of Stabbing","floor":23,"turns":5},{"damage":14,"enemies":"Centurion and Healer","floor":30,"turns":6},{"damage":26,"enemies":"Snake Plant","floor":31,"turns":4},{"damage":29,"enemies":"Collector","floor":33,"turns":7},{"damage":9,"enemies":"3 Shapes","floor":35,"turns":5},{"damage":0,"enemies":"Mind Bloom Boss Battle","floor":39,"turns":4},{"damage":0,"enemies":"3 Darklings","floor":41,"turns":4},{"damage":8,"enemies":"4 Shapes","floor":44,"turns":4},{"damage":5,"enemies":"Writhing Mass","floor":48,"turns":6},{"damage":49,"enemies":"Donu and Deca","floor":50,"turns":10},{"damage":45,"enemies":"Awakened One","floor":51,"turns":14}],"seed_played":"-8993555592045486534","potions_obtained":[{"floor":1,"key":"Fire Potion"},{"floor":13,"key":"FocusPotion"},{"floor":22,"key":"SpeedPotion"},{"floor":31,"key":"Energy Potion"},{"floor":44,"key":"PowerPotion"}],"is_trial":false,"path_per_floor":["M","?","?","?","$","R","E","$","T","R","E","M","M","M","R","B",null,"M","?","?","?","M","E","R","?","T","$","R","?","M","M","R","B",null,"M","?","?","$","?","R","M","T","T","M","?","R","$","M","R","B","B"],"character_chosen":"DEFECT","items_purchased":["Self Repair","Undo","Biased Cognition","FocusPotion"],"campfire_rested":2,"item_purchase_floors":[5,5,27,47],"current_hp_per_floor":[64,40,29,29,29,29,29,29,29,29,29,36,37,44,65,57,68,51,51,51,51,44,34,34,34,48,48,48,48,46,32,57,40,74,77,77,77,77,85,85,85,85,85,82,82,82,82,85,85,43,0],"gold":32,"neow_bonus":"THREE_ENEMY_KILL","is_prod":false,"is_daily":false,"chose_seed":false,"campfire_upgraded":7,"win_rate":0,"timestamp":1566668032,"path_taken":["M","?","?","?","$","R","E","?","T","R","E","M","?","M","R","BOSS","M","?","?","?","M","E","R","?","T","?","R","?","M","?","R","BOSS","M","?","?","$","?","R","M","?","T","M","?","R","$","M","R","BOSS","BOSS"],"build_version":"2019-07-17","purchased_purges":3,"victory":false,"max_hp_per_floor":[71,71,71,71,71,71,71,71,71,71,71,71,71,71,71,71,71,71,71,71,71,71,71,71,71,85,85,85,85,85,85,85,85,85,85,85,85,85,85,85,85,85,85,85,85,85,85,85,85,85,85],"card_choices":[{"not_picked":["Aggregate","Beam Cell"],"picked":"Hologram","floor":1},{"not_picked":["Blizzard","Hologram"],"picked":"Undo","floor":7},{"not_picked":["Redo","Coolheaded"],"picked":"Steam","floor":11},{"not_picked":["Storm","Barrage"],"picked":"Leap","floor":12},{"not_picked":["FTL","Conserve Battery"],"picked":"Doom and Gloom","floor":13},{"not_picked":["White Noise","Cold Snap"],"picked":"Darkness","floor":14},{"not_picked":["Rainbow","Machine Learning"],"picked":"Seek","floor":16},{"not_picked":["Beam Cell","Stack"],"picked":"Streamline","floor":18},{"not_picked":["Stack","Ball Lightning"],"picked":"Chill","floor":22},{"not_picked":["Beam Cell","Stack"],"picked":"Darkness","floor":23},{"not_picked":["Leap","Streamline"],"picked":"Glacier","floor":30},{"not_picked":["Compile Driver","Steam"],"picked":"Redo+1","floor":31},{"not_picked":["Rainbow","Buffer"],"picked":"Electrodynamics","floor":33},{"not_picked":["Gash","Heatsinks"],"picked":"Redo","floor":35},{"not_picked":["Compile Driver","Beam Cell"],"picked":"Reinforced Body","floor":39},{"not_picked":["Stack","Leap"],"picked":"Redo","floor":41},{"not_picked":["Storm+1","Amplify"],"picked":"White Noise","floor":44},{"not_picked":["Cold Snap+1","Streamline"],"picked":"Undo+1","floor":48}],"player_experience":811843,"relics_obtained":[{"floor":7,"key":"Happy Flower"},{"floor":9,"key":"Mummified Hand"},{"floor":11,"key":"Letter Opener"},{"floor":23,"key":"Boot"},{"floor":26,"key":"Mango"},{"floor":39,"key":"Incense Burner"},{"floor":42,"key":"Vajra"},{"floor":43,"key":"War Paint"}],"event_choices":[{"damage_healed":0,"gold_gain":0,"player_choice":"Take Damage","damage_taken":24,"relics_obtained":["Golden Idol"],"max_hp_gain":0,"max_hp_loss":0,"event_name":"Golden Idol","floor":2,"gold_loss":0},{"damage_healed":0,"gold_gain":75,"player_choice":"Gather Gold","damage_taken":11,"max_hp_gain":0,"max_hp_loss":0,"event_name":"World of Goop","floor":3,"gold_loss":0},{"damage_healed":0,"gold_gain":0,"player_choice":"Grow","damage_taken":0,"max_hp_gain":0,"max_hp_loss":0,"event_name":"Living Wall","floor":4,"gold_loss":0,"cards_upgraded":["Zap"]},{"cards_removed":["Strike_B"],"damage_healed":0,"gold_gain":0,"player_choice":"Gave Gold","damage_taken":0,"max_hp_gain":0,"max_hp_loss":0,"event_name":"Beggar","floor":19,"gold_loss":75},{"damage_healed":0,"gold_gain":0,"player_choice":"Gave Idol","damage_taken":0,"relics_obtained":["Bloody Idol"],"max_hp_gain":0,"max_hp_loss":0,"event_name":"Forgotten Altar","floor":20,"relics_lost":["Golden Idol"],"gold_loss":0},{"damage_healed":0,"gold_gain":0,"player_choice":"Obtained Relic","damage_taken":0,"relics_obtained":["Art of War"],"max_hp_gain":0,"max_hp_loss":0,"event_name":"Addict","floor":21,"gold_loss":85},{"damage_healed":0,"gold_gain":0,"player_choice":"Ignored","damage_taken":0,"max_hp_gain":0,"max_hp_loss":0,"event_name":"Cursed Tome","floor":25,"gold_loss":0},{"damage_healed":0,"gold_gain":0,"player_choice":"Paid Fearfully","damage_taken":0,"max_hp_gain":0,"max_hp_loss":0,"event_name":"Masked Bandits","floor":29,"gold_loss":29},{"cards_removed":["Strike_B"],"damage_healed":0,"gold_gain":0,"player_choice":"Removed Attack","damage_taken":0,"max_hp_gain":0,"max_hp_loss":0,"event_name":"Falling","floor":36,"gold_loss":0},{"damage_healed":0,"gold_gain":0,"player_choice":"Ignored","damage_taken":0,"max_hp_gain":0,"max_hp_loss":0,"event_name":"Tomb of Lord Red Mask","floor":37,"gold_loss":0},{"damage_healed":0,"gold_gain":0,"player_choice":"Fight","damage_taken":0,"max_hp_gain":0,"max_hp_loss":0,"event_name":"MindBloom","floor":39,"gold_loss":0},{"damage_healed":0,"gold_gain":0,"player_choice":"Ignored","damage_taken":0,"max_hp_gain":0,"max_hp_loss":0,"event_name":"SecretPortal","floor":45,"gold_loss":0}],"is_beta":false,"boss_relics":[{"not_picked":["Busted Crown","Runic Pyramid"],"picked":"Velvet Choker"},{"not_picked":["Coffee Dripper","Calling Bell"],"picked":"Cursed Key"}],"items_purged_floors":[8,38,47],"is_endless":false,"potions_floor_spawned":[1,13,22,31,44,48],"killed_by":"Awakened One","ascension_level":20}