{"gold_per_floor":[110,110,121,132,152,185,195,195,240,240,256,271,221,252,252,347,347,364,439,4,54,64,95,95,109,162,175,175,190,40,50,50,147,147,165,175,175,194,211,211,9,9],"floor_reached":42,"playtime":3267,"items_purged":["Strike_R","Normality"],"score":593,"play_id":"49695677-8b55-4f7d-a55b-a011089bb5a9","local_time":"20190824122854","is_ascension_mode":true,"campfire_choices":[{"data":"Demon Form","floor":8.0,"key":"SMITH"},{"floor":10.0,"key":"REST"},{"floor":15.0,"key":"REST"},{"floor":24.0,"key":"REST"},{"floor":32.0,"key":"RECALL"},{"floor":40,"key":"REST"}],"neow_cost":"NONE","seed_source_timestamp":395921870505100,"circlet_count":0,"master_deck":["Strike_R","Strike_R","Strike_R","Defend_R","Defend_R","Defend_R","Defend_R","Bash","Anger","Inflame","Demon Form+1","Wild Strike","Shrug It Off","Sword Boomerang","Anger","Disarm","Juggernaut","Iron Wave","Apotheosis","Shrug It Off","Flame Barrier+1","Cleave+1","Parasite","Shrug It Off","Anger","Clothesline+1","Anger","Seeing Red","Double Tap","Intimidate+1","Pommel Strike+1","Sword Boomerang","Iron Wave","Master of Strategy","Heavy Blade"],"special_seed":0,"relics":["Burning Blood","Vajra","Nunchaku","Calipers","Cursed Key","HandDrill","Potion Belt","Meat on the Bone","Anchor","Sozu"],"potions_floor_usage":[33,35],"damage_taken":[{"damage":5.0,"enemies":"Cultist","floor":1.0,"turns":4.0},{"damage":7.0,"enemies":"Small Slimes","floor":3.0,"turns":3.0},{"damage":5.0,"enemies":"2 Louse","floor":4.0,"turns":2.0},{"damage":9.0,"enemies":"Red Slaver","floor":5.0,"turns":3.0},{"damage":29.0,"enemies":"Gremlin Nob","floor":6.0,"turns":4.0},{"damage":11.0,"enemies":"Blue Slaver","floor":7.0,"turns":4.0},{"damage":10.0,"enemies":"2 Fungi Beasts","floor":11.0,"turns":4.0},{"damage":32.0,"enemies":"Gremlin Gang","floor":12.0,"turns":5.0},{"damage":22.0,"enemies":"3 Sentries","floor":14.0,"turns":5.0},{"damage":48.0,"enemies":"Slime Boss","floor":16.0,"turns":11.0},{"damage":7.0,"enemies":"Chosen","floor":18.0,"turns":4.0},{"damage":5.0,"enemies":"Shell Parasite","floor":22.0,"turns":4.0},{"damage":58.0,"enemies":"Slavers","floor":23.0,"turns":5.0},{"damage":4.0,"enemies":"Snake Plant","floor":25.0,"turns":3.0},{"damage":8.0,"enemies":"Snecko","floor":27.0,"turns":6.0},{"damage":29.0,"enemies":"3 Cultists","floor":29.0,"turns":6.0},{"damage":7.0,"enemies":"Centurion and Healer","floor":31.0,"turns":7.0},{"damage":60,"enemies":"Automaton","floor":33,"turns":10},{"damage":19,"enemies":"Orb Walker","floor":35,"turns":5},{"damage":0,"enemies":"3 Shapes","floor":36,"turns":4},{"damage":31,"enemies":"3 Darklings","floor":38,"turns":6},{"damage":44,"enemies":"Maw","floor":39,"turns":7},{"damage":60,"enemies":"Reptomancer","floor":42,"turns":5}],"seed_played":"-7733141790335429235","potions_obtained":[{"floor":3.0,"key":"Poison Potion"},{"floor":7.0,"key":"Weak Potion"},{"floor":12.0,"key":"PowerPotion"},{"floor":14.0,"key":"LiquidBronze"},{"floor":22.0,"key":"EssenceOfSteel"},{"floor":31.0,"key":"EssenceOfSteel"},{"floor":33,"key":"Weak Potion"}],"is_trial":false,"path_per_floor":["M","T","M","M","M","E","M","R","T","R","M","M","?","E","R","B",null,"M","?","$","T","M","E","R","M","T","M","?","M","$","M","R","B",null,"M","M","?","M","M","R","$","E"],"character_chosen":"IRONCLAD","items_purchased":["HandDrill","Apotheosis","Anger","Master of Strategy","Heavy Blade"],"campfire_rested":4,"item_purchase_floors":[20,20,30,41,41],"current_hp_per_floor":[88,88,87,88,85,62,57,57,57,83,79,53,53,37,63,21,71,70,62,62,62,63,11,37,51,51,61,61,50,50,61,61,19,71,58,64,64,51,25,50,50,0],"gold":9,"neow_bonus":"TEN_PERCENT_HP_BONUS","is_prod":false,"is_daily":false,"chose_seed":false,"campfire_upgraded":1,"win_rate":0,"timestamp":1566674934,"path_taken":["M","?","M","M","M","E","M","R","T","R","M","?","?","E","R","BOSS","M","?","$","?","M","E","R","M","T","M","?","?","$","M","R","BOSS","M","M","?","M","M","R","$","E"],"build_version":"2019-07-17","purchased_purges":2,"victory":false,"max_hp_per_floor":[88,88,88,88,88,88,88,88,88,88,88,88,88,88,88,88,88,88,88,88,88,88,88,88,88,88,88,88,88,88,88,88,88,88,88,88,84,84,84,84,84,84],"card_choices":[{"not_picked":["Body Slam","Iron Wave"],"picked":"Anger","floor":1.0},{"not_picked":["Thunderclap","Warcry"],"picked":"Inflame","floor":3.0},{"not_picked":["Rupture","Dropkick","Burning Pact"],"picked":"SKIP","floor":4.0},{"not_picked":["Battle Trance","Reckless Charge"],"picked":"Demon Form","floor":5.0},{"not_picked":["Iron Wave","Thunderclap"],"picked":"Wild Strike","floor":6.0},{"not_picked":["Headbutt","Searing Blow"],"picked":"Shrug It Off","floor":7.0},{"not_picked":["Dark Embrace","Flex"],"picked":"Sword Boomerang","floor":11.0},{"not_picked":["Twin Strike","Sword Boomerang"],"picked":"Anger","floor":12.0},{"not_picked":["Cleave","Flex"],"picked":"Disarm","floor":14.0},{"not_picked":["Demon Form","Dark Embrace"],"picked":"Juggernaut","floor":16.0},{"not_picked":["Dropkick","Body Slam"],"picked":"Iron Wave","floor":18.0},{"not_picked":["Sever Soul","Bloodletting"],"picked":"Shrug It Off","floor":22.0},{"not_picked":["Second Wind+1","Carnage"],"picked":"Flame Barrier+1","floor":23.0},{"not_picked":["Wild Strike","Intimidate"],"picked":"Cleave+1","floor":25.0},{"not_picked":["Dark Embrace","Seeing Red"],"picked":"Shrug It Off","floor":27.0},{"not_picked":["Infernal Blade","Ghostly Armor"],"picked":"Clothesline+1","floor":29.0},{"not_picked":["Flame Barrier+1","Cleave"],"picked":"Seeing Red","floor":31.0},{"not_picked":["Offering","Fiend Fire"],"picked":"Double Tap","floor":33},{"not_picked":["Clash+1","Dropkick+1"],"picked":"Intimidate+1","floor":35},{"not_picked":["Disarm+1","Headbutt+1"],"picked":"Pommel Strike+1","floor":36},{"not_picked":["Wild Strike","Cleave+1"],"picked":"Sword Boomerang","floor":38},{"not_picked":["Flex+1","Intimidate"],"picked":"Iron Wave","floor":39}],"player_experience":127526,"relics_obtained":[{"floor":2.0,"key":"Vajra"},{"floor":6.0,"key":"Nunchaku"},{"floor":14.0,"key":"Calipers"},{"floor":21.0,"key":"Potion Belt"},{"floor":23.0,"key":"Meat on the Bone"},{"floor":26.0,"key":"Anchor"}],"event_choices":[{"cards_removed":["Strike_R"],"damage_healed":0.0,"max_hp_gain":0.0,"max_hp_loss":0.0,"gold_gain":0.0,"event_name":"The Cleric","player_choice":"Card Removal","floor":13.0,"gold_loss":50.0,"damage_taken":0.0},{"damage_healed":0.0,"max_hp_gain":0.0,"max_hp_loss":0.0,"gold_gain":75.0,"event_name":"FaceTrader","player_choice":"Touch","floor":19.0,"gold_loss":0.0,"damage_taken":8.0},{"damage_healed":0.0,"max_hp_gain":0.0,"max_hp_loss":0.0,"gold_gain":0.0,"event_name":"Duplicator","player_choice":"Copied","floor":28.0,"gold_loss":0.0,"damage_taken":0.0,"cards_obtained":["Anger"]},{"damage_healed":0,"gold_gain":0,"player_choice":"Max HP","damage_taken":0,"max_hp_gain":0,"max_hp_loss":4,"event_name":"Winding Halls","floor":37,"gold_loss":0}],"is_beta":false,"boss_relics":[{"not_picked":["Velvet Choker","Coffee Dripper"],"picked":"Cursed Key"},{"not_picked":["Runic Pyramid","Orrery"],"picked":"Sozu"}],"items_purged_floors":[20,30],"is_endless":false,"potions_floor_spawned":[3,7,12,14,22,31,33,36,38],"killed_by":"Reptomancer","ascension_level":5}