{"gold_per_floor":[114,124,140,140,153,153,78,88,88,88,121,136,136,162,162,260,260,280,380,391,316,330,360,360,386,386,386,301,13,13,13,13,112,112,122,0,0,55,133,133,150,150,150,50,50,2,2,2,2,2,2,2,2,29,29],"floor_reached":55,"playtime":2604,"items_purged":["Defend_B","Strike_B+1"],"score":787,"play_id":"03c75bdc-81bd-4db1-918a-d12ce657466b","local_time":"20181130202059","is_ascension_mode":false,"campfire_choices":[{"data":"Zap","floor":6.0,"key":"SMITH"},{"data":"Double Energy","floor":10.0,"key":"SMITH"},{"floor":13.0,"key":"REST"},{"data":"Machine Learning","floor":15.0,"key":"SMITH"},{"floor":24.0,"key":"REST"},{"floor":30.0,"key":"REST"},{"floor":32.0,"key":"REST"},{"floor":40.0,"key":"RECALL"},{"data":"Loop","floor":42.0,"key":"SMITH"},{"data":"Strike_B+1","floor":47.0,"key":"PURGE"},{"data":"Consume","floor":49.0,"key":"SMITH"},{"data":"FTL","floor":52.0,"key":"SMITH"}],"neow_cost":"NONE","seed_source_timestamp":249381769711500,"circlet_count":0,"master_deck":["Defend_B+1","Defend_B+1","Defend_B+1","Zap+1","Dualcast","Ball Lightning","FTL+1","Leap","Leap","Sweeping Beam","Double Energy+1","Machine Learning+1","Ball Lightning","Meteor Strike","Consume+1","Skim+1","Ball Lightning","Multi-Cast","Rebound","Steam+1","Ball Lightning+1","Sweeping Beam","Undo"],"special_seed":0,"relics":["Nuclear Battery","Ornamental Fan","Juzu Bracelet","Turnip","Busted Crown","StoneCalendar","Singing Bowl","Peace Pipe","Unceasing Top","Symbiotic Virus","Bag of Marbles","FossilizedHelix","Philosopher\u0027s Stone","Red Mask","Calipers","Shuriken","Ice Cream","Centennial Puzzle"],"potions_floor_usage":[55,55],"damage_taken":[{"damage":3.0,"enemies":"Jaw Worm","floor":1.0,"turns":4.0},{"damage":0.0,"enemies":"2 Louse","floor":2.0,"turns":3.0},{"damage":0.0,"enemies":"Small Slimes","floor":3.0,"turns":3.0},{"damage":0.0,"enemies":"Exordium Wildlife","floor":5.0,"turns":3.0},{"damage":2.0,"enemies":"2 Fungi Beasts","floor":8.0,"turns":3.0},{"damage":31.0,"enemies":"Gremlin Nob","floor":11.0,"turns":5.0},{"damage":4.0,"enemies":"Large Slime","floor":12.0,"turns":4.0},{"damage":0.0,"enemies":"3 Sentries","floor":14.0,"turns":5.0},{"damage":18.0,"enemies":"Hexaghost","floor":16.0,"turns":9.0},{"damage":11.0,"enemies":"2 Thieves","floor":18.0,"turns":4.0},{"damage":14.0,"enemies":"Colosseum Slavers","floor":19.0,"turns":4.0},{"damage":23.0,"enemies":"Colosseum Nobs","floor":19.0,"turns":4.0},{"damage":6.0,"enemies":"Spheric Guardian","floor":20.0,"turns":4.0},{"damage":7.0,"enemies":"Snake Plant","floor":22.0,"turns":3.0},{"damage":2.0,"enemies":"Gremlin Leader","floor":23.0,"turns":7.0},{"damage":14.0,"enemies":"Slavers","floor":25.0,"turns":5.0},{"damage":32.0,"enemies":"Automaton","floor":33.0,"turns":9.0},{"damage":0.0,"enemies":"Orb Walker","floor":35.0,"turns":2.0},{"damage":0.0,"enemies":"2 Orb Walkers","floor":38.0,"turns":3.0},{"damage":0.0,"enemies":"3 Darklings","floor":41.0,"turns":3.0},{"damage":46.0,"enemies":"Time Eater","floor":50.0,"turns":5.0},{"damage":0.0,"enemies":"Shield and Spear","floor":54.0,"turns":1.0},{"damage":87,"enemies":"The Heart","floor":55,"turns":3}],"seed_played":"7107675466938798195","potions_obtained":[{"floor":2.0,"key":"Energy Potion"},{"floor":5.0,"key":"Ancient Potion"},{"floor":12.0,"key":"EssenceOfSteel"},{"floor":19.0,"key":"Block Potion"},{"floor":22.0,"key":"GamblersBrew"},{"floor":23.0,"key":"Fire Potion"},{"floor":33.0,"key":"Dexterity Potion"},{"floor":41.0,"key":"GamblersBrew"},{"floor":54.0,"key":"Energy Potion"}],"is_trial":false,"path_per_floor":["M","M","M","?","M","R","$","M","T","R","E","M","R","E","R","B",null,"M","?","M","?","M","E","R","E","T","?","?","$","R","?","R","B",null,"M","?","T","?","T","R","M","R","T","$","?","$","R","$","R","B",null,"R","$","E","B"],"character_chosen":"DEFECT","items_purchased":["FossilizedHelix","Sweeping Beam"],"campfire_rested":4,"item_purchase_floors":[29,46],"current_hp_per_floor":[72,72,72,72,72,72,72,70,70,70,39,35,57,57,57,39,75,64,29,23,23,18,16,39,27,27,27,27,27,51,36,61,29,86,86,86,86,86,86,86,86,86,86,86,86,86,86,86,86,40,86,86,86,86,0],"gold":29,"neow_bonus":"BOSS_RELIC","is_prod":false,"is_daily":false,"chose_seed":false,"campfire_upgraded":6,"win_rate":0,"timestamp":1543576859,"path_taken":["M","M","M","?","M","R","$","M","T","R","E","M","R","E","R","BOSS","M","?","M","?","M","E","R","E","T","?","?","$","R","?","R","BOSS","M","?","?","?","?","R","M","R","T","$","?","?","R","$","R","BOSS","R","$","E","BOSS"],"build_version":"2018-11-15","purchased_purges":2,"victory":false,"max_hp_per_floor":[75,75,75,75,75,75,75,75,75,75,75,75,75,75,75,75,75,75,77,77,77,79,79,79,81,81,81,81,81,81,86,86,86,86,86,86,86,86,86,86,86,86,86,86,86,86,86,86,86,86,86,86,86,86,86],"card_choices":[{"not_picked":["Melter","Steam"],"picked":"Ball Lightning","floor":1.0},{"not_picked":["Aggregate","Coolheaded"],"picked":"FTL","floor":2.0},{"not_picked":["Hologram","Stack"],"picked":"Leap","floor":3.0},{"not_picked":["Steam","Ball Lightning"],"picked":"Sweeping Beam","floor":5.0},{"not_picked":["Turbo","Beam Cell"],"picked":"Double Energy","floor":8.0},{"not_picked":["Fusion","Storm"],"picked":"Loop","floor":11.0},{"not_picked":["Coolheaded","Turbo"],"picked":"Machine Learning","floor":12.0},{"not_picked":["Force Field","Genetic Algorithm"],"picked":"Ball Lightning","floor":14.0},{"not_picked":["Machine Learning","Hyperbeam"],"picked":"Meteor Strike","floor":16.0},{"not_picked":[],"picked":"Consume","floor":18.0},{"not_picked":["Streamline"],"picked":"Singing Bowl","floor":19.0},{"not_picked":[],"picked":"Skim+1","floor":20.0},{"not_picked":["Static Discharge+1"],"picked":"Singing Bowl","floor":22.0},{"not_picked":[],"picked":"Ball Lightning","floor":23.0},{"not_picked":["Rip and Tear"],"picked":"Singing Bowl","floor":25.0},{"not_picked":[],"picked":"Multi-Cast","floor":33.0},{"not_picked":[],"picked":"Rebound","floor":35.0},{"not_picked":[],"picked":"Steam+1","floor":38.0},{"not_picked":[],"picked":"Ball Lightning+1","floor":41.0},{"not_picked":[],"picked":"Undo","floor":54.0}],"player_experience":556120,"relics_obtained":[{"floor":9.0,"key":"Ornamental Fan"},{"floor":11.0,"key":"Juzu Bracelet"},{"floor":14.0,"key":"Turnip"},{"floor":19.0,"key":"StoneCalendar"},{"floor":19.0,"key":"Singing Bowl"},{"floor":23.0,"key":"Peace Pipe"},{"floor":25.0,"key":"Unceasing Top"},{"floor":26.0,"key":"Symbiotic Virus"},{"floor":38.0,"key":"Calipers"},{"floor":39.0,"key":"Shuriken"},{"floor":43.0,"key":"Ice Cream"},{"floor":54.0,"key":"Centennial Puzzle"}],"event_choices":[{"damage_healed":0.0,"max_hp_gain":0.0,"max_hp_loss":0.0,"gold_gain":0.0,"cards_transformed":["Strike_B"],"event_name":"Living Wall","player_choice":"Change","floor":4.0,"gold_loss":0.0,"damage_taken":0.0,"cards_obtained":["Leap"]},{"damage_healed":0.0,"max_hp_gain":0.0,"max_hp_loss":0.0,"gold_gain":0.0,"event_name":"Colosseum","player_choice":"Fight","floor":19.0,"gold_loss":0.0,"damage_taken":0.0},{"damage_healed":0.0,"max_hp_gain":0.0,"max_hp_loss":0.0,"gold_gain":0.0,"event_name":"Colosseum","player_choice":"Fought Nobs","floor":19.0,"gold_loss":0.0,"damage_taken":0.0},{"cards_removed":["Strike_B"],"damage_healed":0.0,"max_hp_gain":0.0,"max_hp_loss":0.0,"gold_gain":0.0,"event_name":"Beggar","player_choice":"Gave Gold","floor":21.0,"gold_loss":75.0,"damage_taken":0.0},{"damage_healed":0.0,"max_hp_gain":0.0,"max_hp_loss":0.0,"gold_gain":0.0,"event_name":"Back to Basics","player_choice":"Simplicity","floor":27.0,"gold_loss":0.0,"damage_taken":0.0,"cards_upgraded":["Strike_B","Strike_B","Defend_B","Defend_B","Defend_B"]},{"damage_healed":0.0,"max_hp_gain":0.0,"max_hp_loss":0.0,"gold_gain":0.0,"event_name":"Addict","player_choice":"Obtained Relic","floor":28.0,"gold_loss":85.0,"damage_taken":0.0,"relics_obtained":["Bag of Marbles"]},{"damage_healed":0.0,"max_hp_gain":5.0,"max_hp_loss":0.0,"gold_gain":0.0,"event_name":"Forgotten Altar","player_choice":"Shed Blood","floor":31.0,"gold_loss":0.0,"damage_taken":20.0},{"damage_healed":0.0,"max_hp_gain":0.0,"max_hp_loss":0.0,"gold_gain":0.0,"event_name":"Tomb of Lord Red Mask","player_choice":"Paid","floor":36.0,"gold_loss":122.0,"damage_taken":0.0,"relics_obtained":["Red Mask"]},{"damage_healed":0.0,"max_hp_gain":0.0,"max_hp_loss":0.0,"gold_gain":0.0,"event_name":"Mysterious Sphere","player_choice":"Fight","floor":38.0,"gold_loss":0.0,"damage_taken":0.0},{"cards_removed":["Loop"],"damage_healed":0.0,"max_hp_gain":0.0,"max_hp_loss":0.0,"gold_gain":0.0,"event_name":"Falling","player_choice":"Removed Power","floor":45.0,"gold_loss":0.0,"damage_taken":0.0}],"is_beta":false,"boss_relics":[{"not_picked":["Sozu","Tiny House"],"picked":"Busted Crown"},{"not_picked":["Lizard Tail","Fusion Hammer"],"picked":"Philosopher\u0027s Stone"}],"items_purged_floors":[7,44],"is_endless":false,"potions_floor_spawned":[2,5,12,19,22,23,33,35,38,41,54],"killed_by":"The Heart","ascension_level":0}