{"path_per_floor":["M","?","M","M","?","E","R","E","T","E","M","?","M","M","R","B",null,"M","?","$","M","$"],"character_chosen":"DEFECT","items_purchased":["Orichalcum","Strawberry","Vajra"],"gold_per_floor":[114,114,129,144,144,174,174,204,279,309,324,375,390,405,405,505,505,520,520,220,235,85,85],"floor_reached":23,"campfire_rested":2,"playtime":2238,"current_hp_per_floor":[73,72,66,66,41,23,43,38,38,15,15,6,1,1,19,10,57,47,55,61,60,59,0],"items_purged":[],"gold":85,"score":261,"play_id":"45e598a6-4340-4147-b8db-d930372ba8b3","local_time":"20180513220213","daily_mods":["Insanity","Elite Swarm","Terminal"],"is_prod":false,"is_daily":true,"chose_seed":false,"is_ascension_mode":false,"campfire_upgraded":0,"timestamp":1526220133,"path_taken":["M","?","M","M","?","E","R","E","T","E","M","?","M","M","R","BOSS","M","?","$","M","$","E"],"build_version":"2018-05-10","seed_source_timestamp":0,"purchased_purges":0,"victory":false,"master_deck":["Doom and Gloom","Double Energy","White Noise","Reboot","Steam","Sunder","Rip and Tear","All For One","Steam Power","Defend_B","Skim","Sweeping Beam","Turbo","Reboot","Sunder","Double Energy","Scrape","Defend_B","Machine Learning","FTL","FTL","Chill","Auto Shields","Beam Cell","Reboot","Chaos","Blizzard","Sunder","Seek","Recycle","Biased Cognition","Thunder Strike","Machine Learning","Seek","Defragment","Meteor Strike","Darkness","Blizzard","Fusion","Reprogram","Force Field","Sweeping Beam","Sweeping Beam","Melter","Steam","Zap","Ball Lightning","Turbo","Streamline","Creative AI","Double Energy","Rainbow+1","Skim+1","Skim+1","Consume+1","Echo Form+1","White Noise+1","Capacitor+1"],"max_hp_per_floor":[73,72,71,70,69,68,67,66,65,64,63,62,61,60,59,58,57,56,55,61,60,59,59],"relics":["Cracked Core","Juzu Bracelet","Art of War","Smiling Mask","Toxic Egg 2","Symbiotic Virus","Frozen Egg 2","Black Star","Orichalcum","Strawberry","Vajra"],"card_choices":[{"not_picked":["Doom and Gloom","Coolheaded"],"picked":"Double Energy","floor":3},{"not_picked":["Hyperbeam","All For One"],"picked":"Rainbow","floor":10},{"not_picked":["Turbo","Cold Snap"],"picked":"Skim","floor":11},{"not_picked":["Go for the Eyes","Beam Cell"],"picked":"Skim","floor":12},{"not_picked":["Barrage","Amplify"],"picked":"Consume","floor":14},{"not_picked":["Machine Learning","Biased Cognition"],"picked":"Echo Form","floor":16},{"not_picked":["Steam","Skim"],"picked":"White Noise","floor":18},{"not_picked":["Go for the Eyes","Cold Snap"],"picked":"Capacitor","floor":21}],"player_experience":61150,"potions_floor_usage":[8,8,16,16,16,23,23],"damage_taken":[{"damage":0,"enemies":"Small Slimes","floor":1,"turns":2},{"damage":6,"enemies":"Jaw Worm","floor":3,"turns":2},{"damage":0,"enemies":"Cultist","floor":4,"turns":2},{"damage":25,"enemies":"Gremlin Nob","floor":6,"turns":4},{"damage":5,"enemies":"Lagavulin","floor":8,"turns":3},{"damage":23,"enemies":"Gremlin Nob","floor":10,"turns":4},{"damage":0,"enemies":"Large Slime","floor":11,"turns":4},{"damage":9,"enemies":"Lagavulin Event","floor":12,"turns":5},{"damage":5,"enemies":"Exordium Wildlife","floor":13,"turns":3},{"damage":0,"enemies":"Looter","floor":14,"turns":2},{"damage":9,"enemies":"The Guardian","floor":16,"turns":6},{"damage":10,"enemies":"2 Thieves","floor":18,"turns":3},{"damage":0,"enemies":"Chosen","floor":21,"turns":3},{"damage":66,"enemies":"Gremlin Leader","floor":23,"turns":7}],"event_choices":[{"event_name":"Golden Idol","player_choice":"Ignored","floor":2,"damage_taken":0},{"event_name":"Scrap Ooze","player_choice":"success","floor":5,"damage_taken":25},{"event_name":"Dead Adventurer","player_choice":"Searched \u00272\u0027 times","floor":12,"damage_taken":0},{"event_name":"The Library","player_choice":"Heal","floor":19,"damage_taken":0}],"boss_relics":[{"not_picked":["Nuclear Battery","Sozu"],"picked":"Black Star"}],"potions_floor_spawned":[3,6,12,13,14,16,18],"seed_played":"-8602145227359355025","killed_by":"Gremlin Leader","ascension_level":0,"is_trial":false}