{"gold_per_floor":[109,120,136,146,111,145,145,145,145,145,156,175,189,205,205,307,307,325,325,43,58,78,78,78,78,103,121,133,133,145,162,162,257,257,271,28,47,47,64,64,118,128,128,128,3,15,15],"floor_reached":47,"playtime":6683,"items_purged":["Decay","Normality","Writhe"],"score":629,"play_id":"5eccbb0c-46cd-4078-b13d-3af608190a90","local_time":"20181005204740","is_ascension_mode":true,"campfire_choices":[{"floor":7.0,"key":"REST"},{"data":"Spot Weakness","floor":10.0,"key":"SMITH"},{"data":"Iron Wave","floor":15.0,"key":"SMITH"},{"floor":23,"key":"REST"},{"floor":32,"key":"REST"},{"floor":40,"key":"REST"},{"floor":44,"key":"REST"}],"neow_cost":"PERCENT_DAMAGE","seed_source_timestamp":0,"circlet_count":0,"master_deck":["Strike_R","Strike_R","Strike_R","Strike_R","Strike_R","Defend_R","Defend_R","Defend_R","Defend_R+1","Bash","Flex+1","Armaments","Cleave","Clothesline","Twin Strike","Perfected Strike","Iron Wave","Spot Weakness+1","Iron Wave+1","Twin Strike","Feed","Entrench","Heavy Blade","Iron Wave","Iron Wave","Limit Break","Ghostly Armor","Barricade","Parasite","Infernal Blade+1","Shrug It Off+1","Demon Form","Combust+1","Heavy Blade+1","Power Through","True Grit","Juggernaut","Seeing Red+1"],"special_seed":0,"relics":["Burning Blood","Prayer Wheel","Pocketwatch","Incense Burner","Calling Bell","Red Skull","Dodecahedron","Mango","Ornamental Fan","Bronze Scales","Boot","Gambling Chip","Runic Cube","Ancient Tea Set","Torii","Bird Faced Urn","War Paint"],"potions_floor_usage":[22,30,30,33,37,38,46],"damage_taken":[{"damage":5.0,"enemies":"Cultist","floor":1.0,"turns":4.0},{"damage":11.0,"enemies":"Jaw Worm","floor":2.0,"turns":5.0},{"damage":0.0,"enemies":"Small Slimes","floor":3.0,"turns":3.0},{"damage":10.0,"enemies":"2 Fungi Beasts","floor":4.0,"turns":3.0},{"damage":30.0,"enemies":"Lagavulin","floor":6.0,"turns":4.0},{"damage":6.0,"enemies":"Looter","floor":11.0,"turns":2.0},{"damage":8.0,"enemies":"Exordium Thugs","floor":12.0,"turns":4.0},{"damage":9.0,"enemies":"Red Slaver","floor":13.0,"turns":2.0},{"damage":9.0,"enemies":"2 Fungi Beasts","floor":14.0,"turns":3.0},{"damage":20.0,"enemies":"The Guardian","floor":16.0,"turns":8.0},{"damage":13,"enemies":"Shell Parasite","floor":18,"turns":4},{"damage":20,"enemies":"3 Byrds","floor":21,"turns":3},{"damage":54,"enemies":"Sentry and Sphere","floor":22,"turns":7},{"damage":33,"enemies":"Snake Plant","floor":27,"turns":4},{"damage":12,"enemies":"Cultist and Chosen","floor":28,"turns":4},{"damage":17,"enemies":"Centurion and Healer","floor":30,"turns":6},{"damage":17,"enemies":"Snecko","floor":31,"turns":4},{"damage":5,"enemies":"Champ","floor":33,"turns":11},{"damage":9,"enemies":"Orb Walker","floor":35,"turns":5},{"damage":54,"enemies":"3 Darklings","floor":37,"turns":4},{"damage":22,"enemies":"Mind Bloom Boss Battle","floor":38,"turns":10},{"damage":22,"enemies":"4 Shapes","floor":39,"turns":5},{"damage":59,"enemies":"Mysterious Sphere","floor":41,"turns":7},{"damage":11,"enemies":"Sphere and 2 Shapes","floor":42,"turns":4},{"damage":48,"enemies":"Maw","floor":46,"turns":7},{"damage":16,"enemies":"4 Shapes","floor":47,"turns":3}],"seed_played":"-3828578891559358158","potions_obtained":[{"floor":1.0,"key":"EssenceOfSteel"},{"floor":2.0,"key":"AttackPotion"},{"floor":6.0,"key":"Strength Potion"},{"floor":14.0,"key":"PowerPotion"},{"floor":18,"key":"Strength Potion"},{"floor":27,"key":"BloodPotion"},{"floor":30,"key":"EssenceOfSteel"},{"floor":31,"key":"Weak Potion"},{"floor":37,"key":"Regen Potion"},{"floor":41,"key":"PowerPotion"}],"is_trial":false,"path_per_floor":["M","M","M","M","?","E","R","?","T","R","M","M","M","M","R","B",null,"M","T","$","M","M","R","?","$","T","M","M","?","M","M","R","B",null,"M","$","M","?","M","R","?","M","T","R","$","M"],"character_chosen":"IRONCLAD","items_purchased":["Bronze Scales","PowerPotion","Ancient Tea Set"],"campfire_rested":5,"item_purchase_floors":[20,20,36],"current_hp_per_floor":[57,52,58,54,74,50,74,79,79,79,79,77,74,71,71,60,102,95,95,95,81,33,63,63,63,63,36,30,30,32,21,52,53,105,102,102,54,53,40,72,19,14,14,46,46,11,0],"gold":15,"neow_bonus":"ONE_RARE_RELIC","is_prod":false,"is_daily":false,"chose_seed":false,"campfire_upgraded":2,"win_rate":0,"timestamp":1538797660,"path_taken":["M","M","M","?","?","E","R","?","T","R","M","M","M","?","R","BOSS","M","?","$","M","M","R","?","$","T","M","M","?","?","M","R","BOSS","M","$","?","?","M","R","?","M","T","R","$","M","M"],"build_version":"2018-10-04","purchased_purges":3,"victory":false,"max_hp_per_floor":[80,80,80,80,80,80,80,85,85,85,85,85,85,85,85,88,102,102,102,102,102,102,102,102,102,102,102,102,102,105,105,105,105,105,105,105,105,105,108,108,108,108,108,108,108,111,111],"card_choices":[{"not_picked":["Feel No Pain","Body Slam"],"picked":"Flex","floor":1.0},{"not_picked":["Rupture","Clash"],"picked":"Armaments","floor":1.0},{"not_picked":["Blood for Blood","True Grit"],"picked":"Cleave","floor":2.0},{"not_picked":["Dark Embrace","Body Slam"],"picked":"Clothesline","floor":2.0},{"not_picked":["Intimidate","Flex"],"picked":"Twin Strike","floor":3.0},{"not_picked":["Flex","Entrench"],"picked":"Perfected Strike","floor":3.0},{"not_picked":["Warcry","Sentinel"],"picked":"Iron Wave","floor":4.0},{"not_picked":["Iron Wave","Heavy Blade"],"picked":"Spot Weakness","floor":4.0},{"not_picked":["Pummel","Reckless Charge"],"picked":"Iron Wave","floor":6.0},{"not_picked":["Warcry","Dual Wield"],"picked":"Twin Strike","floor":11.0},{"not_picked":["Intimidate","True Grit"],"picked":"Feed","floor":11.0},{"not_picked":["Pommel Strike","Armaments"],"picked":"Entrench","floor":12.0},{"not_picked":["Havoc","Clothesline"],"picked":"Heavy Blade","floor":12.0},{"not_picked":["Body Slam","Flex"],"picked":"Iron Wave","floor":13.0},{"not_picked":["Pommel Strike","Havoc"],"picked":"Iron Wave","floor":13.0},{"not_picked":["Headbutt","Anger"],"picked":"Limit Break","floor":14.0},{"not_picked":["Headbutt","Power Through"],"picked":"Ghostly Armor","floor":14.0},{"not_picked":["Offering","Berserk"],"picked":"Barricade","floor":16.0},{"not_picked":["Twin Strike","Spot Weakness","Wild Strike"],"picked":"SKIP","floor":18},{"not_picked":["Iron Wave","Clothesline","Armaments"],"picked":"SKIP","floor":18},{"not_picked":["Whirlwind","Cleave+1","True Grit"],"picked":"SKIP","floor":21},{"not_picked":["Armaments","Searing Blow","Evolve"],"picked":"SKIP","floor":21},{"not_picked":["Clothesline","Cleave","Sentinel"],"picked":"SKIP","floor":22},{"not_picked":["Clothesline","Wild Strike","Dropkick"],"picked":"SKIP","floor":22},{"not_picked":["Clash","Sentinel+1"],"picked":"Infernal Blade+1","floor":27},{"not_picked":["Armaments+1","Whirlwind","Thunderclap"],"picked":"SKIP","floor":27},{"not_picked":["Headbutt","Dual Wield","Reaper"],"picked":"SKIP","floor":28},{"not_picked":["Fire Breathing","Anger","Hemokinesis"],"picked":"SKIP","floor":28},{"not_picked":["Havoc","Entrench","Rage"],"picked":"SKIP","floor":30},{"not_picked":["Feel No Pain","Rage+1","Perfected Strike+1"],"picked":"SKIP","floor":30},{"not_picked":["Dropkick+1","Rupture"],"picked":"Shrug It Off+1","floor":31},{"not_picked":["Perfected Strike","Clash","Havoc"],"picked":"SKIP","floor":31},{"not_picked":["Immolate","Juggernaut"],"picked":"Demon Form","floor":33},{"not_picked":["Rampage","Sword Boomerang"],"picked":"Combust+1","floor":35},{"not_picked":["Sever Soul+1","Twin Strike"],"picked":"Heavy Blade+1","floor":35},{"not_picked":["Searing Blow+1","Heavy Blade"],"picked":"Power Through","floor":37},{"not_picked":["Sword Boomerang+1","Flex+1","Warcry"],"picked":"SKIP","floor":37},{"not_picked":["Perfected Strike+1","Heavy Blade"],"picked":"True Grit","floor":38},{"not_picked":["Corruption","Pummel+1","Blood for Blood"],"picked":"SKIP","floor":39},{"not_picked":["Thunderclap","Disarm+1","Sever Soul+1"],"picked":"SKIP","floor":39},{"not_picked":["Thunderclap","Entrench"],"picked":"Juggernaut","floor":41},{"not_picked":["Rage+1","Seeing Red+1","Spot Weakness+1"],"picked":"SKIP","floor":42},{"not_picked":["Pummel","Perfected Strike","Power Through+1"],"picked":"SKIP","floor":42},{"not_picked":["Pommel Strike","Perfected Strike"],"picked":"Seeing Red+1","floor":46},{"not_picked":["Perfected Strike","Havoc","Shrug It Off"],"picked":"SKIP","floor":46}],"player_experience":135656,"relics_obtained":[{"floor":6.0,"key":"Pocketwatch"},{"floor":9.0,"key":"Incense Burner"},{"floor":17,"key":"Red Skull"},{"floor":17,"key":"Dodecahedron"},{"floor":17,"key":"Mango"},{"floor":19,"key":"Ornamental Fan"},{"floor":26,"key":"Boot"},{"floor":38,"key":"Torii"},{"floor":41,"key":"Bird Faced Urn"},{"floor":43,"key":"War Paint"}],"event_choices":[{"event_name":"The Cleric","player_choice":"Healed","floor":5.0,"damage_taken":0.0},{"event_name":"Big Fish","player_choice":"Donut","floor":8.0,"damage_taken":0.0},{"event_name":"FaceTrader","player_choice":"Leave","floor":24,"damage_taken":0},{"event_name":"The Mausoleum","player_choice":"Yes","floor":29,"damage_taken":0},{"event_name":"MindBloom","player_choice":"Fight","floor":38,"damage_taken":0},{"event_name":"Mysterious Sphere","player_choice":"Fight","floor":41,"damage_taken":0}],"is_beta":false,"boss_relics":[{"not_picked":["Black Star","Philosopher\u0027s Stone"],"picked":"Calling Bell"},{"not_picked":["Snecko Eye","Orrery"],"picked":"Runic Cube"}],"items_purged_floors":[20,36,45],"is_endless":false,"potions_floor_spawned":[1,2,6,14,18,27,30,31,37,41],"killed_by":"4 Shapes","ascension_level":3}