{"gold_per_floor":[112,112,128,128,145,145,177,188,188,188,188,213,226,236,236,340,340,350,369,381,400,400,400,400,400,400,315,240,260,12,46,46,46],"floor_reached":33,"playtime":2241,"items_purged":[],"score":329,"play_id":"22a9082a-d93a-4ff4-9aed-a51a10ffc0b7","local_time":"20190815001010","is_ascension_mode":false,"campfire_choices":[{"data":"Neutralize","floor":6,"key":"SMITH"},{"floor":11,"key":"REST"},{"floor":15,"key":"REST"},{"floor":23,"key":"REST"},{"floor":32,"key":"REST"}],"neow_cost":"NONE","seed_source_timestamp":303685640232400,"circlet_count":0,"master_deck":["Strike_G","Strike_G","Strike_G","Strike_G","Defend_G","Defend_G","Defend_G","Survivor","Neutralize+1","Dagger Spray","Poisoned Stab","All Out Attack","Blade Dance","Dagger Spray","Noxious Fumes","Backstab","Malaise","Corpse Explosion","Underhanded Strike+1","Deadly Poison+1","Heel Hook","Ghostly","Ghostly","Ghostly","Ghostly","Ghostly","Deadly Poison+1","Backflip+1"],"relics":["Ring of the Snake","Oddly Smooth Stone","Ninja Scroll","Meat on the Bone","Bronze Scales","Empty Cage","Dodecahedron","Darkstone Periapt","Kunai","Letter Opener"],"potions_floor_usage":[16,16,22,22,33,33],"damage_taken":[{"damage":0,"enemies":"2 Louse","floor":1,"turns":3},{"damage":5,"enemies":"Jaw Worm","floor":3,"turns":3},{"damage":0,"enemies":"Cultist","floor":5,"turns":3},{"damage":18,"enemies":"Lagavulin","floor":7,"turns":8},{"damage":3,"enemies":"Blue Slaver","floor":8,"turns":4},{"damage":27,"enemies":"3 Sentries","floor":12,"turns":5},{"damage":8,"enemies":"Large Slime","floor":13,"turns":4},{"damage":1,"enemies":"Looter","floor":14,"turns":2},{"damage":47,"enemies":"The Guardian","floor":16,"turns":10},{"damage":11,"enemies":"2 Thieves","floor":18,"turns":2},{"damage":9,"enemies":"3 Byrds","floor":19,"turns":4},{"damage":10,"enemies":"Snake Plant","floor":20,"turns":5},{"damage":31,"enemies":"Centurion and Healer","floor":21,"turns":6},{"damage":20,"enemies":"Shelled Parasite and Fungi","floor":22,"turns":3},{"damage":3,"enemies":"Snake Plant","floor":29,"turns":4},{"damage":11,"enemies":"Gremlin Leader","floor":31,"turns":6},{"damage":55,"enemies":"Automaton","floor":33,"turns":10}],"seed_played":"6062782738729730259","potions_obtained":[{"floor":3,"key":"Weak Potion"},{"floor":7,"key":"EssenceOfSteel"},{"floor":8,"key":"Dexterity Potion"},{"floor":12,"key":"SmokeBomb"},{"floor":16,"key":"AttackPotion"},{"floor":20,"key":"FearPotion"},{"floor":29,"key":"Explosive Potion"},{"floor":31,"key":"FairyPotion"}],"is_trial":false,"path_per_floor":["M","?","M","?","M","R","E","M","T","?","R","E","M","M","R","B",null,"M","M","M","M","M","R","?","?","T","?","?","M","$","E","R","B"],"character_chosen":"THE_SILENT","items_purchased":["Kunai"],"campfire_rested":4,"item_purchase_floors":[30],"current_hp_per_floor":[70,70,65,70,70,70,52,49,49,49,71,44,48,47,69,34,75,64,55,45,26,18,40,37,37,37,37,37,34,34,23,34,0],"gold":46,"neow_bonus":"RANDOM_COMMON_RELIC","is_prod":false,"is_daily":false,"chose_seed":false,"campfire_upgraded":1,"win_rate":0.0,"timestamp":1565820610,"path_taken":["M","?","M","?","M","R","E","M","T","?","R","E","M","M","R","BOSS","M","M","M","M","M","R","?","?","T","?","?","M","$","E","R","BOSS"],"build_version":"2019-07-17","purchased_purges":0,"victory":false,"max_hp_per_floor":[70,70,70,75,75,75,75,75,75,75,75,75,75,75,75,75,75,75,75,75,75,75,75,37,37,37,37,37,37,37,37,37,37],"card_choices":[{"not_picked":["Dagger Throw","Outmaneuver"],"picked":"Dagger Spray","floor":1},{"not_picked":["Masterful Stab","Prepared"],"picked":"Poisoned Stab","floor":3},{"not_picked":["Glass Knife","Masterful Stab"],"picked":"All Out Attack","floor":5},{"not_picked":["Predator","Dodge and Roll"],"picked":"Blade Dance","floor":7},{"not_picked":["Riddle With Holes","Deflect"],"picked":"Dagger Spray","floor":8},{"not_picked":["Slice","Quick Slash"],"picked":"Noxious Fumes","floor":12},{"not_picked":["Quick Slash","Slice"],"picked":"Backstab","floor":13},{"not_picked":["Terror","Caltrops"],"picked":"Malaise","floor":14},{"not_picked":["Night Terror","Wraith Form v2"],"picked":"Corpse Explosion","floor":16},{"not_picked":["Expertise","Poisoned Stab"],"picked":"Underhanded Strike+1","floor":18},{"not_picked":["Dagger Throw","PiercingWail"],"picked":"Deadly Poison+1","floor":19},{"not_picked":["Riddle With Holes","All Out Attack","Blade Dance"],"picked":"SKIP","floor":20},{"not_picked":["Caltrops","Flying Knee"],"picked":"Heel Hook","floor":21},{"not_picked":["Predator+1","Dagger Throw"],"picked":"Deadly Poison+1","floor":29},{"not_picked":["Outmaneuver","Crippling Poison+1"],"picked":"Backflip+1","floor":31}],"player_experience":37362,"relics_obtained":[{"floor":7,"key":"Ninja Scroll"},{"floor":9,"key":"Meat on the Bone"},{"floor":12,"key":"Bronze Scales"},{"floor":26,"key":"Dodecahedron"},{"floor":31,"key":"Letter Opener"}],"event_choices":[{"damage_healed":0,"gold_gain":0,"player_choice":"Ignored","damage_taken":0,"max_hp_gain":0,"max_hp_loss":0,"event_name":"Liars Game","floor":2,"gold_loss":0},{"damage_healed":0,"gold_gain":0,"player_choice":"Donut","damage_taken":0,"max_hp_gain":5,"max_hp_loss":0,"event_name":"Big Fish","floor":4,"gold_loss":0},{"damage_healed":0,"gold_gain":0,"player_choice":"Got Potions","damage_taken":0,"max_hp_gain":0,"max_hp_loss":0,"event_name":"Lab","floor":10,"gold_loss":0},{"damage_healed":0,"gold_gain":0,"player_choice":"Became a Ghost","damage_taken":0,"max_hp_gain":0,"max_hp_loss":38,"event_name":"Ghosts","floor":24,"gold_loss":0,"cards_obtained":["Ghostly","Ghostly","Ghostly","Ghostly","Ghostly"]},{"damage_healed":0,"gold_gain":0,"player_choice":"Ignored","damage_taken":0,"max_hp_gain":0,"max_hp_loss":0,"event_name":"Vampires","floor":25,"gold_loss":0},{"damage_healed":0,"gold_gain":0,"player_choice":"Obtained Relic","damage_taken":0,"relics_obtained":["Darkstone Periapt"],"max_hp_gain":0,"max_hp_loss":0,"event_name":"Addict","floor":27,"gold_loss":85},{"cards_removed":["Strike_G"],"damage_healed":0,"gold_gain":0,"player_choice":"Gave Gold","damage_taken":0,"max_hp_gain":0,"max_hp_loss":0,"event_name":"Beggar","floor":28,"gold_loss":75}],"is_beta":false,"boss_relics":[{"not_picked":["Orrery","Lizard Tail"],"picked":"Empty Cage"}],"items_purged_floors":[],"is_endless":false,"potions_floor_spawned":[3,7,8,12,13,16,20,22,29,31],"killed_by":"Automaton","ascension_level":0}