{"gold_per_floor":[114,128,2,2,20,50,50,63,63,63,88,88,119,146,158,269,281,312,209,226,226,240,240,240,267,315,315,335,4,14,0,0,101,101,113,131,231,255,265,265,365,365,365,383,383,400,471,60,60,60],"floor_reached":51,"playtime":3821,"items_purged":["Defend_B","Defend_B+1","Defend_B+1"],"score":1000,"play_id":"fa185b93-ebd5-4411-8aeb-95788fadd9b5","local_time":"20190730005911","is_ascension_mode":true,"campfire_choices":[{"data":"Zap","floor":7.0,"key":"SMITH"},{"floor":12.0,"key":"REST"},{"data":"Defragment","floor":15.0,"key":"SMITH"},{"data":"Dualcast","floor":23.0,"key":"SMITH"},{"data":"Barrage","floor":27.0,"key":"SMITH"},{"floor":32.0,"key":"REST"},{"data":"Echo Form","floor":40.0,"key":"SMITH"},{"data":"Capacitor","floor":42.0,"key":"SMITH"},{"floor":49.0,"key":"REST"}],"neow_cost":"NONE","seed_source_timestamp":11268390435212,"circlet_count":0,"master_deck":["AscendersBane","Strike_B+1","Strike_B+1","Strike_B+1","Defend_B+1","Zap+1","Dualcast+1","Dramatic Entrance","FTL","Glacier","Go for the Eyes+1","Coolheaded","Defragment+1","Conserve Battery","Barrage+1","Biased Cognition","FTL+1","Cold Snap","Leap","Machine Learning","Leap+1","Capacitor+1","Skim+1","Capacitor","Reprogram","Chill+1","Consume","Ball Lightning","Go for the Eyes+1","Echo Form+1","White Noise+1","Panacea","Defragment"],"special_seed":0,"relics":["Cracked Core","Bag of Preparation","Singing Bowl","Prayer Wheel","Orichalcum","MawBank","Orrery","Strawberry","DataDisk","Art of War","Philosopher\u0027s Stone","Ice Cream","Centennial Puzzle","Mercury Hourglass","Darkstone Periapt","Whetstone"],"potions_floor_usage":[50],"damage_taken":[{"damage":4.0,"enemies":"Jaw Worm","floor":1.0,"turns":3.0},{"damage":0.0,"enemies":"2 Louse","floor":2.0,"turns":2.0},{"damage":7.0,"enemies":"Small Slimes","floor":5.0,"turns":2.0},{"damage":14.0,"enemies":"3 Sentries","floor":6.0,"turns":10.0},{"damage":0.0,"enemies":"2 Fungi Beasts","floor":8.0,"turns":2.0},{"damage":10.0,"enemies":"Lagavulin","floor":11.0,"turns":9.0},{"damage":4.0,"enemies":"3 Sentries","floor":13.0,"turns":7.0},{"damage":6.0,"enemies":"Slime Boss","floor":16.0,"turns":17.0},{"damage":3.0,"enemies":"Chosen","floor":18.0,"turns":7.0},{"damage":0.0,"enemies":"Shell Parasite","floor":20.0,"turns":6.0},{"damage":15.0,"enemies":"3 Cultists","floor":22.0,"turns":7.0},{"damage":19.0,"enemies":"Book of Stabbing","floor":25.0,"turns":7.0},{"damage":0.0,"enemies":"Cultist and Chosen","floor":28.0,"turns":8.0},{"damage":0.0,"enemies":"Sentry and Sphere","floor":30.0,"turns":6.0},{"damage":15.0,"enemies":"Champ","floor":33.0,"turns":12.0},{"damage":0.0,"enemies":"Orb Walker","floor":35.0,"turns":4.0},{"damage":19.0,"enemies":"3 Darklings","floor":36.0,"turns":7.0},{"damage":0.0,"enemies":"Mind Bloom Boss Battle","floor":37.0,"turns":8.0},{"damage":0.0,"enemies":"Transient","floor":39.0,"turns":5.0},{"damage":6.0,"enemies":"Sphere and 2 Shapes","floor":44.0,"turns":5.0},{"damage":0.0,"enemies":"3 Darklings","floor":46.0,"turns":6.0},{"damage":57,"enemies":"Awakened One","floor":50,"turns":19}],"seed_played":"-1522111227510745923","potions_obtained":[{"floor":1.0,"key":"SkillPotion"},{"floor":2.0,"key":"GamblersBrew"},{"floor":8.0,"key":"LiquidBronze"},{"floor":16.0,"key":"GamblersBrew"},{"floor":20.0,"key":"AttackPotion"},{"floor":22.0,"key":"GamblersBrew"},{"floor":37.0,"key":"Fire Potion"},{"floor":39.0,"key":"Explosive Potion"},{"floor":44.0,"key":"Fruit Juice"},{"floor":45.0,"key":"Fire Potion"}],"is_trial":false,"path_per_floor":["M","M","$","?","M","E","R","M","T","?","E","R","E","T","R","B",null,"M","$","M","?","M","R","?","E","T","R","M","$","M","?","R","B",null,"M","M","?","T","M","R","?","R","T","M","?","M","T","$","R","B",null],"character_chosen":"DEFECT","items_purchased":["Glacier","Go for the Eyes","Capacitor","Art of War","Consume","Whetstone","Panacea","Defragment"],"campfire_rested":3,"item_purchase_floors":[3,3,19,29,29,48,48,48],"current_hp_per_floor":[64,64,64,64,57,43,43,43,43,43,35,58,54,54,54,48,74,71,71,73,73,60,60,60,50,50,50,50,50,50,50,78,63,86,90,75,77,77,81,81,81,81,81,82,82,86,86,86,119,62],"gold":60,"neow_bonus":"RANDOM_COLORLESS","is_prod":false,"is_daily":false,"chose_seed":false,"campfire_upgraded":6,"win_rate":0,"timestamp":1564473551,"path_taken":["M","M","$","?","M","E","R","M","T","?","E","R","E","?","R","BOSS","M","$","M","?","M","R","?","E","T","R","M","$","M","?","R","BOSS","M","M","?","?","?","R","?","R","T","?","?","?","?","$","R","BOSS"],"build_version":"2019-07-17","purchased_purges":3,"victory":true,"max_hp_per_floor":[75,75,75,75,75,75,75,75,75,75,77,77,77,77,77,77,81,81,81,83,83,85,85,85,94,94,94,94,94,94,94,94,94,94,98,102,104,104,108,108,108,108,108,115,115,119,119,119,119,119],"card_choices":[{"not_picked":["Steam","Auto Shields"],"picked":"FTL","floor":1.0},{"not_picked":["Beam Cell","Turbo","Chaos"],"picked":"SKIP","floor":2.0},{"not_picked":["Streamline","Compile Driver"],"picked":"Coolheaded","floor":5.0},{"not_picked":["White Noise","Compile Driver"],"picked":"Defragment","floor":6.0},{"not_picked":["Barrage","Compile Driver"],"picked":"Conserve Battery","floor":8.0},{"not_picked":["Redo","Steam","Coolheaded"],"picked":"Singing Bowl","floor":11.0},{"not_picked":["Coolheaded","Compile Driver"],"picked":"Barrage","floor":13.0},{"not_picked":["Fission","Meteor Strike"],"picked":"Biased Cognition","floor":16.0},{"not_picked":["Rebound","Compile Driver","Streamline"],"picked":"Singing Bowl","floor":17.0},{"not_picked":["Turbo","Aggregate"],"picked":"FTL","floor":17.0},{"not_picked":["Force Field","Redo"],"picked":"Cold Snap","floor":17.0},{"not_picked":["Hello World","Aggregate","Scrape"],"picked":"Singing Bowl","floor":17.0},{"not_picked":["Force Field","Stack"],"picked":"Leap","floor":17.0},{"not_picked":["Steam","Redo"],"picked":"Machine Learning","floor":18.0},{"not_picked":["Chaos","Melter"],"picked":"Leap+1","floor":18.0},{"not_picked":["Beam Cell","Steam"],"picked":"Skim+1","floor":20.0},{"not_picked":["Gash","Cold Snap","Sunder"],"picked":"Singing Bowl","floor":20.0},{"not_picked":["Rebound","Sunder","Barrage"],"picked":"Singing Bowl","floor":22.0},{"not_picked":["Steam","Coolheaded"],"picked":"Capacitor","floor":22.0},{"not_picked":["Compile Driver","Beam Cell","Reinforced Body"],"picked":"Singing Bowl","floor":25.0},{"not_picked":["Hello World","Streamline+1"],"picked":"Reprogram","floor":28.0},{"not_picked":["Defragment","Rip and Tear"],"picked":"Chill+1","floor":28.0},{"not_picked":["Double Energy","Coolheaded"],"picked":"Ball Lightning","floor":30.0},{"not_picked":["Beam Cell+1","FTL"],"picked":"Go for the Eyes+1","floor":30.0},{"not_picked":["Rainbow","Fission"],"picked":"Echo Form","floor":33.0},{"not_picked":["FTL","Hologram","Scrape"],"picked":"Singing Bowl","floor":35.0},{"not_picked":["Skim+1","Leap+1","Redo+1"],"picked":"Singing Bowl","floor":35.0},{"not_picked":["Melter","Compile Driver+1","Heatsinks"],"picked":"Singing Bowl","floor":36.0},{"not_picked":["Rebound","Cold Snap+1","Beam Cell+1"],"picked":"Singing Bowl","floor":36.0},{"not_picked":["Go for the Eyes+1","Conserve Battery+1","Sweeping Beam"],"picked":"Singing Bowl","floor":37.0},{"not_picked":["Darkness+1","Rebound+1","Scrape"],"picked":"Singing Bowl","floor":39.0},{"not_picked":["Hologram","Loop","Gash"],"picked":"Singing Bowl","floor":39.0},{"not_picked":["Tempest","Reboot"],"picked":"White Noise+1","floor":44.0},{"not_picked":["Ball Lightning+1","Streamline","Turbo+1"],"picked":"Singing Bowl","floor":44.0},{"not_picked":["Defragment","Fusion","Hologram+1"],"picked":"Singing Bowl","floor":46.0},{"not_picked":["Gash","Turbo","Force Field"],"picked":"Singing Bowl","floor":46.0}],"player_experience":564159,"relics_obtained":[{"floor":6.0,"key":"Bag of Preparation"},{"floor":9.0,"key":"Singing Bowl"},{"floor":11.0,"key":"Prayer Wheel"},{"floor":13.0,"key":"Orichalcum"},{"floor":14.0,"key":"MawBank"},{"floor":25.0,"key":"Strawberry"},{"floor":26.0,"key":"DataDisk"},{"floor":37.0,"key":"Ice Cream"},{"floor":38.0,"key":"Centennial Puzzle"},{"floor":43.0,"key":"Mercury Hourglass"},{"floor":47.0,"key":"Darkstone Periapt"}],"event_choices":[{"cards_removed":["Strike_B"],"damage_healed":0.0,"max_hp_gain":0.0,"max_hp_loss":0.0,"gold_gain":0.0,"event_name":"Living Wall","player_choice":"Forget","floor":4.0,"gold_loss":0.0,"damage_taken":0.0},{"damage_healed":0.0,"max_hp_gain":0.0,"max_hp_loss":0.0,"gold_gain":0.0,"event_name":"Shining Light","player_choice":"Ignored","floor":10.0,"gold_loss":0.0,"damage_taken":0.0},{"damage_healed":0.0,"max_hp_gain":0.0,"max_hp_loss":0.0,"gold_gain":0.0,"event_name":"Ghosts","player_choice":"Ignored","floor":21.0,"gold_loss":0.0,"damage_taken":0.0},{"damage_healed":0.0,"max_hp_gain":0.0,"max_hp_loss":0.0,"gold_gain":0.0,"event_name":"Back to Basics","player_choice":"Simplicity","floor":24.0,"gold_loss":0.0,"damage_taken":0.0,"cards_upgraded":["Strike_B","Strike_B","Strike_B","Defend_B","Defend_B","Defend_B"]},{"damage_healed":0.0,"max_hp_gain":0.0,"max_hp_loss":0.0,"gold_gain":0.0,"event_name":"Masked Bandits","player_choice":"Paid Fearfully","floor":31.0,"gold_loss":14.0,"damage_taken":0.0},{"damage_healed":0.0,"max_hp_gain":0.0,"max_hp_loss":0.0,"gold_gain":0.0,"event_name":"MindBloom","player_choice":"Fight","floor":37.0,"gold_loss":0.0,"damage_taken":0.0},{"damage_healed":0.0,"max_hp_gain":0.0,"max_hp_loss":0.0,"gold_gain":100.0,"event_name":"Golden Shrine","player_choice":"Pray","floor":41.0,"gold_loss":0.0,"damage_taken":0.0},{"damage_healed":0.0,"max_hp_gain":0.0,"max_hp_loss":0.0,"gold_gain":0.0,"event_name":"Lab","player_choice":"Got Potions","floor":45.0,"gold_loss":0.0,"damage_taken":0.0}],"is_beta":false,"boss_relics":[{"not_picked":["White Beast Statue","Calling Bell"],"picked":"Orrery"},{"not_picked":["Fusion Hammer","Velvet Choker"],"picked":"Philosopher\u0027s Stone"}],"items_purged_floors":[19,29,48],"is_endless":false,"potions_floor_spawned":[1,2,8,16,20,22,30,37,39,44],"ascension_level":10}