{"gold_per_floor":[116,136,149,70,90,106,132,132,177,54,65,95,106,34,34,129,129,140,140,160,60,71,104,123,123,123,138,0,0,275,289,289,386,386,401,24,42,61,77,77,95,95,95,109,129,76,87,87,87,87],"floor_reached":50,"playtime":6946,"items_purged":["Strike_G","Strike_G","Strike_G"],"score":555,"play_id":"0aee41bf-ce74-4f20-a1da-4579a615761f","local_time":"20181110012226","is_ascension_mode":true,"campfire_choices":[{"data":"Noxious Fumes","floor":8.0,"key":"SMITH"},{"data":"Cloak And Dagger","floor":15.0,"key":"SMITH"},{"floor":25.0,"key":"REST"},{"floor":32.0,"key":"REST"},{"data":"Catalyst","floor":40,"key":"SMITH"},{"floor":42,"key":"REST"},{"data":"After Image","floor":49,"key":"SMITH"}],"neow_cost":"NONE","seed_source_timestamp":0,"circlet_count":0,"master_deck":["Defend_G","Defend_G","Defend_G","Defend_G","Survivor","Neutralize","Backstab","Dagger Throw","Noxious Fumes+1","Poisoned Stab","Expertise","Crippling Poison","Cloak And Dagger+1","Blade Dance","Endless Agony","Doppelganger","Footwork","Glass Knife","Night Terror+1","Heel Hook+1","Unload+1","Dodge and Roll+1","Adrenaline","Infinite Blades","Flying Knee","Well Laid Plans+1","Backflip+1","After Image+1","Prepared","Acrobatics+1","Dash","Adrenaline","Catalyst+1","Blade Dance+1","Blur","Caltrops+1","Finisher"],"special_seed":0,"relics":["Ring of the Snake","Vajra","Omamori","Pear","Astrolabe","Bag of Preparation","Potion Belt","Sozu","Gremlin Horn","Anchor","Boot"],"potions_floor_usage":[45,47,50],"damage_taken":[{"damage":0.0,"enemies":"Cultist","floor":1.0,"turns":4.0},{"damage":0.0,"enemies":"Small Slimes","floor":2.0,"turns":3.0},{"damage":0.0,"enemies":"2 Louse","floor":3.0,"turns":4.0},{"damage":2.0,"enemies":"Lots of Slimes","floor":5.0,"turns":3.0},{"damage":5.0,"enemies":"Exordium Wildlife","floor":6.0,"turns":4.0},{"damage":19.0,"enemies":"Lagavulin","floor":7.0,"turns":8.0},{"damage":0.0,"enemies":"Gremlin Gang","floor":11.0,"turns":4.0},{"damage":12.0,"enemies":"Gremlin Nob","floor":12.0,"turns":3.0},{"damage":0.0,"enemies":"2 Fungi Beasts","floor":13.0,"turns":2.0},{"damage":25.0,"enemies":"Hexaghost","floor":16.0,"turns":9.0},{"damage":5.0,"enemies":"Chosen","floor":18.0,"turns":4.0},{"damage":0.0,"enemies":"3 Byrds","floor":20.0,"turns":4.0},{"damage":44.0,"enemies":"Centurion and Healer","floor":22.0,"turns":7.0},{"damage":24.0,"enemies":"Gremlin Leader","floor":23.0,"turns":6.0},{"damage":11.0,"enemies":"Snecko","floor":24.0,"turns":5.0},{"damage":20.0,"enemies":"Snake Plant","floor":27.0,"turns":4.0},{"damage":2.0,"enemies":"3 Cultists","floor":31.0,"turns":6.0},{"damage":7.0,"enemies":"Collector","floor":33.0,"turns":10.0},{"damage":4,"enemies":"3 Shapes","floor":35,"turns":3},{"damage":0,"enemies":"Orb Walker","floor":37,"turns":4},{"damage":13,"enemies":"Spire Growth","floor":38,"turns":5},{"damage":8,"enemies":"4 Shapes","floor":39,"turns":4},{"damage":22,"enemies":"Sphere and 2 Shapes","floor":41,"turns":5},{"damage":10,"enemies":"Spire Growth","floor":44,"turns":5},{"damage":14,"enemies":"Transient","floor":45,"turns":5},{"damage":0,"enemies":"3 Darklings","floor":47,"turns":4},{"damage":70,"enemies":"Awakened One","floor":50,"turns":16}],"seed_played":"6969500208339928769","potions_obtained":[{"floor":0.0,"key":"Ancient Potion"},{"floor":0.0,"key":"SteroidPotion"},{"floor":0.0,"key":"Dexterity Potion"},{"floor":3.0,"key":"Poison Potion"},{"floor":7.0,"key":"Poison Potion"},{"floor":13.0,"key":"Explosive Potion"},{"floor":16.0,"key":"FairyPotion"},{"floor":23.0,"key":"SteroidPotion"},{"floor":24.0,"key":"Strength Potion"},{"floor":31.0,"key":"EntropicBrew"}],"is_trial":false,"path_per_floor":["M","M","M","$","M","M","E","R","T","$","M","E","M","$","R","B",null,"M","?","M","$","M","E","M","R","T","M","?","$","?","M","R","B",null,"M","$","M","M","M","R","M","R","T","M","M","?","M","?","R","B"],"character_chosen":"THE_SILENT","items_purchased":["Noxious Fumes","Cloak And Dagger","Footwork","Gremlin Horn"],"campfire_rested":3,"item_purchase_floors":[4,10,14,36],"current_hp_per_floor":[70,70,70,70,68,63,44,44,44,44,44,42,42,42,42,17,80,75,75,75,75,31,7,8,32,32,12,12,12,12,10,34,27,80,76,76,76,63,55,55,33,57,57,47,33,33,33,70,70,0],"gold":87,"neow_bonus":"THREE_SMALL_POTIONS","is_prod":false,"is_daily":false,"chose_seed":false,"campfire_upgraded":4,"win_rate":0,"timestamp":1541841746,"path_taken":["M","M","M","?","M","M","E","R","T","$","M","E","?","$","R","BOSS","M","?","?","$","M","E","M","R","T","M","?","$","?","M","R","BOSS","M","$","M","M","?","R","M","R","T","M","M","?","?","?","R","BOSS"],"build_version":"2018-11-08","purchased_purges":3,"victory":false,"max_hp_per_floor":[70,70,70,70,70,70,70,70,70,70,70,80,80,80,80,80,80,80,80,80,80,80,80,80,80,80,80,80,80,80,80,80,80,80,80,80,80,80,80,80,80,80,80,80,80,80,80,70,70,70],"card_choices":[{"not_picked":["Masterful Stab","Prepared"],"picked":"Backstab","floor":1.0},{"not_picked":["Blade Dance","Choke"],"picked":"Dagger Throw","floor":2.0},{"not_picked":["Underhanded Strike","Calculated Gamble","All Out Attack"],"picked":"SKIP","floor":3.0},{"not_picked":["Outmaneuver","Blade Dance"],"picked":"Poisoned Stab","floor":5.0},{"not_picked":["Endless Agony","Finisher"],"picked":"Expertise","floor":6.0},{"not_picked":["Blur","Acrobatics"],"picked":"Crippling Poison","floor":7.0},{"not_picked":["Underhanded Strike","Poisoned Stab"],"picked":"Blade Dance","floor":11.0},{"not_picked":["Reflex","Riddle With Holes"],"picked":"Endless Agony","floor":12.0},{"not_picked":["Dodge and Roll","Dagger Spray"],"picked":"Doppelganger","floor":13.0},{"not_picked":["Unload","Burst"],"picked":"Glass Knife","floor":16.0},{"not_picked":["Expertise","Concentrate+1"],"picked":"Dodge and Roll+1","floor":18.0},{"not_picked":["Blade Dance","Sucker Punch+1"],"picked":"Well Laid Plans+1","floor":20.0},{"not_picked":["Dagger Throw+1","Acrobatics"],"picked":"Backflip+1","floor":22.0},{"not_picked":["Slice","Quick Slash"],"picked":"After Image","floor":23.0},{"not_picked":["Deflect","Underhanded Strike"],"picked":"Prepared","floor":24.0},{"not_picked":["Deflect+1","Flying Knee+1"],"picked":"Acrobatics+1","floor":27.0},{"not_picked":["Dagger Spray","Outmaneuver"],"picked":"Dash","floor":31.0},{"not_picked":["Doppelganger","After Image"],"picked":"Adrenaline","floor":33.0},{"not_picked":["Underhanded Strike","Concentrate+1"],"picked":"Catalyst","floor":35},{"not_picked":["Outmaneuver+1","Dodge and Roll+1"],"picked":"Blade Dance+1","floor":37},{"not_picked":["Deadly Poison","All Out Attack+1","Blade Dance+1"],"picked":"SKIP","floor":38},{"not_picked":["Crippling Poison","Prepared"],"picked":"Blur","floor":39},{"not_picked":["Flying Knee+1","Blur","Outmaneuver+1"],"picked":"SKIP","floor":41},{"not_picked":["Choke","Dagger Throw+1"],"picked":"Caltrops+1","floor":44},{"not_picked":["Endless Agony+1","Setup"],"picked":"Finisher","floor":45},{"not_picked":["Underhanded Strike+1","Backflip+1","PiercingWail"],"picked":"SKIP","floor":47}],"player_experience":246682,"relics_obtained":[{"floor":7.0,"key":"Vajra"},{"floor":9.0,"key":"Omamori"},{"floor":12.0,"key":"Pear"},{"floor":23.0,"key":"Bag of Preparation"},{"floor":26.0,"key":"Potion Belt"},{"floor":43,"key":"Anchor"}],"event_choices":[{"damage_healed":0.0,"max_hp_gain":0.0,"max_hp_loss":0.0,"gold_gain":0.0,"event_name":"Match and Keep!","player_choice":"3 cards matched","floor":19.0,"gold_loss":0.0,"damage_taken":0.0,"cards_obtained":["Adrenaline","Infinite Blades","Flying Knee"]},{"damage_healed":0.0,"max_hp_gain":0.0,"max_hp_loss":0.0,"gold_gain":0.0,"event_name":"Masked Bandits","player_choice":"Paid Fearfully","floor":28.0,"gold_loss":138.0,"damage_taken":0.0},{"damage_healed":0.0,"max_hp_gain":0.0,"max_hp_loss":0.0,"gold_gain":275.0,"event_name":"Golden Shrine","player_choice":"Desecrate","floor":30.0,"gold_loss":0.0,"damage_taken":0.0,"cards_obtained":["Regret"]},{"damage_healed":0,"gold_gain":0,"player_choice":"Paid Gold","damage_taken":0,"relics_obtained":["Boot"],"max_hp_gain":0,"max_hp_loss":0,"event_name":"WeMeetAgain","floor":46,"gold_loss":53},{"damage_healed":70,"gold_gain":0,"player_choice":"Heal","damage_taken":0,"max_hp_gain":0,"max_hp_loss":10,"event_name":"The Moai Head","floor":48,"gold_loss":0}],"is_beta":false,"boss_relics":[{"not_picked":["Tiny House","HoveringKite"],"picked":"Astrolabe"},{"not_picked":["Fusion Hammer","Coffee Dripper"],"picked":"Sozu"}],"items_purged_floors":[10,21,36],"is_endless":false,"potions_floor_spawned":[3,7,11,13,16,23,24,31,39,41,44,47],"killed_by":"Awakened One","ascension_level":2}