{"gold_per_floor":[111,127,144,163,177,177,177,196,196,196,231,243,255,278,290,398,410,435,447,478,510,135,135,135,169,169,0,12,12,22,22,22,127,127,142,153,153,28,46,46,59,159,159,159,179,199,199,199,199,199,199,199,49,80,80],"floor_reached":55,"playtime":6954,"items_purged":["Defend_B","Defend_B","Defend_B","Defend_B"],"score":641,"play_id":"d757c5e1-e34a-4744-b092-76a8e15b1fe6","local_time":"20190701221556","is_ascension_mode":false,"campfire_choices":[{"data":"Double Energy","floor":6,"key":"SMITH"},{"floor":12,"key":"REST"},{"floor":15,"key":"REST"},{"floor":23,"key":"REST"},{"floor":29,"key":"REST"},{"floor":32,"key":"REST"},{"floor":40,"key":"REST"},{"floor":44,"key":"REST"},{"floor":47,"key":"REST"},{"floor":49,"key":"RECALL"},{"data":"Chill","floor":52,"key":"SMITH"}],"neow_cost":"NONE","seed_source_timestamp":0,"circlet_count":0,"master_deck":["Zap","Dualcast","Double Energy+1","Cold Snap","Fission","Blizzard","Undo","Sweeping Beam","Gash+1","Machine Learning+1","Cold Snap","FTL","White Noise","Capacitor+1","Apotheosis","Cold Snap","Sweeping Beam+1","Blind","Zap","Defragment+1","Defragment+1","Gash","Coolheaded","Chill+1","BootSequence","BootSequence+1"],"special_seed":0,"relics":["Sozu","Frozen Egg 2","MawBank","Empty Cage","WingedGreaves","Black Star","Orichalcum","Bottled Lightning","Whetstone"],"potions_floor_usage":[],"damage_taken":[{"damage":2.0,"enemies":"Small Slimes","floor":1.0,"turns":4.0},{"damage":2,"enemies":"2 Louse","floor":2,"turns":2},{"damage":2,"enemies":"Cultist","floor":3,"turns":4},{"damage":7,"enemies":"Exordium Thugs","floor":4,"turns":7},{"damage":11,"enemies":"3 Louse","floor":5,"turns":4},{"damage":0,"enemies":"Exordium Wildlife","floor":8,"turns":3},{"damage":25,"enemies":"Lagavulin","floor":11,"turns":8},{"damage":7,"enemies":"Red Slaver","floor":14,"turns":6},{"damage":46,"enemies":"The Guardian","floor":16,"turns":16},{"damage":2,"enemies":"Spheric Guardian","floor":18,"turns":7},{"damage":20,"enemies":"3 Byrds","floor":20,"turns":7},{"damage":18,"enemies":"Centurion and Healer","floor":21,"turns":7},{"damage":26,"enemies":"Slavers","floor":25,"turns":5},{"damage":7,"enemies":"Cultist and Chosen","floor":28,"turns":6},{"damage":20,"enemies":"Shelled Parasite and Fungi","floor":30,"turns":5},{"damage":6,"enemies":"Automaton","floor":33,"turns":10},{"damage":19,"enemies":"3 Darklings","floor":35,"turns":6},{"damage":10,"enemies":"3 Shapes","floor":36,"turns":7},{"damage":40,"enemies":"Jaw Worm Horde","floor":39,"turns":6},{"damage":9,"enemies":"3 Darklings","floor":41,"turns":6},{"damage":26,"enemies":"Transient","floor":45,"turns":5},{"damage":12,"enemies":"4 Shapes","floor":46,"turns":8},{"damage":27,"enemies":"Awakened One","floor":50,"turns":12},{"damage":65,"enemies":"Shield and Spear","floor":54,"turns":7},{"damage":5,"enemies":"The Heart","floor":55,"turns":2}],"seed_played":"3457214844750053181","potions_obtained":[],"is_trial":false,"path_per_floor":["M","M","M","M","M","R","?","M","T","?","E","R","?","M","R","B",null,"M","?","M","M","$","R","?","E","T","$","M","R","M","$","R","B",null,"M","M","?","$","M","R","M","?","T","R","M","M","R","?","R","B",null,"R","$","E","B"],"character_chosen":"DEFECT","items_purchased":["Capacitor+1","Apotheosis","Cold Snap","Sweeping Beam","Defragment+1"],"campfire_rested":8,"item_purchase_floors":[22,22,22,22,27],"current_hp_per_floor":[73,71,69,62,51,51,51,51,51,44,19,41,41,34,56,10,75,73,59,39,21,21,45,45,19,19,19,12,36,16,16,40,34,80,61,51,51,51,11,35,26,26,26,50,24,12,36,70,70,43,70,70,70,5,0],"gold":80,"neow_bonus":"BOSS_RELIC","is_prod":false,"is_daily":false,"chose_seed":false,"campfire_upgraded":2,"win_rate":0,"timestamp":1561986956,"path_taken":["M","M","M","M","M","R","?","M","T","?","E","R","?","M","R","BOSS","M","?","M","M","$","R","?","E","T","$","?","R","M","?","R","BOSS","M","M","?","$","M","R","M","?","T","R","M","?","R","?","R","BOSS","R","$","E","BOSS"],"build_version":"2019-01-23","purchased_purges":4,"victory":false,"max_hp_per_floor":[75,75,75,75,75,75,75,75,75,75,75,75,75,75,75,75,75,75,80,80,80,80,80,80,80,80,80,80,80,80,80,80,80,80,80,80,80,80,80,80,80,80,80,80,80,80,80,70,70,70,70,70,70,70,70],"card_choices":[{"not_picked":["Auto Shields","Conserve Battery"],"picked":"Double Energy","floor":1.0},{"not_picked":["Beam Cell","Ball Lightning"],"picked":"Cold Snap","floor":2},{"not_picked":["Redo","Ball Lightning","Streamline"],"picked":"SKIP","floor":3},{"not_picked":["Sunder","Cold Snap"],"picked":"Fission","floor":4},{"not_picked":["Beam Cell","Doom and Gloom"],"picked":"Blizzard","floor":5},{"not_picked":["Barrage","Go for the Eyes"],"picked":"Sweeping Beam","floor":8},{"not_picked":["Streamline","Hologram"],"picked":"Gash","floor":11},{"not_picked":["Steam","Barrage"],"picked":"Gash","floor":14},{"not_picked":["Thunder Strike","Amplify"],"picked":"Machine Learning+1","floor":16},{"not_picked":["Rebound","Steam+1"],"picked":"Cold Snap","floor":18},{"not_picked":["Hologram","Rebound+1"],"picked":"FTL","floor":20},{"not_picked":["Blizzard","Rebound+1"],"picked":"White Noise","floor":21},{"not_picked":["Redo","Rip and Tear"],"picked":"Defragment+1","floor":25},{"not_picked":["Conserve Battery","Melter"],"picked":"Gash","floor":28},{"not_picked":["Hello World+1","Rip and Tear+1","Echo Form+1"],"picked":"SKIP","floor":30},{"not_picked":["Stack+1","Leap"],"picked":"Coolheaded","floor":35},{"not_picked":["Beam Cell","Gash","Turbo+1"],"picked":"SKIP","floor":36},{"not_picked":["Loop+1","Consume","Static Discharge+1"],"picked":"SKIP","floor":39},{"not_picked":["Rebound+1","Compile Driver+1"],"picked":"Chill","floor":41},{"not_picked":["Stack","Redo"],"picked":"BootSequence","floor":45},{"not_picked":["Gash+1","Rip and Tear+1"],"picked":"BootSequence+1","floor":46},{"not_picked":["Blizzard+1","Tempest","Ball Lightning"],"picked":"SKIP","floor":54}],"player_experience":116500,"relics_obtained":[{"floor":9,"key":"Frozen Egg 2"},{"floor":11,"key":"MawBank"},{"floor":25,"key":"WingedGreaves"},{"floor":43,"key":"Orichalcum"},{"floor":54,"key":"Bottled Lightning"},{"floor":54,"key":"Whetstone"}],"event_choices":[{"damage_healed":0,"gold_gain":0,"cards_transformed":["Strike_B"],"player_choice":"Change","damage_taken":0,"max_hp_gain":0,"max_hp_loss":0,"event_name":"Living Wall","floor":7,"gold_loss":0,"cards_obtained":["Undo"]},{"cards_removed":["Strike_B"],"damage_healed":0,"gold_gain":0,"player_choice":"Card Removal","damage_taken":7,"max_hp_gain":0,"max_hp_loss":0,"event_name":"Golden Wing","floor":10,"gold_loss":0},{"damage_healed":0,"gold_gain":0,"player_choice":"Ignored","damage_taken":0,"max_hp_gain":0,"max_hp_loss":0,"event_name":"Shining Light","floor":13,"gold_loss":0},{"damage_healed":0,"gold_gain":0,"player_choice":"Shed Blood","damage_taken":19,"max_hp_gain":5,"max_hp_loss":0,"event_name":"Forgotten Altar","floor":19,"gold_loss":0},{"damage_healed":0,"gold_gain":0,"player_choice":"2 cards matched","damage_taken":0,"max_hp_gain":0,"max_hp_loss":0,"event_name":"Match and Keep!","floor":24,"gold_loss":0,"cards_obtained":["Blind","Zap"]},{"cards_removed":["Gash"],"damage_healed":0,"gold_gain":0,"player_choice":"Removed Attack","damage_taken":0,"max_hp_gain":0,"max_hp_loss":0,"event_name":"Falling","floor":37,"gold_loss":0},{"damage_healed":0,"gold_gain":100,"player_choice":"Pray","damage_taken":0,"max_hp_gain":0,"max_hp_loss":0,"event_name":"Golden Shrine","floor":42,"gold_loss":0},{"damage_healed":70,"gold_gain":0,"player_choice":"Heal","damage_taken":0,"max_hp_gain":0,"max_hp_loss":10,"event_name":"The Moai Head","floor":48,"gold_loss":0}],"is_beta":false,"boss_relics":[{"not_picked":["Lizard Tail","Busted Crown"],"picked":"Empty Cage"},{"not_picked":["White Beast Statue","Orrery"],"picked":"Black Star"}],"items_purged_floors":[22,27,38,53],"is_endless":false,"potions_floor_spawned":[1,2,5,11,16,21,30,33,35,41,45,46],"killed_by":"The Heart","ascension_level":0}