{"path_per_floor":["M","?","M","?","M","E","R","?","T","R","M","M","R","E","R","B",null,"M","?","$","?","?","R","E","M","T","M","R","E","M","M","R","B",null,"M","?","M","M","$","E","M","R","T","M","M","M","E","M","R","B"],"character_chosen":"DEFECT","items_purchased":["Torii","Kunai","Coolheaded"],"gold_per_floor":[113,113,129,129,154,198,198,198,221,221,236,259,259,299,299,423,423,436,486,101,101,16,16,55,68,150,174,174,207,221,237,237,368,368,383,383,403,421,64,98,114,114,168,188,202,223,263,276,276,276],"floor_reached":51,"campfire_rested":5,"playtime":4126,"current_hp_per_floor":[75,57,57,39,39,22,44,44,44,44,44,35,57,54,54,36,75,75,75,75,75,75,75,74,74,74,73,73,46,33,33,55,44,75,74,74,74,59,59,48,48,70,70,69,62,53,23,7,29,21],"items_purged":["Strike_B","Defend_B"],"gold":276,"score":797,"play_id":"05e3ee83-1d9b-4e85-a5db-22f2c426ff11","local_time":"20180505071138","is_prod":false,"is_daily":false,"chose_seed":false,"is_ascension_mode":true,"campfire_upgraded":4,"timestamp":1525471898,"path_taken":["M","?","M","?","?","E","R","?","T","R","M","M","R","E","R","BOSS","M","?","$","?","?","R","E","M","T","M","R","E","?","M","R","BOSS","M","?","M","M","$","E","M","R","T","?","M","M","E","?","R","BOSS"],"build_version":"2018-05-03","seed_source_timestamp":191889752627234,"purchased_purges":2,"victory":true,"master_deck":["Strike_B","Strike_B","Strike_B","Defend_B","Defend_B","Defend_B","Zap","Dualcast","Glacier+1","Barrage","Tempest","Chill","Dramatic Entrance","Chaos+1","FTL","Impulse","Ball Lightning","Rainbow+1","Double Energy+1","Capacitor+1","Defragment+1","Conserve Battery","Heatsinks","FTL","Sweeping Beam+1","Rebound+1","Echo Form","Conserve Battery+1","BootSequence","Double Energy","Coolheaded","Undo","Glacier","Defragment","Doom and Gloom+1","Go for the Eyes+1","Consume+1","Beam Cell"],"max_hp_per_floor":[75,75,75,75,75,75,75,75,75,75,75,75,75,75,75,75,75,75,75,75,75,75,75,75,75,75,75,75,75,75,75,75,75,75,75,75,75,75,75,75,75,75,75,75,75,75,75,75,75,75],"relics":["Cracked Core","NeowsBlessing","Ancient Tea Set","Golden Idol","Gambling Chip","Bronze Scales","Bottled Lightning","Snecko Eye","Torii","Unceasing Top","Happy Flower","Bottled Tornado","Smiling Mask","Sozu","Kunai","Anchor","Prayer Wheel","Bag of Preparation"],"card_choices":[{"not_picked":["Tempest","Undo"],"picked":"Glacier","floor":1},{"not_picked":["Reprogram","Impulse"],"picked":"Barrage","floor":3},{"not_picked":["Rebound","Conserve Battery"],"picked":"Tempest","floor":5},{"not_picked":["Hologram","Ball Lightning"],"picked":"Chill","floor":6},{"not_picked":["Leap","Stack"],"picked":"FTL","floor":11},{"not_picked":["Go for the Eyes","Streamline"],"picked":"Impulse","floor":12},{"not_picked":["Impulse","Skim"],"picked":"Ball Lightning","floor":14},{"not_picked":["Creative AI","Machine Learning"],"picked":"Rainbow","floor":16},{"not_picked":["White Noise","Impulse"],"picked":"Double Energy","floor":18},{"not_picked":["Beam Cell","Barrage"],"picked":"Defragment","floor":24},{"not_picked":["Capacitor","Beam Cell"],"picked":"Conserve Battery","floor":25},{"not_picked":["Skim","Doom and Gloom"],"picked":"Heatsinks","floor":27},{"not_picked":["Ball Lightning","Force Field"],"picked":"FTL","floor":29},{"not_picked":["Axe Kick","Barrage"],"picked":"Sweeping Beam","floor":30},{"not_picked":["Scrape","Barrage"],"picked":"Rebound","floor":31},{"not_picked":["Biased Cognition","Machine Learning"],"picked":"Echo Form","floor":33},{"not_picked":["Sweeping Beam","Ball Lightning"],"picked":"Conserve Battery","floor":35},{"not_picked":["Coolheaded","Barrage"],"picked":"BootSequence","floor":37},{"not_picked":["Leap","Force Field"],"picked":"Double Energy","floor":38},{"not_picked":["Cold Snap","Capacitor"],"picked":"Undo","floor":40},{"not_picked":["FTL","Beam Cell"],"picked":"Glacier","floor":41},{"not_picked":["Cold Snap","Go for the Eyes"],"picked":"Defragment","floor":44},{"not_picked":["Capacitor","Defragment"],"picked":"Doom and Gloom","floor":45},{"not_picked":["Streamline","Rebound"],"picked":"Go for the Eyes","floor":46},{"not_picked":["Skim","Barrage"],"picked":"Consume","floor":47},{"not_picked":["Heatsinks","Amplify"],"picked":"Beam Cell","floor":48}],"player_experience":511748,"potions_floor_usage":[14,16,30,33,33,50],"damage_taken":[{"damage":0,"enemies":"2 Louse","floor":1,"turns":1},{"damage":0,"enemies":"Jaw Worm","floor":3,"turns":1},{"damage":0,"enemies":"Cultist","floor":5,"turns":1},{"damage":17,"enemies":"Gremlin Nob","floor":6,"turns":4},{"damage":0,"enemies":"Blue Slaver","floor":11,"turns":2},{"damage":9,"enemies":"Lots of Slimes","floor":12,"turns":2},{"damage":3,"enemies":"Lagavulin","floor":14,"turns":5},{"damage":18,"enemies":"Hexaghost","floor":16,"turns":7},{"damage":0,"enemies":"Chosen","floor":18,"turns":3},{"damage":1,"enemies":"Book of Stabbing","floor":24,"turns":5},{"damage":0,"enemies":"3 Byrds","floor":25,"turns":2},{"damage":1,"enemies":"Snecko","floor":27,"turns":3},{"damage":27,"enemies":"Gremlin Leader","floor":29,"turns":9},{"damage":13,"enemies":"Snake Plant","floor":30,"turns":3},{"damage":0,"enemies":"Centurion and Healer","floor":31,"turns":4},{"damage":11,"enemies":"Automaton","floor":33,"turns":11},{"damage":1,"enemies":"3 Darklings","floor":35,"turns":5},{"damage":0,"enemies":"3 Shapes","floor":37,"turns":4},{"damage":15,"enemies":"Flame Bruiser 2 Orb","floor":38,"turns":9},{"damage":11,"enemies":"2 Orb Walkers","floor":40,"turns":6},{"damage":0,"enemies":"4 Shapes","floor":41,"turns":4},{"damage":1,"enemies":"3 Darklings","floor":44,"turns":4},{"damage":7,"enemies":"Sphere and 2 Shapes","floor":45,"turns":4},{"damage":9,"enemies":"Maw","floor":46,"turns":6},{"damage":30,"enemies":"Nemesis","floor":47,"turns":7},{"damage":16,"enemies":"4 Shapes","floor":48,"turns":7},{"damage":8,"enemies":"Awakened One","floor":50,"turns":13}],"event_choices":[{"event_name":"Scrap Ooze","player_choice":"success","floor":2,"damage_taken":18},{"event_name":"Golden Idol","player_choice":"Take Damage","floor":4,"damage_taken":0},{"event_name":"Match and Keep!","player_choice":"2 cards matched","floor":8,"damage_taken":0},{"event_name":"The Joust","player_choice":"Bet on Murderer","floor":19,"damage_taken":0},{"event_name":"The Library","player_choice":"Read","floor":21,"damage_taken":0},{"event_name":"Addict","player_choice":"Obtained Relic","floor":22,"damage_taken":0},{"event_name":"Upgrade Shrine","player_choice":"Upgraded","floor":36,"damage_taken":0}],"boss_relics":[{"not_picked":["Philosopher\u0027s Stone","Runic Dome"],"picked":"Snecko Eye"},{"not_picked":["Runic Pyramid","Velvet Choker"],"picked":"Sozu"}],"potions_floor_spawned":[1,3,5,18,29,31,37,40,45],"seed_played":"-502668191035201850","ascension_level":1,"is_trial":false}