{"gold_per_floor":[117,117,133,21,21,55,74,91,91,91,123,133,133,160,160,260,260,274,174,193,34,34,69,69,89,89,99,99,117,117,192,192,192],"floor_reached":33,"playtime":2360,"items_purged":["Strike_B","Strike_B","Defend_B"],"score":385,"play_id":"580db84d-fb16-441a-9e1c-e9818a9b6756","local_time":"20190723133606","is_ascension_mode":true,"campfire_choices":[{"data":"Zap","floor":10.0,"key":"SMITH"},{"data":"Dualcast","floor":13.0,"key":"SMITH"},{"data":"Glacier","floor":15.0,"key":"SMITH"},{"floor":24,"key":"REST"},{"data":"Defragment","floor":28,"key":"SMITH"},{"floor":32,"key":"REST"}],"neow_cost":"NONE","seed_source_timestamp":345516799786700,"circlet_count":0,"master_deck":["Strike_B+1","Strike_B+1","Defend_B+1","Defend_B+1","Defend_B+1","Zap+1","Dualcast+1","Glacier","Leap","Genetic Algorithm","Sweeping Beam","Cold Snap","Self Repair","Rebound","Glacier+1","All For One","Rebound","Redo+1","Defragment+1","RitualDagger","Skim","Blizzard","Leap+1"],"special_seed":0,"relics":["FrozenCore","NeowsBlessing","Bag of Marbles","Pen Nib","Gremlin Horn","Blood Vial","Pantograph","The Courier"],"potions_floor_usage":[18,18],"damage_taken":[{"damage":0.0,"enemies":"Small Slimes","floor":1.0,"turns":1.0},{"damage":0.0,"enemies":"2 Louse","floor":3.0,"turns":1.0},{"damage":0.0,"enemies":"Gremlin Nob","floor":6.0,"turns":1.0},{"damage":0.0,"enemies":"Cultist","floor":7.0,"turns":4.0},{"damage":11.0,"enemies":"Looter","floor":8.0,"turns":2.0},{"damage":0.0,"enemies":"3 Sentries","floor":11.0,"turns":5.0},{"damage":0.0,"enemies":"Large Slime","floor":12.0,"turns":4.0},{"damage":24.0,"enemies":"Gremlin Nob","floor":14.0,"turns":4.0},{"damage":18.0,"enemies":"The Guardian","floor":16.0,"turns":16.0},{"damage":0,"enemies":"3 Byrds","floor":18,"turns":9},{"damage":9,"enemies":"Chosen","floor":20,"turns":6},{"damage":51,"enemies":"Slavers","floor":23,"turns":12},{"damage":19,"enemies":"3 Cultists","floor":25,"turns":7},{"damage":0,"enemies":"Snecko","floor":27,"turns":5},{"damage":13,"enemies":"Snake Plant","floor":29,"turns":6},{"damage":102,"enemies":"Champ","floor":33,"turns":22}],"seed_played":"6745184774294324432","potions_obtained":[{"floor":3.0,"key":"Swift Potion"},{"floor":5.0,"key":"Fire Potion"},{"floor":5.0,"key":"Fruit Juice"},{"floor":5.0,"key":"Fire Potion"},{"floor":6.0,"key":"Fruit Juice"},{"floor":11.0,"key":"GamblersBrew"},{"floor":16.0,"key":"Weak Potion"},{"floor":27,"key":"Swift Potion"}],"is_trial":false,"path_per_floor":["M","?","M","$","?","E","M","M","T","R","E","M","R","E","R","B",null,"M","$","M","$","?","E","R","M","T","M","R","M","?","?","R","B"],"character_chosen":"DEFECT","items_purchased":["Genetic Algorithm","Defragment"],"campfire_rested":2,"item_purchase_floors":[4,21],"current_hp_per_floor":[75,60,60,60,65,70,70,59,59,59,59,66,66,42,42,33,85,85,85,76,76,70,28,53,43,43,52,52,48,48,40,65,0],"gold":192,"neow_bonus":"THREE_ENEMY_KILL","is_prod":false,"is_daily":false,"chose_seed":false,"campfire_upgraded":4,"win_rate":0,"timestamp":1563856566,"path_taken":["M","?","M","$","?","E","M","?","T","R","E","M","R","E","R","BOSS","M","$","M","$","?","E","R","M","T","M","R","M","?","?","R","BOSS"],"build_version":"2019-07-17","purchased_purges":3,"victory":false,"max_hp_per_floor":[75,75,75,75,80,85,85,85,85,85,85,85,85,85,85,85,85,85,85,85,85,85,85,85,85,85,85,85,85,85,85,85,85],"card_choices":[{"not_picked":["Streamline","Steam Power"],"picked":"Glacier","floor":1.0},{"not_picked":["Undo","Redo"],"picked":"Leap","floor":3.0},{"not_picked":["Turbo","Stack"],"picked":"Sweeping Beam","floor":6.0},{"not_picked":["Heatsinks","Coolheaded"],"picked":"Cold Snap","floor":7.0},{"not_picked":["Conserve Battery","Turbo"],"picked":"Self Repair","floor":8.0},{"not_picked":["Doom and Gloom","Fusion"],"picked":"Rebound","floor":11.0},{"not_picked":["Go for the Eyes","Hologram"],"picked":"Glacier","floor":12.0},{"not_picked":["Steam","Turbo","Rainbow"],"picked":"SKIP","floor":14.0},{"not_picked":["Creative AI","Hyperbeam"],"picked":"All For One","floor":16.0},{"not_picked":["Scrape","Auto Shields"],"picked":"Rebound","floor":18},{"not_picked":["Ball Lightning","Blizzard"],"picked":"Redo+1","floor":20},{"not_picked":["Stack","Redo","Coolheaded"],"picked":"SKIP","floor":23},{"not_picked":["Cold Snap","Turbo+1"],"picked":"Skim","floor":25},{"not_picked":["Melter","Gash"],"picked":"Blizzard","floor":27},{"not_picked":["Biased Cognition","Storm+1"],"picked":"Leap+1","floor":29}],"player_experience":422850,"relics_obtained":[{"floor":6.0,"key":"Bag of Marbles"},{"floor":9.0,"key":"Pen Nib"},{"floor":11.0,"key":"Gremlin Horn"},{"floor":14.0,"key":"Blood Vial"},{"floor":23,"key":"Pantograph"},{"floor":26,"key":"The Courier"}],"event_choices":[{"damage_healed":0.0,"max_hp_gain":0.0,"max_hp_loss":0.0,"gold_gain":0.0,"event_name":"Shining Light","player_choice":"Entered Light","floor":2.0,"gold_loss":0.0,"damage_taken":15.0,"cards_upgraded":["Strike_B","Defend_B"]},{"damage_healed":0.0,"max_hp_gain":0.0,"max_hp_loss":0.0,"gold_gain":0.0,"event_name":"Lab","player_choice":"Got Potions","floor":5.0,"gold_loss":0.0,"damage_taken":0.0},{"damage_healed":0,"gold_gain":0,"player_choice":"Joined the Cult","damage_taken":6,"max_hp_gain":0,"max_hp_loss":0,"event_name":"Nest","floor":22,"gold_loss":0,"cards_obtained":["RitualDagger"]},{"damage_healed":0,"gold_gain":0,"player_choice":"Simplicity","damage_taken":0,"max_hp_gain":0,"max_hp_loss":0,"event_name":"Back to Basics","floor":30,"gold_loss":0,"cards_upgraded":["Strike_B","Defend_B","Defend_B"]},{"damage_healed":0,"gold_gain":75,"player_choice":"Touch","damage_taken":8,"max_hp_gain":0,"max_hp_loss":0,"event_name":"FaceTrader","floor":31,"gold_loss":0}],"is_beta":false,"boss_relics":[{"not_picked":["Black Star","Lizard Tail"],"picked":"FrozenCore"}],"items_purged_floors":[4,19,21],"is_endless":false,"potions_floor_spawned":[3,6,11,16,27],"killed_by":"Champ","ascension_level":3}