{"gold_per_floor":[109,127,144,219,235,235,265,265,265,265,276,289,316,316,316,393,393,404,424,424,424,94,94,120,45,68,80,92,104,0,31,43,55],"floor_reached":33,"playtime":1516,"items_purged":["FTL"],"score":551,"play_id":"935fc24c-5328-4b75-9e77-829817ecdcec","local_time":"20190825031804","is_ascension_mode":true,"campfire_choices":[{"data":"Sunder","floor":6,"key":"SMITH"},{"data":"Zap","floor":10,"key":"SMITH"},{"floor":15,"key":"REST"},{"floor":23,"key":"REST"},{"floor":29,"key":"REST"},{"data":"Reinforced Body","floor":32,"key":"SMITH"}],"neow_cost":"NONE","seed_source_timestamp":333218917765900,"circlet_count":0,"master_deck":["AscendersBane","Zap+1","Dualcast","Deep Breath","Sunder+1","Streamline","Reinforced Body","Reinforced Body","Core Surge","Seek","Sweeping Beam","Reboot","Reinforced Body+1","Biased Cognition","Ball Lightning+1","Bite","Bite","Bite","Bite","Necronomicurse","Defragment","Streamline","Conserve Battery+1","Amplify+1","Good Instincts+1","Streamline"],"relics":["Cracked Core","Kunai","Bottled Flame","Smiling Mask","Pandora\u0027s Box","Necronomicon","PreservedInsect","Toxic Egg 2","MawBank"],"potions_floor_usage":[12,16,16,19,24,24],"damage_taken":[{"damage":2,"enemies":"2 Louse","floor":1,"turns":3},{"damage":2,"enemies":"Jaw Worm","floor":2,"turns":3},{"damage":1,"enemies":"Cultist","floor":3,"turns":3},{"damage":7,"enemies":"Exordium Thugs","floor":5,"turns":3},{"damage":15,"enemies":"Gremlin Nob","floor":7,"turns":4},{"damage":8,"enemies":"Blue Slaver","floor":11,"turns":3},{"damage":0,"enemies":"Large Slime","floor":12,"turns":4},{"damage":34,"enemies":"The Guardian","floor":16,"turns":9},{"damage":4,"enemies":"3 Byrds","floor":18,"turns":5},{"damage":23,"enemies":"2 Thieves","floor":19,"turns":3},{"damage":7,"enemies":"Book of Stabbing","floor":24,"turns":3},{"damage":0,"enemies":"Centurion and Healer","floor":31,"turns":6},{"damage":66,"enemies":"Champ","floor":33,"turns":11}],"seed_played":"-4788806113093162580","potions_obtained":[{"floor":2,"key":"SteroidPotion"},{"floor":11,"key":"FocusPotion"},{"floor":12,"key":"Poison Potion"},{"floor":16,"key":"FocusPotion"},{"floor":18,"key":"Explosive Potion"},{"floor":19,"key":"Energy Potion"}],"is_trial":false,"path_per_floor":["M","M","M","?","M","R","E","?","T","R","M","M","T","?","R","B",null,"M","M","?","?","$","R","E","?","T","?","?","R","?","M","R","B"],"character_chosen":"DEFECT","items_purchased":["PreservedInsect","Defragment","Streamline"],"campfire_rested":3,"item_purchase_floors":[22,22,22],"current_hp_per_floor":[62,60,59,48,41,41,26,26,26,26,18,18,18,18,39,5,55,51,28,28,7,7,21,16,16,16,16,16,30,30,38,38,0],"gold":55,"neow_bonus":"RANDOM_COLORLESS","is_prod":false,"is_daily":false,"chose_seed":false,"campfire_upgraded":3,"win_rate":0,"timestamp":1566670684,"path_taken":["M","M","M","?","M","R","E","?","T","R","M","?","?","?","R","BOSS","M","M","?","?","$","R","E","?","T","?","?","R","?","M","R","BOSS"],"build_version":"2019-07-17","purchased_purges":1,"victory":false,"max_hp_per_floor":[71,71,71,71,71,71,71,71,71,71,71,71,71,71,71,71,71,71,71,49,49,49,49,49,49,49,49,49,49,49,49,49,49],"card_choices":[{"not_picked":["Static Discharge","Stack"],"picked":"Sunder","floor":1},{"not_picked":["Scrape","Chaos","Recycle"],"picked":"SKIP","floor":2},{"not_picked":["Cold Snap","Aggregate"],"picked":"Streamline","floor":3},{"not_picked":["Consume","FTL"],"picked":"Reinforced Body","floor":5},{"not_picked":["Coolheaded","Ball Lightning"],"picked":"Reinforced Body","floor":7},{"not_picked":["Beam Cell","Gash","Sweeping Beam"],"picked":"SKIP","floor":11},{"not_picked":["Leap","Stack"],"picked":"Core Surge","floor":12},{"not_picked":["Meteor Strike","Biased Cognition"],"picked":"Seek","floor":16},{"not_picked":["Steam Power","Steam","Redo"],"picked":"SKIP","floor":18},{"not_picked":["Chaos","Steam Power"],"picked":"Ball Lightning+1","floor":19},{"not_picked":["Heatsinks","Streamline"],"picked":"Conserve Battery","floor":24},{"not_picked":["Redo+1","Gash"],"picked":"Streamline","floor":31}],"player_experience":815713,"relics_obtained":[{"floor":7,"key":"Kunai"},{"floor":9,"key":"Bottled Flame"},{"floor":13,"key":"Smiling Mask"},{"floor":21,"key":"Necronomicon"},{"floor":24,"key":"Toxic Egg 2"},{"floor":26,"key":"MawBank"}],"event_choices":[{"damage_healed":0,"gold_gain":75,"player_choice":"Gather Gold","damage_taken":11,"max_hp_gain":0,"max_hp_loss":0,"event_name":"World of Goop","floor":4,"gold_loss":0},{"damage_healed":0,"gold_gain":0,"cards_transformed":["Strike_B"],"player_choice":"Transformed","damage_taken":0,"max_hp_gain":0,"max_hp_loss":0,"event_name":"Transmorgrifier","floor":8,"gold_loss":0,"cards_obtained":["Beam Cell"]},{"damage_healed":0,"gold_gain":0,"player_choice":"Searched \u00270\u0027 times","damage_taken":0,"max_hp_gain":0,"max_hp_loss":0,"event_name":"Dead Adventurer","floor":14,"gold_loss":0},{"damage_healed":0,"gold_gain":0,"player_choice":"Became a vampire","damage_taken":0,"max_hp_gain":0,"max_hp_loss":22,"event_name":"Vampires","floor":20,"gold_loss":0,"cards_obtained":["Bite","Bite","Bite","Bite","Bite"]},{"damage_healed":0,"gold_gain":0,"player_choice":"Obtained Book","damage_taken":21,"max_hp_gain":0,"max_hp_loss":0,"event_name":"Cursed Tome","floor":21,"gold_loss":0},{"cards_removed":["Beam Cell"],"damage_healed":0,"gold_gain":0,"player_choice":"Gave Gold","damage_taken":0,"max_hp_gain":0,"max_hp_loss":0,"event_name":"Beggar","floor":25,"gold_loss":75},{"cards_removed":["Cold Snap"],"damage_healed":0,"gold_gain":0,"player_choice":"Elegance","damage_taken":0,"max_hp_gain":0,"max_hp_loss":0,"event_name":"Back to Basics","floor":27,"gold_loss":0},{"damage_healed":0,"gold_gain":0,"cards_transformed":["Genetic Algorithm","Bite"],"player_choice":"Became Test Subject","damage_taken":0,"max_hp_gain":0,"max_hp_loss":0,"event_name":"Drug Dealer","floor":28,"gold_loss":0,"cards_obtained":["Amplify","Good Instincts"]},{"damage_healed":0,"gold_gain":0,"player_choice":"Paid Fearfully","damage_taken":0,"max_hp_gain":0,"max_hp_loss":0,"event_name":"Masked Bandits","floor":30,"gold_loss":116}],"is_beta":false,"boss_relics":[{"not_picked":["Busted Crown","Orrery"],"picked":"Pandora\u0027s Box"}],"items_purged_floors":[22],"is_endless":false,"potions_floor_spawned":[2,11,12,16,18,19],"killed_by":"Champ","ascension_level":20}