{"gold_per_floor":[113,126,39,39,39,68,82,82,82,82,107,107,32,47,47,143,143,157,157,82,103,103],"floor_reached":22,"playtime":658,"items_purged":["Regret"],"score":434,"play_id":"d1d8ddbc-dc57-4c69-a9d7-3ed6a1a15998","local_time":"20190807200543","is_ascension_mode":true,"campfire_choices":[{"data":"Well Laid Plans","floor":8,"key":"SMITH"},{"data":"Neutralize","floor":10,"key":"SMITH"},{"data":"Choke","floor":15,"key":"SMITH"}],"neow_cost":"NONE","seed_source_timestamp":413077047290200,"circlet_count":0,"master_deck":["AscendersBane","Strike_G","Strike_G","Strike_G","Strike_G","Strike_G","Defend_G","Defend_G","Defend_G","Defend_G","Defend_G","Survivor","Neutralize+1","PiercingWail","Well Laid Plans+1","All Out Attack","Escape Plan","Choke+1","Escape Plan","Bullet Time","Writhe","Sucker Punch+1","Writhe","PiercingWail"],"relics":["Ring of the Snake","NeowsBlessing","Dodecahedron","Vajra","Ninja Scroll","Frozen Egg 2","Golden Idol","Calling Bell","Potion Belt","Matryoshka","Gambling Chip"],"potions_floor_usage":[6,7,11,16,16],"damage_taken":[{"damage":0,"enemies":"2 Louse","floor":1,"turns":1},{"damage":0,"enemies":"Jaw Worm","floor":2,"turns":1},{"damage":0,"enemies":"Gremlin Nob","floor":6,"turns":1},{"damage":2,"enemies":"Cultist","floor":7,"turns":3},{"damage":28,"enemies":"Lagavulin","floor":11,"turns":7},{"damage":3,"enemies":"Looter","floor":14,"turns":2},{"damage":20,"enemies":"Slime Boss","floor":16,"turns":10},{"damage":30,"enemies":"3 Byrds","floor":18,"turns":5},{"damage":6,"enemies":"2 Thieves","floor":21,"turns":3}],"seed_played":"-2173658622676068013","potions_obtained":[{"floor":1,"key":"Strength Potion"},{"floor":5,"key":"Ancient Potion"},{"floor":6,"key":"Swift Potion"},{"floor":11,"key":"Fire Potion"},{"floor":14,"key":"Dexterity Potion"},{"floor":18,"key":"Block Potion"}],"is_trial":false,"path_per_floor":["M","M","$","?","?","E","M","R","T","R","E","?","$","M","R","B",null,"M","?","?","M","?"],"character_chosen":"THE_SILENT","items_purchased":["Well Laid Plans"],"campfire_rested":0,"item_purchase_floors":[3],"current_hp_per_floor":[59,59,59,59,59,59,57,57,57,57,29,29,29,26,26,6,47,17,17,17,11,0],"gold":103,"neow_bonus":"THREE_ENEMY_KILL","is_prod":false,"is_daily":false,"chose_seed":false,"campfire_upgraded":3,"win_rate":0,"timestamp":1565175943,"path_taken":["M","M","$","?","?","E","?","R","T","R","E","?","$","M","R","BOSS","M","?","?","M","?"],"build_version":"2019-07-17","purchased_purges":1,"victory":false,"max_hp_per_floor":[66,66,66,66,66,66,66,66,66,66,66,60,60,60,60,60,60,60,60,60,60,60],"card_choices":[{"not_picked":["Tactician","Underhanded Strike"],"picked":"PiercingWail","floor":1},{"not_picked":["Prepared","Underhanded Strike","Deadly Poison"],"picked":"SKIP","floor":2},{"not_picked":["Prepared","Expertise"],"picked":"All Out Attack","floor":6},{"not_picked":["Poisoned Stab","Deflect"],"picked":"Escape Plan","floor":7},{"not_picked":["Outmaneuver","Quick Slash"],"picked":"Choke","floor":11},{"not_picked":["Tactician","Poisoned Stab"],"picked":"Escape Plan","floor":14},{"not_picked":["Night Terror","Envenom+1"],"picked":"Bullet Time","floor":16},{"not_picked":["Quick Slash","Deflect"],"picked":"Sucker Punch+1","floor":18},{"not_picked":["Quick Slash","Prepared"],"picked":"PiercingWail","floor":21}],"player_experience":618060,"relics_obtained":[{"floor":6,"key":"Vajra"},{"floor":9,"key":"Ninja Scroll"},{"floor":11,"key":"Frozen Egg 2"},{"floor":17,"key":"Potion Belt"},{"floor":17,"key":"Matryoshka"},{"floor":17,"key":"Gambling Chip"}],"event_choices":[{"damage_healed":0,"gold_gain":0,"player_choice":"Box","damage_taken":0,"relics_obtained":["Dodecahedron"],"max_hp_gain":0,"max_hp_loss":0,"event_name":"Big Fish","floor":4,"gold_loss":0,"cards_obtained":["Regret"]},{"damage_healed":0,"gold_gain":0,"player_choice":"Got Potions","damage_taken":0,"max_hp_gain":0,"max_hp_loss":0,"event_name":"Lab","floor":5,"gold_loss":0},{"damage_healed":0,"gold_gain":0,"player_choice":"Lose Max HP","damage_taken":0,"relics_obtained":["Golden Idol"],"max_hp_gain":0,"max_hp_loss":6,"event_name":"Golden Idol","floor":12,"gold_loss":0},{"damage_healed":0,"gold_gain":0,"cards_transformed":["Regret","Normality"],"player_choice":"Became Test Subject","damage_taken":0,"max_hp_gain":0,"max_hp_loss":0,"event_name":"Drug Dealer","floor":19,"gold_loss":0,"cards_obtained":["Shame","Writhe"]},{"cards_removed":["Shame"],"damage_healed":0,"gold_gain":0,"player_choice":"Gave Gold","damage_taken":0,"max_hp_gain":0,"max_hp_loss":0,"event_name":"Beggar","floor":20,"gold_loss":75}],"is_beta":false,"boss_relics":[{"not_picked":["Black Star","Velvet Choker"],"picked":"Calling Bell"}],"items_purged_floors":[13],"is_endless":false,"potions_floor_spawned":[1,6,11,14,18],"ascension_level":20}