{"gold_per_floor":[118,193,23,34,49,49,49,74,122,152,152,171,185,213,213,291,291,301,320,79,95,95,95,124,124,150,150,163,180,24,53,53,132,132,152,27,78,91,110,140,140,160,160,10,22,353,353,368,368,368,368,368,368,27,57,57],"floor_reached":57,"playtime":1973,"items_purged":["Strike_G","Strike_G","Setup","Slice","Survivor"],"score":3299,"play_id":"6440db67-717d-4b01-914d-e1c2c6e1e3fe","local_time":"20190917213750","is_ascension_mode":true,"campfire_choices":[{"data":"Noxious Fumes","floor":6.0,"key":"SMITH"},{"data":"Crippling Poison","floor":11.0,"key":"SMITH"},{"data":"Neutralize","floor":15.0,"key":"SMITH"},{"floor":23.0,"key":"REST"},{"floor":27.0,"key":"REST"},{"floor":32.0,"key":"REST"},{"data":"Acrobatics","floor":47.0,"key":"SMITH"},{"floor":49.0,"key":"RECALL"},{"data":"Well Laid Plans","floor":53.0,"key":"SMITH"}],"neow_cost":"TEN_PERCENT_HP_LOSS","seed_source_timestamp":343414100772400,"circlet_count":0,"master_deck":["AscendersBane","Neutralize+1","Crippling Poison+1","Tactician","Noxious Fumes+1","Adrenaline","Adrenaline+1","Backflip+1","Well Laid Plans+1","Backflip","Grand Finale","Well Laid Plans+1","Acrobatics+1"],"special_seed":0,"relics":["Ring of the Snake","Snake Skull","Lantern","Odd Mushroom","Bottled Tornado","Black Star","TheAbacus","Sundial","Bag of Marbles","Blood Vial","Dream Catcher","Pen Nib","Pandora\u0027s Box","Lizard Tail","White Beast Statue","PreservedInsect","Old Coin","War Paint","Orrery","Bag of Preparation","Dodecahedron"],"potions_floor_usage":[56],"damage_taken":[{"damage":3.0,"enemies":"Jaw Worm","floor":1.0,"turns":8.0},{"damage":14.0,"enemies":"Small Slimes","floor":4.0,"turns":5.0},{"damage":0.0,"enemies":"Cultist","floor":5.0,"turns":5.0},{"damage":20.0,"enemies":"3 Sentries","floor":8.0,"turns":6.0},{"damage":6.0,"enemies":"The Mushroom Lair","floor":10.0,"turns":4.0},{"damage":0.0,"enemies":"3 Louse","floor":12.0,"turns":3.0},{"damage":3.0,"enemies":"Looter","floor":13.0,"turns":4.0},{"damage":18.0,"enemies":"Lagavulin","floor":14.0,"turns":7.0},{"damage":2.0,"enemies":"The Guardian","floor":16.0,"turns":10.0},{"damage":6.0,"enemies":"Shell Parasite","floor":18.0,"turns":6.0},{"damage":12.0,"enemies":"2 Thieves","floor":19.0,"turns":4.0},{"damage":7.0,"enemies":"Centurion and Healer","floor":21.0,"turns":7.0},{"damage":10.0,"enemies":"Gremlin Leader","floor":24.0,"turns":7.0},{"damage":6.0,"enemies":"Snecko","floor":28.0,"turns":6.0},{"damage":25.0,"enemies":"Shelled Parasite and Fungi","floor":29.0,"turns":5.0},{"damage":4.0,"enemies":"Book of Stabbing","floor":31.0,"turns":7.0},{"damage":6.0,"enemies":"Champ","floor":33.0,"turns":11.0},{"damage":0.0,"enemies":"3 Shapes","floor":35.0,"turns":1.0},{"damage":0.0,"enemies":"2 Orb Walkers","floor":37.0,"turns":1.0},{"damage":0.0,"enemies":"Orb Walker","floor":38.0,"turns":1.0},{"damage":0.0,"enemies":"Spire Growth","floor":39.0,"turns":1.0},{"damage":0.0,"enemies":"Giant Head","floor":40.0,"turns":1.0},{"damage":0.0,"enemies":"Transient","floor":42.0,"turns":6.0},{"damage":0.0,"enemies":"Sphere and 2 Shapes","floor":45.0,"turns":1.0},{"damage":0.0,"enemies":"Nemesis","floor":46.0,"turns":1.0},{"damage":0.0,"enemies":"Maw","floor":48.0,"turns":1.0},{"damage":0.0,"enemies":"Time Eater","floor":50.0,"turns":2.0},{"damage":0.0,"enemies":"Donu and Deca","floor":51.0,"turns":1.0},{"damage":0,"enemies":"Shield and Spear","floor":55,"turns":1},{"damage":0,"enemies":"The Heart","floor":56,"turns":4}],"seed_played":"-7825401893354798846","potions_obtained":[{"floor":4.0,"key":"GamblersBrew"},{"floor":5.0,"key":"GhostInAJar"},{"floor":14.0,"key":"FearPotion"},{"floor":19.0,"key":"LiquidBronze"},{"floor":28.0,"key":"Ancient Potion"},{"floor":45.0,"key":"Swift Potion"}],"is_trial":false,"path_per_floor":["M","?","$","M","M","R","?","E","T","?","R","M","M","E","R","B",null,"M","M","$","M","?","R","E","?","T","R","M","M","$","E","R","B",null,"M","$","?","M","M","E","?","M","T","$","M","E","R","M","R","B","B",null,"R","$","E","B",null],"character_chosen":"THE_SILENT","items_purchased":["Tactician","Noxious Fumes","TheAbacus","Backflip","Orrery"],"campfire_rested":3,"item_purchase_floors":[3,3,20,30,54],"current_hp_per_floor":[56,45,45,31,31,31,51,31,31,25,25,25,22,4,4,2,46,40,28,28,21,21,39,29,29,29,47,43,20,20,18,36,32,53,55,55,57,59,60,60,57,57,57,57,57,57,57,57,57,57,57,57,57,57,57,57],"gold":57,"neow_bonus":"TRANSFORM_TWO_CARDS","is_prod":false,"is_daily":false,"chose_seed":false,"campfire_upgraded":5,"win_rate":0,"timestamp":1568727470,"path_taken":["M","?","?","M","M","R","?","E","T","?","R","?","M","E","R","BOSS","M","M","$","M","?","R","E","?","T","R","M","?","$","E","R","BOSS","M","$","?","M","M","E","?","M","T","?","M","E","R","M","R","BOSS","BOSS","R","$","E","BOSS"],"build_version":"2019-09-16v2","purchased_purges":5,"victory":true,"max_hp_per_floor":[60,60,60,60,60,60,60,60,60,60,60,60,60,60,60,60,60,60,60,60,60,60,60,60,60,60,60,60,60,60,60,60,60,60,60,60,60,60,60,60,57,57,57,57,57,57,57,57,57,57,57,57,57,57,57,57],"card_choices":[{"not_picked":["Dagger Throw","Prepared"],"picked":"Slice","floor":1.0},{"not_picked":["Reflex","Eviscerate","Poisoned Stab"],"picked":"SKIP","floor":4.0},{"not_picked":["Deadly Poison","Leg Sweep","PiercingWail"],"picked":"SKIP","floor":5.0},{"not_picked":["Deadly Poison","Leg Sweep","PiercingWail"],"picked":"SKIP","floor":5.0},{"not_picked":["Underhanded Strike","Blur","Sucker Punch"],"picked":"SKIP","floor":8.0},{"not_picked":["Deadly Poison","Outmaneuver","Blade Dance"],"picked":"SKIP","floor":12.0},{"not_picked":["Concentrate","Sucker Punch","PiercingWail"],"picked":"SKIP","floor":13.0},{"not_picked":["Riddle With Holes","Cloak And Dagger"],"picked":"Adrenaline","floor":14.0},{"not_picked":["Unload","Venomology"],"picked":"Adrenaline","floor":16.0},{"not_picked":["Underhanded Strike","All Out Attack"],"picked":"Backflip","floor":18.0},{"not_picked":["Dodge and Roll","Poisoned Stab","Leg Sweep+1"],"picked":"SKIP","floor":19.0},{"not_picked":["Dagger Throw","Distraction","Setup"],"picked":"SKIP","floor":21.0},{"not_picked":["Dagger Throw","Distraction","Setup"],"picked":"SKIP","floor":21.0},{"not_picked":["Distraction","Heel Hook","Quick Slash"],"picked":"SKIP","floor":24.0},{"not_picked":["Dodge and Roll","Bouncing Flask+1","Sucker Punch"],"picked":"SKIP","floor":28.0},{"not_picked":["Tactician","Dagger Throw"],"picked":"Well Laid Plans+1","floor":29.0},{"not_picked":["Dodge and Roll","Flechettes+1"],"picked":"Grand Finale","floor":31.0},{"not_picked":["Finisher","Dagger Spray"],"picked":"Well Laid Plans","floor":32.0},{"not_picked":["Dodge and Roll","Quick Slash"],"picked":"Acrobatics","floor":35.0},{"not_picked":["Setup","Malaise","Masterful Stab"],"picked":"SKIP","floor":38.0},{"not_picked":["Endless Agony+1","Sucker Punch","Acrobatics"],"picked":"SKIP","floor":39.0},{"not_picked":["Flying Knee+1","Heel Hook","Poisoned Stab+1"],"picked":"SKIP","floor":40.0},{"not_picked":["Backflip","After Image","Flying Knee"],"picked":"SKIP","floor":42.0},{"not_picked":["Prepared","Sucker Punch+1","Flying Knee"],"picked":"SKIP","floor":45.0},{"not_picked":["Underhanded Strike","Reflex+1","Dodge and Roll"],"picked":"SKIP","floor":46.0},{"not_picked":["Backflip","PiercingWail","Predator"],"picked":"SKIP","floor":48.0},{"not_picked":["Blade Dance","Deadly Poison+1","Venomology"],"picked":"SKIP","floor":55}],"player_experience":981280,"relics_obtained":[{"floor":8.0,"key":"Snake Skull"},{"floor":9.0,"key":"Lantern"},{"floor":10.0,"key":"Odd Mushroom"},{"floor":14.0,"key":"Bottled Tornado"},{"floor":24.0,"key":"Sundial"},{"floor":24.0,"key":"Bag of Marbles"},{"floor":26.0,"key":"Blood Vial"},{"floor":31.0,"key":"Dream Catcher"},{"floor":31.0,"key":"Pen Nib"},{"floor":37.0,"key":"Lizard Tail"},{"floor":40.0,"key":"White Beast Statue"},{"floor":40.0,"key":"PreservedInsect"},{"floor":46.0,"key":"Old Coin"},{"floor":46.0,"key":"War Paint"},{"floor":55,"key":"Bag of Preparation"},{"floor":55,"key":"Dodecahedron"}],"event_choices":[{"damage_healed":0.0,"max_hp_gain":0.0,"max_hp_loss":0.0,"gold_gain":75.0,"event_name":"World of Goop","player_choice":"Gather Gold","floor":2.0,"gold_loss":0.0,"damage_taken":11.0},{"damage_healed":20.0,"max_hp_gain":0.0,"max_hp_loss":0.0,"gold_gain":0.0,"event_name":"Big Fish","player_choice":"Banana","floor":7.0,"gold_loss":0.0,"damage_taken":0.0},{"damage_healed":0.0,"max_hp_gain":0.0,"max_hp_loss":0.0,"gold_gain":0.0,"event_name":"Mushrooms","player_choice":"Fought Mushrooms","floor":10.0,"gold_loss":0.0,"damage_taken":0.0},{"damage_healed":0.0,"max_hp_gain":0.0,"max_hp_loss":0.0,"gold_gain":0.0,"event_name":"Ghosts","player_choice":"Ignored","floor":22.0,"gold_loss":0.0,"damage_taken":0.0},{"damage_healed":0.0,"max_hp_gain":0.0,"max_hp_loss":0.0,"gold_gain":0.0,"event_name":"N\u0027loth","player_choice":"Ignored","floor":25.0,"gold_loss":0.0,"damage_taken":0.0},{"damage_healed":0.0,"max_hp_gain":0.0,"max_hp_loss":0.0,"gold_gain":0.0,"event_name":"Mysterious Sphere","player_choice":"Fight","floor":37.0,"gold_loss":0.0,"damage_taken":0.0},{"damage_healed":0.0,"max_hp_gain":0.0,"max_hp_loss":3.0,"gold_gain":0.0,"event_name":"Winding Halls","player_choice":"Max HP","floor":41.0,"gold_loss":0.0,"damage_taken":0.0}],"is_beta":true,"boss_relics":[{"not_picked":["Busted Crown","Ring of the Serpent"],"picked":"Black Star"},{"not_picked":["Sozu","Astrolabe"],"picked":"Pandora\u0027s Box"}],"items_purged_floors":[20,30,36,44,54],"is_endless":false,"potions_floor_spawned":[4,5,10,13,14,19,28,39,42,45,48,55],"ascension_level":20}