{"gold_per_floor":[117,117,129,204,220,220,220,220,220,145,174,192,24,24,24,98,98,110,82,99,99,79,79,95,160,160,160,160,193,6,19,19,97,97,116,116,133,151,161,191,191,221,221,252,127,161,181,181,181,181,181,181,181,31,56,56],"floor_reached":57,"playtime":1678,"items_purged":["Strike_G","Strike_G","Survivor","Burst+1"],"score":3366,"play_id":"02fa6b2c-6d0c-4c81-bb7c-874ddbac392f","local_time":"20190916223846","is_ascension_mode":true,"campfire_choices":[{"data":"Dash","floor":6.0,"key":"SMITH"},{"data":"Neutralize","floor":8.0,"key":"SMITH"},{"data":"Tools of the Trade","floor":15.0,"key":"SMITH"},{"data":"Acrobatics","floor":23.0,"key":"SMITH"},{"data":"Grand Finale","floor":28.0,"key":"SMITH"},{"data":"Well Laid Plans","floor":32.0,"key":"SMITH"},{"data":"Well Laid Plans","floor":41.0,"key":"SMITH"},{"floor":49,"key":"RECALL"},{"data":"Well Laid Plans","floor":53,"key":"SMITH"}],"neow_cost":"NONE","seed_source_timestamp":260957496820300,"circlet_count":0,"master_deck":["AscendersBane","Neutralize+1","Tools of the Trade+1","Grand Finale+1","Venomology+1","Tactician+1","Acrobatics+1","Acrobatics+1","Backflip+1","Well Laid Plans+1","Well Laid Plans+1","Escape Plan+1","Well Laid Plans+1","Adrenaline+1"],"special_seed":0,"relics":["Ring of the Snake","NeowsBlessing","Pen Nib","Ninja Scroll","Strawberry","Astrolabe","Tiny Chest","Matryoshka","Lantern","MealTicket","Juzu Bracelet","Pandora\u0027s Box","Shovel","Turnip","Potion Belt","Molten Egg 2","War Paint","Kunai"],"potions_floor_usage":[44,46,47,50,50,51,56,56,56,56,56],"damage_taken":[{"damage":0.0,"enemies":"Small Slimes","floor":1.0,"turns":1.0},{"damage":0.0,"enemies":"2 Louse","floor":3.0,"turns":1.0},{"damage":0.0,"enemies":"Cultist","floor":5.0,"turns":1.0},{"damage":10.0,"enemies":"3 Sentries","floor":11.0,"turns":8.0},{"damage":1.0,"enemies":"Red Slaver","floor":12.0,"turns":2.0},{"damage":14.0,"enemies":"Slime Boss","floor":16.0,"turns":8.0},{"damage":12.0,"enemies":"3 Byrds","floor":18.0,"turns":7.0},{"damage":0.0,"enemies":"2 Thieves","floor":19.0,"turns":4.0},{"damage":8.0,"enemies":"Centurion and Healer","floor":20.0,"turns":6.0},{"damage":0.0,"enemies":"3 Cultists","floor":24.0,"turns":2.0},{"damage":18.0,"enemies":"Gremlin Leader","floor":25.0,"turns":7.0},{"damage":0.0,"enemies":"Book of Stabbing","floor":29.0,"turns":4.0},{"damage":0.0,"enemies":"Snake Plant","floor":31.0,"turns":2.0},{"damage":0.0,"enemies":"Automaton","floor":33.0,"turns":6.0},{"damage":0.0,"enemies":"Orb Walker","floor":35.0,"turns":1.0},{"damage":0.0,"enemies":"3 Shapes","floor":37.0,"turns":1.0},{"damage":0.0,"enemies":"Jaw Worm Horde","floor":38.0,"turns":1.0},{"damage":0.0,"enemies":"Writhing Mass","floor":39.0,"turns":2.0},{"damage":0.0,"enemies":"Reptomancer","floor":40.0,"turns":1.0},{"damage":0.0,"enemies":"Giant Head","floor":42.0,"turns":1.0},{"damage":0,"enemies":"Reptomancer","floor":44,"turns":1},{"damage":0,"enemies":"Nemesis","floor":46,"turns":1},{"damage":0,"enemies":"4 Shapes","floor":47,"turns":1},{"damage":0,"enemies":"Donu and Deca","floor":50,"turns":1},{"damage":45,"enemies":"Time Eater","floor":51,"turns":3},{"damage":0,"enemies":"Shield and Spear","floor":55,"turns":1},{"damage":11,"enemies":"The Heart","floor":56,"turns":4}],"seed_played":"-4587286791116467939","potions_obtained":[{"floor":3.0,"key":"LiquidBronze"},{"floor":5.0,"key":"Block Potion"},{"floor":7.0,"key":"Explosive Potion"},{"floor":11.0,"key":"Block Potion"},{"floor":16.0,"key":"Poison Potion"},{"floor":18.0,"key":"EntropicBrew"},{"floor":22.0,"key":"SkillPotion"},{"floor":25.0,"key":"EssenceOfSteel"},{"floor":29.0,"key":"Block Potion"},{"floor":33.0,"key":"Energy Potion"}],"is_trial":false,"path_per_floor":["M","?","M","?","M","R","?","R","T","$","E","M","$","$","R","B",null,"M","M","M","?","?","R","M","E","T","T","R","E","$","M","R","B",null,"M","$","M","M","M","E","R","E","T","E","$","E","M","$","R","B","B",null,"R","$","E","B",null],"character_chosen":"THE_SILENT","items_purchased":["Grand Finale","Well Laid Plans"],"campfire_rested":0,"item_purchase_floors":[13,30],"current_hp_per_floor":[59,41,41,30,30,30,30,30,30,30,27,26,26,26,26,12,58,58,58,50,50,50,50,50,32,32,32,32,32,47,47,47,47,67,67,73,73,73,73,73,73,73,73,73,73,73,73,73,73,73,28,62,62,73,73,62],"gold":56,"neow_bonus":"THREE_ENEMY_KILL","is_prod":false,"is_daily":false,"chose_seed":false,"campfire_upgraded":8,"win_rate":0,"timestamp":1568644726,"path_taken":["M","?","M","?","M","R","?","R","T","$","E","?","?","$","R","BOSS","M","M","M","?","?","R","?","E","T","?","R","E","$","M","R","BOSS","M","$","M","M","M","E","R","E","T","E","$","E","M","$","R","BOSS","BOSS","R","$","E","BOSS"],"build_version":"2019-09-12","purchased_purges":4,"victory":true,"max_hp_per_floor":[66,66,66,66,66,66,66,66,66,66,73,73,73,73,73,73,73,73,73,73,73,73,73,73,73,73,73,73,73,73,73,73,73,73,73,73,73,73,73,73,73,73,73,73,73,73,73,73,73,73,73,73,73,73,73,73],"card_choices":[{"not_picked":["PiercingWail","Dagger Throw","Sucker Punch"],"picked":"SKIP","floor":1.0},{"not_picked":["Accuracy","Quick Slash","Acrobatics"],"picked":"SKIP","floor":3.0},{"not_picked":["Prepared","Choke"],"picked":"Dash","floor":5.0},{"not_picked":["Poisoned Stab","Outmaneuver"],"picked":"Tools of the Trade","floor":11.0},{"not_picked":["Setup","Blade Dance"],"picked":"Dagger Throw","floor":12.0},{"not_picked":["Tools of the Trade","Corpse Explosion"],"picked":"Venomology","floor":16.0},{"not_picked":["Blade Dance","Accuracy","Dagger Spray"],"picked":"SKIP","floor":18.0},{"not_picked":["Noxious Fumes+1","Flechettes"],"picked":"Acrobatics","floor":19.0},{"not_picked":["Sucker Punch","Acrobatics","Blade Dance"],"picked":"SKIP","floor":20.0},{"not_picked":["Poisoned Stab","Catalyst","All Out Attack"],"picked":"SKIP","floor":24.0},{"not_picked":["Infinite Blades","Accuracy"],"picked":"Backflip+1","floor":25.0},{"not_picked":["Quick Slash","Outmaneuver","Acrobatics"],"picked":"SKIP","floor":29.0},{"not_picked":["Acrobatics","Underhanded Strike"],"picked":"Well Laid Plans","floor":31.0},{"not_picked":["Blade Dance","Poisoned Stab","Backflip"],"picked":"SKIP","floor":35.0},{"not_picked":["Predator","Dodge and Roll","Cloak And Dagger+1"],"picked":"SKIP","floor":37.0},{"not_picked":["Predator","Poisoned Stab","Prepared"],"picked":"SKIP","floor":38.0},{"not_picked":["Predator","Poisoned Stab","Prepared"],"picked":"SKIP","floor":38.0},{"not_picked":["Quick Slash","Endless Agony"],"picked":"Escape Plan+1","floor":39.0},{"not_picked":["Well Laid Plans","Deflect+1","Sucker Punch"],"picked":"SKIP","floor":40.0},{"not_picked":["Deflect+1","Sucker Punch"],"picked":"Well Laid Plans","floor":40.0},{"not_picked":["Setup","Night Terror","Outmaneuver"],"picked":"SKIP","floor":42.0},{"not_picked":["Prepared","Dodge and Roll"],"picked":"Adrenaline","floor":44},{"not_picked":["Venomology","All Out Attack+1","Skewer+1"],"picked":"SKIP","floor":46},{"not_picked":["Riddle With Holes+1","Backflip","Slice+1"],"picked":"SKIP","floor":47},{"not_picked":["Flying Knee+1","PiercingWail","Outmaneuver"],"picked":"SKIP","floor":55}],"player_experience":978009,"relics_obtained":[{"floor":9.0,"key":"Ninja Scroll"},{"floor":11.0,"key":"Strawberry"},{"floor":25.0,"key":"Tiny Chest"},{"floor":26.0,"key":"Matryoshka"},{"floor":27.0,"key":"Lantern"},{"floor":27.0,"key":"MealTicket"},{"floor":29.0,"key":"Juzu Bracelet"},{"floor":40.0,"key":"Shovel"},{"floor":42.0,"key":"Turnip"},{"floor":43,"key":"Potion Belt"},{"floor":44,"key":"Molten Egg 2"},{"floor":46,"key":"War Paint"},{"floor":55,"key":"Kunai"}],"event_choices":[{"damage_healed":0.0,"max_hp_gain":0.0,"max_hp_loss":0.0,"gold_gain":0.0,"event_name":"Scrap Ooze","player_choice":"Success","floor":2.0,"gold_loss":0.0,"damage_taken":18.0,"relics_obtained":["Pen Nib"]},{"damage_healed":0.0,"max_hp_gain":0.0,"max_hp_loss":0.0,"gold_gain":75.0,"event_name":"World of Goop","player_choice":"Gather Gold","floor":4.0,"gold_loss":0.0,"damage_taken":11.0},{"damage_healed":0.0,"max_hp_gain":0.0,"max_hp_loss":0.0,"gold_gain":0.0,"event_name":"Lab","player_choice":"Got Potions","floor":7.0,"gold_loss":0.0,"damage_taken":0.0},{"damage_healed":0.0,"max_hp_gain":0.0,"max_hp_loss":0.0,"gold_gain":0.0,"event_name":"The Mausoleum","player_choice":"Ignored","floor":21.0,"gold_loss":0.0,"damage_taken":0.0},{"damage_healed":0.0,"max_hp_gain":0.0,"max_hp_loss":0.0,"gold_gain":0.0,"event_name":"The Woman in Blue","player_choice":"Bought 1 Potion","floor":22.0,"gold_loss":0.0,"damage_taken":0.0}],"is_beta":true,"boss_relics":[{"not_picked":["Coffee Dripper","Velvet Choker"],"picked":"Astrolabe"},{"not_picked":["WristBlade","Runic Dome"],"picked":"Pandora\u0027s Box"}],"items_purged_floors":[10,30,45,54],"is_endless":false,"potions_floor_spawned":[3,5,11,16,18,24,25,29,33,37,42,46],"ascension_level":20}