{"gold_per_floor":[116,133,36,55,55,55,55,89,162,162,173,201,215,234,234,337,337,337,90,90,90,90,15,15,15,15,15,15,15,15,15,15,15,15,15,15,15,15,15,15,15,15,15,15,15,15,15,15,15,15],"floor_reached":51,"playtime":5784,"items_purged":["Defend_R","Defend_R"],"score":759,"play_id":"d1694abb-074e-411b-9dfd-f46499791cbf","local_time":"20190920022104","is_ascension_mode":false,"campfire_choices":[{"data":"Armaments","floor":6,"key":"SMITH"},{"data":"Rampage","floor":10,"key":"SMITH"},{"data":"Barricade","floor":15,"key":"SMITH"},{"data":"Entrench","floor":27,"key":"SMITH"},{"data":"Disarm","floor":29,"key":"SMITH"},{"data":"Metallicize","floor":32,"key":"SMITH"},{"data":"Uppercut","floor":40,"key":"SMITH"},{"data":"Inflame","floor":46,"key":"SMITH"},{"data":"Feel No Pain","floor":49,"key":"SMITH"}],"neow_cost":"","seed_source_timestamp":2712195223615601,"circlet_count":0,"master_deck":["Strike_R","Strike_R","Strike_R","Strike_R","Defend_R","Defend_R","Bash","Disarm+1","True Grit","Armaments+1","Sword Boomerang","Rampage+1","Impervious","Headbutt","Barricade+1","Body Slam+1","Seeing Red","Impervious","Feel No Pain+1","Inflame+1","Entrench+1","Headbutt+1","Shrug It Off","Metallicize+1","True Grit+1","Warcry+1","Uppercut+1","Feel No Pain+1","Madness","Madness","Pommel Strike+1","Ghostly Armor+1"],"relics":["Burning Blood","InkBottle","White Beast Statue","Self Forming Clay","Ectoplasm","Bronze Scales","Nilry\u0027s Codex","Whetstone","Sundial","SacredBark","CultistMask","Bottled Flame","Bird Faced Urn","Pen Nib"],"potions_floor_usage":[8,12,14,16,16,21,21,25,28,30,30,33,36,37,37,41,41,50],"damage_taken":[{"damage":6,"enemies":"Jaw Worm","floor":1,"turns":4},{"damage":6,"enemies":"Cultist","floor":2,"turns":6},{"damage":1,"enemies":"2 Louse","floor":4,"turns":3},{"damage":19,"enemies":"Gremlin Nob","floor":8,"turns":4},{"damage":1,"enemies":"Looter","floor":11,"turns":4},{"damage":17,"enemies":"Lagavulin","floor":12,"turns":6},{"damage":6,"enemies":"Exordium Wildlife","floor":13,"turns":4},{"damage":3,"enemies":"Gremlin Gang","floor":14,"turns":4},{"damage":15,"enemies":"The Guardian","floor":16,"turns":10},{"damage":0,"enemies":"Chosen","floor":18,"turns":5},{"damage":0,"enemies":"3 Byrds","floor":20,"turns":4},{"damage":5,"enemies":"Shelled Parasite and Fungi","floor":21,"turns":6},{"damage":19,"enemies":"Sentry and Sphere","floor":25,"turns":10},{"damage":7,"enemies":"Book of Stabbing","floor":28,"turns":5},{"damage":9,"enemies":"3 Cultists","floor":30,"turns":6},{"damage":3,"enemies":"Snake Plant","floor":31,"turns":6},{"damage":0,"enemies":"Champ","floor":33,"turns":14},{"damage":9,"enemies":"Orb Walker","floor":35,"turns":3},{"damage":0,"enemies":"3 Shapes","floor":36,"turns":10},{"damage":3,"enemies":"Maw","floor":37,"turns":8},{"damage":9,"enemies":"3 Darklings","floor":41,"turns":9},{"damage":0,"enemies":"Nemesis","floor":44,"turns":9},{"damage":14,"enemies":"Spire Growth","floor":47,"turns":6},{"damage":36,"enemies":"Awakened One","floor":50,"turns":10}],"seed_played":"13741703176110215","potions_obtained":[{"floor":1,"key":"SkillPotion"},{"floor":4,"key":"SpeedPotion"},{"floor":8,"key":"AttackPotion"},{"floor":11,"key":"Explosive Potion"},{"floor":12,"key":"Fire Potion"},{"floor":13,"key":"SkillPotion"},{"floor":14,"key":"Swift Potion"},{"floor":16,"key":"ElixirPotion"},{"floor":18,"key":"Regen Potion"},{"floor":20,"key":"EssenceOfSteel"},{"floor":21,"key":"EssenceOfSteel"},{"floor":25,"key":"Swift Potion"},{"floor":28,"key":"GamblersBrew"},{"floor":30,"key":"Dexterity Potion"},{"floor":31,"key":"SkillPotion"},{"floor":33,"key":"PowerPotion"},{"floor":35,"key":"SkillPotion"},{"floor":36,"key":"EssenceOfSteel"},{"floor":37,"key":"PowerPotion"},{"floor":41,"key":"DuplicationPotion"},{"floor":44,"key":"SpeedPotion"},{"floor":47,"key":"Regen Potion"}],"is_trial":false,"path_per_floor":["M","M","$","M","?","R","?","E","T","R","M","E","M","M","R","B",null,"M","$","M","M","?","?","?","M","T","R","E","R","M","M","R","B",null,"M","M","M","?","?","R","M","$","T","E","T","R","M","?","R","B",null],"character_chosen":"IRONCLAD","items_purchased":["Armaments","Bronze Scales"],"campfire_rested":0,"item_purchase_floors":[3,19],"current_hp_per_floor":[80,80,80,80,85,85,85,72,72,72,77,66,66,69,69,60,85,85,85,85,85,69,69,69,71,71,71,70,70,67,70,70,76,85,82,85,85,74,74,74,71,71,71,77,77,77,79,79,79,85],"gold":15,"neow_bonus":"","is_prod":false,"is_daily":false,"chose_seed":false,"campfire_upgraded":9,"win_rate":0.0,"timestamp":1568964064,"path_taken":["M","M","$","M","?","R","?","E","T","R","M","E","?","M","R","BOSS","M","$","M","M","?","?","?","M","T","R","E","R","?","M","R","BOSS","M","M","?","?","?","R","?","?","T","E","?","R","M","?","R","BOSS"],"build_version":"2019-09-19","purchased_purges":2,"victory":true,"max_hp_per_floor":[80,80,80,80,85,85,85,85,85,85,85,85,85,85,85,85,85,85,85,85,85,85,85,85,85,85,85,85,85,85,85,85,85,85,85,85,85,85,85,85,85,85,85,85,85,85,85,85,85,85],"card_choices":[{"not_picked":["Cleave","True Grit"],"picked":"Disarm","floor":1},{"not_picked":["Corruption","Combust"],"picked":"True Grit","floor":2},{"not_picked":["Clash","Twin Strike"],"picked":"Sword Boomerang","floor":4},{"not_picked":["Second Wind","Anger"],"picked":"Impervious","floor":8},{"not_picked":["Pommel Strike","Shrug It Off"],"picked":"Headbutt","floor":11},{"not_picked":["Twin Strike","Combust"],"picked":"Barricade","floor":12},{"not_picked":["Feel No Pain","Armaments"],"picked":"Body Slam","floor":13},{"not_picked":["Combust","True Grit"],"picked":"Seeing Red","floor":14},{"not_picked":["Reaper","Dark Embrace"],"picked":"Impervious","floor":16},{"not_picked":["Headbutt","Warcry"],"picked":"Feel No Pain","floor":18},{"not_picked":["Rampage","Pommel Strike"],"picked":"Inflame","floor":20},{"not_picked":["True Grit","Fire Breathing+1"],"picked":"Warcry+1","floor":21},{"not_picked":["Reckless Charge+1","Thunderclap"],"picked":"Headbutt","floor":25},{"not_picked":["Twin Strike","Fire Breathing+1"],"picked":"Shrug It Off","floor":28},{"not_picked":["Twin Strike+1","True Grit"],"picked":"Metallicize","floor":30},{"not_picked":["Sword Boomerang","Bludgeon"],"picked":"True Grit+1","floor":31},{"not_picked":["Clash","Clothesline+1"],"picked":"Warcry+1","floor":35},{"not_picked":["Flex+1","Thunderclap+1"],"picked":"Uppercut","floor":36},{"not_picked":["Armaments","Flex"],"picked":"Feel No Pain+1","floor":37},{"not_picked":["Iron Wave+1","Cleave"],"picked":"Pommel Strike+1","floor":41},{"not_picked":["True Grit+1","Shockwave+1"],"picked":"Ghostly Armor+1","floor":44},{"not_picked":["Perfected Strike+1","Iron Wave+1","Thunderclap"],"picked":"SKIP","floor":47}],"player_experience":0,"relics_obtained":[{"floor":8,"key":"InkBottle"},{"floor":9,"key":"White Beast Statue"},{"floor":12,"key":"Self Forming Clay"},{"floor":22,"key":"Nilry\u0027s Codex"},{"floor":26,"key":"Whetstone"},{"floor":28,"key":"Sundial"},{"floor":43,"key":"Bottled Flame"},{"floor":44,"key":"Bird Faced Urn"},{"floor":45,"key":"Pen Nib"}],"event_choices":[{"damage_healed":0,"gold_gain":0,"player_choice":"Donut","damage_taken":0,"max_hp_gain":5,"max_hp_loss":0,"event_name":"Big Fish","floor":5,"gold_loss":0},{"damage_healed":0,"gold_gain":0,"player_choice":"1 cards matched","damage_taken":0,"max_hp_gain":0,"max_hp_loss":0,"event_name":"Match and Keep!","floor":7,"gold_loss":0,"cards_obtained":["Rampage"]},{"damage_healed":0,"gold_gain":0,"player_choice":"Obtained Book","damage_taken":16,"max_hp_gain":0,"max_hp_loss":0,"event_name":"Cursed Tome","floor":22,"gold_loss":0},{"cards_removed":["Strike_R"],"damage_healed":0,"gold_gain":0,"player_choice":"Gave Gold","damage_taken":0,"max_hp_gain":0,"max_hp_loss":0,"event_name":"Beggar","floor":23,"gold_loss":75},{"damage_healed":0,"gold_gain":0,"player_choice":"Read","damage_taken":0,"max_hp_gain":0,"max_hp_loss":0,"event_name":"The Library","floor":24,"gold_loss":0,"cards_obtained":["Entrench"]},{"damage_healed":0,"gold_gain":0,"player_choice":"Embrace Madness","damage_taken":11,"max_hp_gain":0,"max_hp_loss":0,"event_name":"Winding Halls","floor":38,"gold_loss":0,"cards_obtained":["Madness","Madness"]},{"damage_healed":0,"gold_gain":0,"player_choice":"Trade","damage_taken":0,"relics_obtained":["CultistMask"],"max_hp_gain":0,"max_hp_loss":0,"event_name":"FaceTrader","floor":39,"gold_loss":0},{"cards_removed":["Warcry"],"damage_healed":0,"gold_gain":0,"player_choice":"Removed Skill","damage_taken":0,"max_hp_gain":0,"max_hp_loss":0,"event_name":"Falling","floor":48,"gold_loss":0}],"is_beta":true,"boss_relics":[{"not_picked":["Sozu","Calling Bell"],"picked":"Ectoplasm"},{"not_picked":["Tiny House","Black Star"],"picked":"SacredBark"}],"items_purged_floors":[3,19],"is_endless":false,"potions_floor_spawned":[1,4,8,11,12,13,14,16,18,20,21,25,28,30,31,33,35,36,37,41,44,47],"ascension_level":0}