{"gold_per_floor":[116,134,154,168,243,243,243,275,275,289,289,322,322,343,343,343],"floor_reached":16,"playtime":777,"items_purged":[],"score":123,"play_id":"97e2689b-0a1d-4e7d-bf54-e10aba2b54b4","local_time":"20181005232745","is_ascension_mode":true,"campfire_choices":[{"floor":6,"key":"REST"},{"data":"Neutralize","floor":11,"key":"SMITH"},{"floor":15,"key":"REST"}],"neow_cost":"NONE","seed_source_timestamp":101406260559692,"circlet_count":0,"master_deck":["Defend_G","Defend_G","Defend_G","Defend_G","Defend_G","Strike_G","Strike_G","Strike_G","Strike_G","Strike_G","Survivor","Neutralize+1","Backflip","Bouncing Flask","Expertise","Reflex","Quick Slash","Dagger Throw","Backstab","Injury","Crippling Poison"],"relics":["HoveringKite","Paper Crane","Ninja Scroll","Gremlin Horn","Golden Idol"],"potions_floor_usage":[16,16],"damage_taken":[{"damage":0,"enemies":"Small Slimes","floor":1,"turns":3},{"damage":5,"enemies":"Cultist","floor":2,"turns":4},{"damage":4,"enemies":"Jaw Worm","floor":3,"turns":3},{"damage":21,"enemies":"Large Slime","floor":4,"turns":9},{"damage":28,"enemies":"Lagavulin","floor":8,"turns":6},{"damage":0,"enemies":"Blue Slaver","floor":10,"turns":3},{"damage":17,"enemies":"Gremlin Nob","floor":12,"turns":4},{"damage":0,"enemies":"3 Louse","floor":14,"turns":2},{"damage":54,"enemies":"Slime Boss","floor":16,"turns":9}],"seed_played":"-5757726703357448104","potions_obtained":[{"floor":8,"key":"Block Potion"},{"floor":12,"key":"Poison Potion"},{"floor":14,"key":"SteroidPotion"}],"is_trial":false,"path_per_floor":["M","M","M","M","?","R","?","E","T","M","R","E","?","M","R"],"character_chosen":"THE_SILENT","items_purchased":[],"campfire_rested":2,"item_purchase_floors":[],"current_hp_per_floor":[70,65,61,40,29,50,70,42,42,42,42,25,25,25,46,0],"gold":343,"neow_bonus":"BOSS_RELIC","is_prod":false,"is_daily":false,"chose_seed":false,"campfire_upgraded":1,"win_rate":0,"timestamp":1538796465,"path_taken":["M","M","M","M","?","R","?","E","T","M","R","E","?","M","R","BOSS"],"build_version":"2018-10-04v2","purchased_purges":0,"victory":false,"max_hp_per_floor":[70,70,70,70,70,70,70,70,70,70,70,70,70,70,70,70],"card_choices":[{"not_picked":["Prepared","Bouncing Flask"],"picked":"Backflip","floor":1},{"not_picked":["Dagger Spray","Endless Agony"],"picked":"Bouncing Flask","floor":2},{"not_picked":["Flying Knee","Underhanded Strike"],"picked":"Expertise","floor":3},{"not_picked":["Choke","Finisher"],"picked":"Reflex","floor":4},{"not_picked":["Flying Knee","Underhanded Strike"],"picked":"Quick Slash","floor":8},{"not_picked":["Slice","Wraith Form v2"],"picked":"Dagger Throw","floor":10},{"not_picked":["Flying Knee","Prepared"],"picked":"Backstab","floor":12},{"not_picked":["Blur","Poisoned Stab"],"picked":"Crippling Poison","floor":14}],"player_experience":93899,"relics_obtained":[{"floor":8,"key":"Paper Crane"},{"floor":9,"key":"Ninja Scroll"},{"floor":12,"key":"Gremlin Horn"}],"event_choices":[{"event_name":"World of Goop","player_choice":"Gather Gold","floor":5,"damage_taken":0},{"event_name":"Big Fish","player_choice":"Banana","floor":7,"damage_taken":0},{"event_name":"Golden Idol","player_choice":"Take Wound","floor":13,"damage_taken":0}],"is_beta":false,"boss_relics":[],"items_purged_floors":[],"is_endless":false,"potions_floor_spawned":[8,12,14],"killed_by":"Slime Boss","ascension_level":2}