{"gold_per_floor":[109,129,139,158,169,169,200,200,200,220,233,249,249,263,263,368,368,383,394,394,408,189,189,189,215,215,215,215,241,241,273,273,372,372,385,205,205,205,216,216,2,16,16,16,29,41,56,56,56,56],"floor_reached":51,"playtime":2625,"items_purged":["Defend_G","Strike_G+1"],"score":761,"play_id":"643bdd65-498c-4220-8e86-34f9d562b7f0","local_time":"20190910194700","is_ascension_mode":false,"campfire_choices":[{"data":"Neutralize","floor":6,"key":"SMITH"},{"data":"Blade Dance","floor":8,"key":"SMITH"},{"data":"Infinite Blades","floor":13,"key":"SMITH"},{"data":"Bullet Time","floor":15,"key":"SMITH"},{"data":"Footwork","floor":23,"key":"SMITH"},{"data":"Malaise","floor":27,"key":"SMITH"},{"floor":30,"key":"REST"},{"data":"Calculated Gamble","floor":32,"key":"SMITH"},{"floor":40,"key":"REST"},{"floor":49,"key":"REST"}],"neow_cost":"NONE","seed_source_timestamp":119962867404833,"circlet_count":0,"master_deck":["Strike_G+1","Strike_G+1","Strike_G+1","Strike_G+1","Defend_G+1","Defend_G+1","Defend_G+1","Defend_G+1","Survivor","Neutralize+1","Footwork+1","Blade Dance+1","Bullet Time+1","Backflip","Backstab","Blade Dance","Infinite Blades+1","Dagger Spray","Malaise+1","Finisher","Well Laid Plans","Die Die Die","Blur+1","Clumsy","Calculated Gamble+1","After Image","Infinite Blades","Infinite Blades","Madness","Madness","Acrobatics","Caltrops","Terror","Clumsy","Caltrops+1","Backflip+1","Backstab"],"relics":["Ring of the Snake","Bronze Scales","Vajra","Cursed Key","TungstenRod","Mummified Hand","Shuriken","InkBottle","Fusion Hammer","Toxic Egg 2"],"potions_floor_usage":[7,12,25,33],"damage_taken":[{"damage":1,"enemies":"Jaw Worm","floor":1,"turns":5},{"damage":0,"enemies":"Small Slimes","floor":2,"turns":3},{"damage":0,"enemies":"2 Louse","floor":3,"turns":3},{"damage":0,"enemies":"Blue Slaver","floor":4,"turns":6},{"damage":0,"enemies":"Exordium Wildlife","floor":5,"turns":3},{"damage":37,"enemies":"Lagavulin","floor":7,"turns":14},{"damage":0,"enemies":"2 Fungi Beasts","floor":10,"turns":3},{"damage":0,"enemies":"Red Slaver","floor":11,"turns":5},{"damage":5,"enemies":"Large Slime","floor":12,"turns":4},{"damage":0,"enemies":"3 Louse","floor":14,"turns":2},{"damage":19,"enemies":"Hexaghost","floor":16,"turns":10},{"damage":1,"enemies":"Shell Parasite","floor":18,"turns":5},{"damage":1,"enemies":"Chosen","floor":19,"turns":3},{"damage":0,"enemies":"Snecko","floor":21,"turns":5},{"damage":14,"enemies":"Gremlin Leader","floor":25,"turns":7},{"damage":10,"enemies":"Slavers","floor":29,"turns":3},{"damage":0,"enemies":"Book of Stabbing","floor":31,"turns":3},{"damage":31,"enemies":"Champ","floor":33,"turns":9},{"damage":4,"enemies":"3 Shapes","floor":35,"turns":5},{"damage":20,"enemies":"3 Darklings","floor":39,"turns":4},{"damage":0,"enemies":"Transient","floor":42,"turns":5},{"damage":17,"enemies":"Spire Growth","floor":45,"turns":4},{"damage":0,"enemies":"4 Shapes","floor":46,"turns":3},{"damage":21,"enemies":"3 Darklings","floor":47,"turns":4},{"damage":69,"enemies":"Awakened One","floor":50,"turns":13}],"seed_played":"5759313017122103323","potions_obtained":[{"floor":2,"key":"Explosive Potion"},{"floor":3,"key":"Explosive Potion"},{"floor":4,"key":"PowerPotion"},{"floor":5,"key":"SpeedPotion"},{"floor":10,"key":"EssenceOfSteel"},{"floor":19,"key":"Swift Potion"},{"floor":42,"key":"SpeedPotion"},{"floor":47,"key":"GamblersBrew"}],"is_trial":false,"path_per_floor":["M","M","M","M","M","R","E","R","T","M","M","M","R","M","R","B",null,"M","M","?","M","$","R","?","E","T","R","?","E","R","E","R","B",null,"M","$","?","?","M","R","$","M","T","$","M","M","M","?","R","B",null],"character_chosen":"THE_SILENT","items_purchased":["Die Die Die","Infinite Blades","Caltrops","Terror","FairyPotion"],"campfire_rested":3,"item_purchase_floors":[22,36,41,41,41],"current_hp_per_floor":[76,76,76,76,76,76,39,39,39,39,39,34,34,34,34,15,77,76,75,61,61,61,61,61,47,47,47,47,37,61,61,61,30,82,78,78,78,68,52,76,76,80,80,80,63,67,50,50,74,5],"gold":56,"neow_bonus":"TEN_PERCENT_HP_BONUS","is_prod":false,"is_daily":false,"chose_seed":false,"campfire_upgraded":7,"win_rate":0.0,"timestamp":1568141220,"path_taken":["M","M","M","M","M","R","E","R","T","M","M","M","R","M","R","BOSS","M","M","?","M","$","R","?","E","T","R","?","E","R","E","R","BOSS","M","$","?","?","M","R","?","M","T","?","?","M","M","?","R","BOSS"],"build_version":"2019-09-09v2","purchased_purges":2,"victory":true,"max_hp_per_floor":[77,77,77,77,77,77,77,77,77,77,77,77,77,77,77,77,77,77,77,82,82,82,82,82,82,82,82,82,82,82,82,82,82,82,82,82,82,82,82,82,82,82,82,82,82,82,82,82,82,82],"card_choices":[{"not_picked":["Deflect","Slice"],"picked":"Footwork","floor":1},{"not_picked":["Quick Slash","Slice"],"picked":"Blade Dance","floor":2},{"not_picked":["Flechettes","Outmaneuver"],"picked":"Bullet Time","floor":3},{"not_picked":["Skewer","Acrobatics","Underhanded Strike"],"picked":"SKIP","floor":4},{"not_picked":["Backstab","Heel Hook"],"picked":"Backflip","floor":5},{"not_picked":["Sucker Punch","Deadly Poison"],"picked":"Backstab","floor":7},{"not_picked":["Tactician","Acrobatics"],"picked":"Blade Dance","floor":10},{"not_picked":["Deadly Poison","Expertise"],"picked":"Infinite Blades","floor":11},{"not_picked":["Slice","Acrobatics"],"picked":"Dagger Spray","floor":12},{"not_picked":["Predator","Tactician","Sucker Punch"],"picked":"SKIP","floor":14},{"not_picked":["Tools of the Trade","Adrenaline"],"picked":"Malaise","floor":16},{"not_picked":["Reflex","Underhanded Strike+1","Predator"],"picked":"SKIP","floor":18},{"not_picked":["Deadly Poison+1","Underhanded Strike"],"picked":"Finisher","floor":19},{"not_picked":["Outmaneuver","Prepared"],"picked":"Well Laid Plans","floor":21},{"not_picked":["Wraith Form v2","Prepared+1"],"picked":"Blur+1","floor":25},{"not_picked":["Endless Agony","Slice","Quick Slash"],"picked":"SKIP","floor":29},{"not_picked":["Tactician","Poisoned Stab"],"picked":"Calculated Gamble","floor":31},{"not_picked":["Glass Knife","Wraith Form v2"],"picked":"After Image","floor":33},{"not_picked":["Slice","Skewer+1"],"picked":"Infinite Blades","floor":35},{"not_picked":["Sadistic Nature","Mind Blast"],"picked":"Bandage Up","floor":37},{"not_picked":["Sucker Punch","Prepared"],"picked":"Acrobatics","floor":39},{"not_picked":["Dagger Throw+1","Calculated Gamble","Flying Knee"],"picked":"SKIP","floor":42},{"not_picked":["Heel Hook","Underhanded Strike+1"],"picked":"Caltrops+1","floor":45},{"not_picked":["Underhanded Strike","PiercingWail+1"],"picked":"Backflip+1","floor":46},{"not_picked":["Heel Hook","Bouncing Flask+1"],"picked":"Backstab","floor":47}],"player_experience":714,"relics_obtained":[{"floor":7,"key":"Bronze Scales"},{"floor":9,"key":"Vajra"},{"floor":25,"key":"TungstenRod"},{"floor":26,"key":"Mummified Hand"},{"floor":29,"key":"Shuriken"},{"floor":31,"key":"InkBottle"},{"floor":43,"key":"Toxic Egg 2"}],"event_choices":[{"damage_healed":0,"gold_gain":0,"player_choice":"Shed Blood","damage_taken":19,"max_hp_gain":5,"max_hp_loss":0,"event_name":"Forgotten Altar","floor":20,"gold_loss":0},{"damage_healed":0,"gold_gain":0,"player_choice":"Ignored","damage_taken":0,"max_hp_gain":0,"max_hp_loss":0,"event_name":"The Mausoleum","floor":24,"gold_loss":0},{"damage_healed":0,"gold_gain":0,"player_choice":"Simplicity","damage_taken":0,"max_hp_gain":0,"max_hp_loss":0,"event_name":"Back to Basics","floor":28,"gold_loss":0,"cards_upgraded":["Strike_G","Strike_G","Strike_G","Strike_G","Strike_G","Defend_G","Defend_G","Defend_G","Defend_G"]},{"damage_healed":0,"gold_gain":0,"player_choice":"Memory 1","damage_taken":0,"max_hp_gain":0,"max_hp_loss":0,"event_name":"SensoryStone","floor":37,"gold_loss":0},{"damage_healed":0,"gold_gain":0,"player_choice":"Embrace Madness","damage_taken":10,"max_hp_gain":0,"max_hp_loss":0,"event_name":"Winding Halls","floor":38,"gold_loss":0,"cards_obtained":["Madness","Madness"]},{"cards_removed":["Bandage Up"],"damage_healed":0,"gold_gain":0,"player_choice":"Removed Skill","damage_taken":0,"max_hp_gain":0,"max_hp_loss":0,"event_name":"Falling","floor":48,"gold_loss":0}],"is_beta":true,"boss_relics":[{"not_picked":["Coffee Dripper","Velvet Choker"],"picked":"Cursed Key"},{"not_picked":["Black Star","SacredBark"],"picked":"Fusion Hammer"}],"items_purged_floors":[22,36],"is_endless":false,"potions_floor_spawned":[2,3,4,5,10,19,21,42,47],"ascension_level":0}