{"gold_per_floor":[115,129,129,144,156,156,169,169,169,169,202,217,217,93,93,188,188,199,218,133,145,23,23,23],"floor_reached":24,"playtime":1861,"items_purged":["Strike_P"],"score":198,"play_id":"e5b76e86-e8d9-4067-9ba7-04230539e038","local_time":"20190910205653","is_ascension_mode":false,"campfire_choices":[{"data":"DeceiveReality","floor":6.0,"key":"SMITH"},{"floor":8.0,"key":"REST"},{"data":"WindmillStrike","floor":10.0,"key":"SMITH"},{"data":"Crescendo","floor":15.0,"key":"SMITH"},{"floor":23,"key":"REST"}],"neow_cost":"NONE","seed_source_timestamp":0,"circlet_count":0,"master_deck":["Strike_P","Strike_P","Defend_P","Defend_P","Defend_P","Defend_P","Eruption","Vigilance","CrushJoints","Protect","FollowUp","DeceiveReality+1","WindmillStrike+1","EmptyFist","Fasting+1","Establishment+1","Crescendo+1","BattleHymn+1","CutThroughFate","EmptyBody+1","EmptyFist","JustLucky"],"special_seed":0,"relics":["PureWater","Regal Pillow","MealTicket","Frozen Egg 2","SacredBark","Juzu Bracelet"],"potions_floor_usage":[24],"damage_taken":[{"damage":0.0,"enemies":"Cultist","floor":1.0,"turns":2.0},{"damage":4.0,"enemies":"2 Louse","floor":2.0,"turns":3.0},{"damage":0.0,"enemies":"Small Slimes","floor":4.0,"turns":2.0},{"damage":0.0,"enemies":"3 Louse","floor":5.0,"turns":2.0},{"damage":22.0,"enemies":"Exordium Thugs","floor":7.0,"turns":11.0},{"damage":17.0,"enemies":"3 Sentries","floor":11.0,"turns":11.0},{"damage":1.0,"enemies":"Large Slime","floor":12.0,"turns":7.0},{"damage":36.0,"enemies":"Hexaghost","floor":16.0,"turns":11.0},{"damage":8.0,"enemies":"3 Byrds","floor":18.0,"turns":7.0},{"damage":0.0,"enemies":"Chosen","floor":19.0,"turns":3.0},{"damage":45,"enemies":"Centurion and Healer","floor":21,"turns":7},{"damage":86,"enemies":"Slavers","floor":24,"turns":4}],"seed_played":"-7937174912506324861","potions_obtained":[{"floor":1.0,"key":"Swift Potion"},{"floor":7.0,"key":"PowerPotion"},{"floor":12.0,"key":"SteroidPotion"},{"floor":18.0,"key":"Energy Potion"},{"floor":19.0,"key":"Energy Potion"}],"is_trial":false,"path_per_floor":["M","M","?","M","M","R","M","R","T","R","E","M","?","$","R","B",null,"M","M","?","M","$","R","E"],"character_chosen":"WATCHER","items_purchased":["Establishment+1","Crescendo","JustLucky"],"campfire_rested":2,"item_purchase_floors":[14,14,22],"current_hp_per_floor":[71,67,49,49,49,49,27,63,63,63,46,45,45,60,60,24,71,63,63,63,18,33,69,0],"gold":23,"neow_bonus":"TEN_PERCENT_HP_BONUS","is_prod":false,"is_daily":false,"chose_seed":false,"campfire_upgraded":3,"win_rate":0.0,"timestamp":1568174213,"path_taken":["M","?","?","M","M","R","M","R","T","R","E","M","?","$","R","BOSS","M","M","?","M","$","R","E"],"build_version":"2019-09-10","purchased_purges":1,"victory":false,"max_hp_per_floor":[71,71,71,71,71,71,71,71,71,71,71,71,71,71,71,71,71,71,71,71,71,71,71,71],"card_choices":[{"not_picked":["WreathOfFlame","CarveReality"],"picked":"CrushJoints","floor":1.0},{"not_picked":["FollowUp","Scrawl"],"picked":"Protect","floor":2.0},{"not_picked":["ClearTheMind","EmptyBody"],"picked":"FollowUp","floor":4.0},{"not_picked":["Weave","FearNoEvil"],"picked":"DeceiveReality","floor":5.0},{"not_picked":["WaveOfTheHand","Weave"],"picked":"WindmillStrike","floor":7.0},{"not_picked":["Meditate","Swivel"],"picked":"EmptyFist","floor":11.0},{"not_picked":["EmptyFist","FlowState"],"picked":"Fasting+1","floor":12.0},{"not_picked":["SignatureMove","Metaphysics"],"picked":"BattleHymn+1","floor":16.0},{"not_picked":["Halt+1","Protect+1"],"picked":"CutThroughFate","floor":18.0},{"not_picked":["WindmillStrike","Worship"],"picked":"EmptyBody+1","floor":19.0},{"not_picked":["Scrawl","Metaphysics"],"picked":"EmptyFist","floor":21}],"player_experience":310747,"relics_obtained":[{"floor":9.0,"key":"MealTicket"},{"floor":11.0,"key":"Frozen Egg 2"}],"event_choices":[{"damage_healed":0.0,"max_hp_gain":0.0,"max_hp_loss":0.0,"gold_gain":0.0,"event_name":"Scrap Ooze","player_choice":"Success","floor":3.0,"gold_loss":0.0,"damage_taken":18.0,"relics_obtained":["Regal Pillow"]},{"cards_removed":["Strike_P"],"damage_healed":0.0,"max_hp_gain":0.0,"max_hp_loss":0.0,"gold_gain":0.0,"event_name":"Living Wall","player_choice":"Forget","floor":13.0,"gold_loss":0.0,"damage_taken":0.0},{"damage_healed":0,"gold_gain":0,"player_choice":"Obtained Relic","damage_taken":0,"relics_obtained":["Juzu Bracelet"],"max_hp_gain":0,"max_hp_loss":0,"event_name":"Addict","floor":20,"gold_loss":85}],"is_beta":true,"boss_relics":[{"not_picked":["Runic Dome","Pandora\u0027s Box"],"picked":"SacredBark"}],"items_purged_floors":[22],"is_endless":false,"potions_floor_spawned":[1,7,12,18,19],"killed_by":"Slavers","ascension_level":0}