{"gold_per_floor":[117,117,117,133,18,18,61,61,61,61,84,125,125,71,71,190,190,208,208,33,52,52,77,77,96,171,186,101,116,116],"floor_reached":30,"playtime":1444,"items_purged":["Strike_R","Strike_R"],"score":422,"play_id":"77110905-151d-4aa1-af5f-f97a1c1760de","local_time":"20190919195011","is_ascension_mode":true,"campfire_choices":[{"data":"Combust","floor":6.0,"key":"SMITH"},{"data":"Shrug It Off","floor":8.0,"key":"SMITH"},{"data":"Armaments","floor":15.0,"key":"SMITH"},{"floor":24.0,"key":"REST"}],"neow_cost":"NONE","seed_source_timestamp":0,"circlet_count":0,"master_deck":["AscendersBane","Defend_R","Defend_R","Defend_R","Bash","Reaper","Rampage","Shrug It Off+1","Combust+1","Disarm","Armaments+1","Shrug It Off","Immolate","Seeing Red+1","Exhume+1","Warcry+1","Iron Wave","Inflame","Clothesline+1","Bite","Bite","Bite","Bite","Bite","Cleave","Shrug It Off","Iron Wave+1"],"special_seed":0,"relics":["Burning Blood","Bloody Idol","Omamori","Strawberry","Bag of Preparation","Pantograph","Astrolabe","Shovel","Molten Egg 2","Pen Nib"],"potions_floor_usage":[30],"damage_taken":[{"damage":7.0,"enemies":"Jaw Worm","floor":1.0,"turns":4.0},{"damage":0.0,"enemies":"Small Slimes","floor":4.0,"turns":3.0},{"damage":29.0,"enemies":"3 Sentries","floor":7.0,"turns":6.0},{"damage":2.0,"enemies":"Cultist","floor":11.0,"turns":5.0},{"damage":36.0,"enemies":"Gremlin Nob","floor":12.0,"turns":5.0},{"damage":30.0,"enemies":"Slime Boss","floor":16.0,"turns":10.0},{"damage":23.0,"enemies":"2 Thieves","floor":18.0,"turns":4.0},{"damage":32.0,"enemies":"Shell Parasite","floor":21.0,"turns":6.0},{"damage":62.0,"enemies":"Book of Stabbing","floor":23.0,"turns":12.0},{"damage":24.0,"enemies":"Snake Plant","floor":25.0,"turns":6.0},{"damage":26.0,"enemies":"Centurion and Healer","floor":27.0,"turns":6.0},{"damage":7.0,"enemies":"3 Cultists","floor":29.0,"turns":3.0},{"damage":35,"enemies":"Gremlin Leader","floor":30,"turns":4}],"seed_played":"465814414716623302","potions_obtained":[{"floor":4.0,"key":"Fire Potion"},{"floor":10.0,"key":"PowerPotion"},{"floor":10.0,"key":"FearPotion"},{"floor":11.0,"key":"Dexterity Potion"},{"floor":23.0,"key":"Fire Potion"}],"is_trial":false,"path_per_floor":["M","?","?","M","$","R","E","R","T","?","M","E","?","$","R","B",null,"M","?","$","M","?","E","R","M","T","M","?","M","E"],"character_chosen":"IRONCLAD","items_purchased":["Combust","Shrug It Off","Inflame"],"campfire_rested":1,"item_purchase_floors":[5,14,20],"current_hp_per_floor":[71,64,64,74,74,74,59,59,66,66,70,44,44,44,44,51,74,62,62,62,41,41,16,32,21,26,23,23,33,0],"gold":116,"neow_bonus":"ONE_RANDOM_RARE_CARD","is_prod":false,"is_daily":false,"chose_seed":false,"campfire_upgraded":3,"win_rate":0,"timestamp":1568947811,"path_taken":["M","?","?","M","$","R","E","R","T","?","?","E","?","$","R","BOSS","M","?","$","M","?","E","R","M","T","M","?","M","E"],"build_version":"2019-07-17","purchased_purges":2,"victory":false,"max_hp_per_floor":[80,80,74,74,74,74,74,74,81,81,81,81,81,81,81,81,81,81,81,81,81,56,56,56,56,56,56,56,56,56],"card_choices":[{"not_picked":["Body Slam","Headbutt"],"picked":"Rampage","floor":1.0},{"not_picked":["Entrench","Havoc"],"picked":"Shrug It Off","floor":4.0},{"not_picked":["Havoc","Flex"],"picked":"Disarm","floor":7.0},{"not_picked":["Sword Boomerang","Cleave"],"picked":"Armaments","floor":11.0},{"not_picked":["Metallicize","Sword Boomerang","Berserk"],"picked":"SKIP","floor":12.0},{"not_picked":["Offering","Feed"],"picked":"Immolate","floor":16.0},{"not_picked":["Uppercut","Warcry"],"picked":"Iron Wave","floor":18.0},{"not_picked":["Wild Strike+1","Fire Breathing"],"picked":"Clothesline+1","floor":21.0},{"not_picked":["Sever Soul","Brutality","Dark Embrace"],"picked":"SKIP","floor":23.0},{"not_picked":["Burning Pact","Second Wind"],"picked":"Cleave","floor":25.0},{"not_picked":["True Grit","Clash+1"],"picked":"Shrug It Off","floor":27.0},{"not_picked":["Armaments","Pummel+1"],"picked":"Iron Wave+1","floor":29.0}],"player_experience":333149,"relics_obtained":[{"floor":7.0,"key":"Omamori"},{"floor":9.0,"key":"Strawberry"},{"floor":12.0,"key":"Bag of Preparation"},{"floor":23.0,"key":"Shovel"},{"floor":26.0,"key":"Molten Egg 2"}],"event_choices":[{"cards_removed":["Strike_R"],"damage_healed":0.0,"max_hp_gain":0.0,"max_hp_loss":0.0,"gold_gain":0.0,"event_name":"Golden Wing","player_choice":"Card Removal","floor":2.0,"gold_loss":0.0,"damage_taken":7.0},{"damage_healed":0.0,"max_hp_gain":0.0,"max_hp_loss":6.0,"gold_gain":0.0,"event_name":"Golden Idol","player_choice":"Lose Max HP","floor":3.0,"gold_loss":0.0,"damage_taken":0.0,"relics_obtained":["Golden Idol"]},{"damage_healed":0.0,"max_hp_gain":0.0,"max_hp_loss":0.0,"gold_gain":0.0,"event_name":"Lab","player_choice":"Got Potions","floor":10.0,"gold_loss":0.0,"damage_taken":0.0},{"damage_healed":0.0,"max_hp_gain":0.0,"max_hp_loss":0.0,"gold_gain":0.0,"event_name":"Big Fish","player_choice":"Box","floor":13.0,"gold_loss":0.0,"damage_taken":0.0,"relics_obtained":["Pantograph"],"cards_obtained":["Regret"]},{"damage_healed":0.0,"max_hp_gain":0.0,"max_hp_loss":0.0,"gold_gain":0.0,"event_name":"Forgotten Altar","player_choice":"Gave Idol","floor":19.0,"relics_lost":["Golden Idol"],"gold_loss":0.0,"damage_taken":0.0,"relics_obtained":["Bloody Idol"]},{"damage_healed":0.0,"max_hp_gain":0.0,"max_hp_loss":25.0,"gold_gain":0.0,"event_name":"Vampires","player_choice":"Became a vampire","floor":22.0,"gold_loss":0.0,"damage_taken":0.0,"cards_obtained":["Bite","Bite","Bite","Bite","Bite"]},{"damage_healed":0.0,"max_hp_gain":0.0,"max_hp_loss":0.0,"gold_gain":0.0,"event_name":"Addict","player_choice":"Obtained Relic","floor":28.0,"gold_loss":85.0,"damage_taken":0.0,"relics_obtained":["Pen Nib"]}],"is_beta":false,"boss_relics":[{"not_picked":["Runic Dome","White Beast Statue"],"picked":"Astrolabe"}],"items_purged_floors":[5,20],"is_endless":false,"potions_floor_spawned":[4,11,12,21,23],"killed_by":"Gremlin Leader","ascension_level":11}