{"gold_per_floor":[110,110,110,129,129,157,173,192,216,251,263,263,273,286,286,286],"floor_reached":16,"playtime":1401,"items_purged":[],"score":139,"play_id":"9c2f2e13-1c48-4a64-bf3b-5ffe50cf6453","local_time":"20190915192250","is_ascension_mode":false,"campfire_choices":[{"floor":15,"key":"REST"}],"neow_cost":"NONE","seed_source_timestamp":91906719091400,"circlet_count":0,"master_deck":["Strike_G","Strike_G","Strike_G","Strike_G","Strike_G","Defend_G","Defend_G","Defend_G","Defend_G","Defend_G","Survivor","Neutralize","Acrobatics","Cloak And Dagger","Backstab","Infinite Blades","Prepared","Dagger Throw","Underhanded Strike","Prepared","Masterful Stab"],"relics":["Ring of the Snake","NeowsBlessing","Blood Vial","Juzu Bracelet","Bag of Preparation"],"potions_floor_usage":[11,16,16],"damage_taken":[{"damage":0,"enemies":"Jaw Worm","floor":1,"turns":1},{"damage":0,"enemies":"2 Louse","floor":4,"turns":1},{"damage":0,"enemies":"Gremlin Nob","floor":6,"turns":1},{"damage":6,"enemies":"Cultist","floor":7,"turns":4},{"damage":2,"enemies":"Red Slaver","floor":8,"turns":6},{"damage":27,"enemies":"3 Sentries","floor":10,"turns":13},{"damage":13,"enemies":"Exordium Thugs","floor":11,"turns":5},{"damage":8,"enemies":"2 Fungi Beasts","floor":13,"turns":4},{"damage":0,"enemies":"Looter","floor":14,"turns":3},{"damage":47,"enemies":"The Guardian","floor":16,"turns":11}],"seed_played":"-7543794480171453130","potions_obtained":[{"floor":1,"key":"AttackPotion"},{"floor":4,"key":"Explosive Potion"},{"floor":6,"key":"Ancient Potion"},{"floor":14,"key":"Explosive Potion"}],"is_trial":false,"path_per_floor":["M","?","?","M","?","E","M","M","T","E","M","?","M","M","R","B"],"character_chosen":"THE_SILENT","items_purchased":[],"campfire_rested":1,"item_purchase_floors":[],"current_hp_per_floor":[70,70,70,70,70,70,64,64,64,39,28,28,22,24,45,0],"gold":286,"neow_bonus":"THREE_ENEMY_KILL","is_prod":false,"is_daily":false,"chose_seed":false,"campfire_upgraded":0,"win_rate":0,"timestamp":1568593370,"path_taken":["M","?","?","M","?","E","M","M","T","E","M","?","M","M","R","BOSS"],"build_version":"2019-07-17","purchased_purges":0,"victory":false,"max_hp_per_floor":[70,70,70,70,70,70,70,70,70,70,70,70,70,70,70,70],"card_choices":[{"not_picked":["Skewer","All Out Attack"],"picked":"Acrobatics","floor":1},{"not_picked":["Prepared","PiercingWail"],"picked":"Cloak And Dagger","floor":4},{"not_picked":["Finisher","Wraith Form v2"],"picked":"Backstab","floor":6},{"not_picked":["Dodge and Roll","Deflect"],"picked":"Infinite Blades","floor":7},{"not_picked":["Underhanded Strike","Bane"],"picked":"Prepared","floor":8},{"not_picked":["Leg Sweep","Dagger Spray"],"picked":"Dagger Throw","floor":10},{"not_picked":["Predator","Terror"],"picked":"Underhanded Strike","floor":11},{"not_picked":["Storm of Steel","Deflect"],"picked":"Prepared","floor":13},{"not_picked":["Blur","PiercingWail"],"picked":"Masterful Stab","floor":14}],"player_experience":145807,"relics_obtained":[{"floor":6,"key":"Blood Vial"},{"floor":9,"key":"Juzu Bracelet"},{"floor":10,"key":"Bag of Preparation"}],"event_choices":[{"damage_healed":0,"gold_gain":0,"player_choice":"Ignored","damage_taken":0,"max_hp_gain":0,"max_hp_loss":0,"event_name":"Golden Wing","floor":2,"gold_loss":0},{"damage_healed":0,"gold_gain":0,"player_choice":"Ignored","damage_taken":0,"max_hp_gain":0,"max_hp_loss":0,"event_name":"Shining Light","floor":3,"gold_loss":0},{"damage_healed":0,"gold_gain":0,"player_choice":"Bought 0 Potions","damage_taken":0,"max_hp_gain":0,"max_hp_loss":0,"event_name":"The Woman in Blue","floor":5,"gold_loss":0},{"damage_healed":0,"gold_gain":0,"player_choice":"Ignored","damage_taken":0,"max_hp_gain":0,"max_hp_loss":0,"event_name":"NoteForYourself","floor":12,"gold_loss":0}],"is_beta":false,"boss_relics":[],"items_purged_floors":[],"is_endless":false,"potions_floor_spawned":[1,4,6,14],"killed_by":"The Guardian","ascension_level":0}