{"gold_per_floor":[111,131,143,93,104,104,134,134,134,134,134,134,167,184,184,285,285,303,313,332,332,66,66,96,96,96,116,116,0,14,27,27,126,126,137,147,57,77,77,77,94,124,149,159,175,186,186,86,86,86],"floor_reached":50,"playtime":4850,"items_purged":["Strike_G","Strike_G"],"score":581,"play_id":"7fb5cd19-2c78-420b-b327-08d928d4dd05","local_time":"20190908143111","is_ascension_mode":false,"campfire_choices":[{"data":"Neutralize","floor":6.0,"key":"SMITH"},{"data":"Infinite Blades","floor":8.0,"key":"SMITH"},{"data":"Accuracy","floor":10.0,"key":"SMITH"},{"data":"Cloak And Dagger","floor":12.0,"key":"SMITH"},{"data":"Finisher","floor":15.0,"key":"SMITH"},{"data":"Infinite Blades","floor":23.0,"key":"SMITH"},{"floor":25.0,"key":"REST"},{"data":"Adrenaline","floor":28.0,"key":"SMITH"},{"floor":32.0,"key":"REST"},{"floor":40,"key":"REST"},{"floor":47,"key":"REST"},{"floor":49,"key":"RECALL"}],"neow_cost":"NONE","seed_source_timestamp":0,"circlet_count":0,"master_deck":["Strike_G","Strike_G","Defend_G","Defend_G","Survivor","Neutralize+1","Infinite Blades+1","Accuracy+1","Dagger Throw","Cloak And Dagger+1","Finisher+1","PiercingWail+1","Distraction","Well Laid Plans","Adrenaline+1","All Out Attack+1","Infinite Blades+1","Backflip","Blur","Sweeping Beam","Beam Cell+1","Echo Form","Double Energy+1","Warcry+1","Recycle","Conserve Battery+1","Self Repair+1","White Noise","Parasite","After Image"],"special_seed":0,"relics":["Ring of the Snake","Bag of Marbles","Oddly Smooth Stone","Pear","Sozu","PrismaticShard","Question Card","Lizard Tail","Kunai","Strawberry"],"potions_floor_usage":[],"damage_taken":[{"damage":2.0,"enemies":"Small Slimes","floor":1.0,"turns":5.0},{"damage":0.0,"enemies":"Cultist","floor":2.0,"turns":3.0},{"damage":2.0,"enemies":"Jaw Worm","floor":3.0,"turns":4.0},{"damage":1.0,"enemies":"Looter","floor":5.0,"turns":3.0},{"damage":10.0,"enemies":"Lagavulin","floor":7.0,"turns":6.0},{"damage":21.0,"enemies":"Gremlin Nob","floor":13.0,"turns":4.0},{"damage":0.0,"enemies":"Lots of Slimes","floor":14.0,"turns":4.0},{"damage":0.0,"enemies":"Hexaghost","floor":16.0,"turns":7.0},{"damage":0.0,"enemies":"Spheric Guardian","floor":18.0,"turns":2.0},{"damage":8.0,"enemies":"2 Thieves","floor":19.0,"turns":2.0},{"damage":0.0,"enemies":"Centurion and Healer","floor":20.0,"turns":5.0},{"damage":32.0,"enemies":"Slavers","floor":24.0,"turns":4.0},{"damage":0.0,"enemies":"Snake Plant","floor":27.0,"turns":3.0},{"damage":0.0,"enemies":"Shelled Parasite and Fungi","floor":30.0,"turns":4.0},{"damage":11.0,"enemies":"Centurion and Healer","floor":31.0,"turns":4.0},{"damage":10.0,"enemies":"Collector","floor":33.0,"turns":6.0},{"damage":24.0,"enemies":"3 Darklings","floor":35.0,"turns":4.0},{"damage":11.0,"enemies":"Orb Walker","floor":36.0,"turns":4.0},{"damage":25,"enemies":"Writhing Mass","floor":38,"turns":5},{"damage":10,"enemies":"3 Darklings","floor":41,"turns":5},{"damage":48,"enemies":"Reptomancer","floor":42,"turns":6},{"damage":26,"enemies":"Sphere and 2 Shapes","floor":44,"turns":5},{"damage":1,"enemies":"Writhing Mass","floor":45,"turns":5},{"damage":24,"enemies":"Transient","floor":46,"turns":5},{"damage":45,"enemies":"Awakened One","floor":50,"turns":2}],"seed_played":"5537401972844539376","potions_obtained":[{"floor":1.0,"key":"SkillPotion"},{"floor":5.0,"key":"Fire Potion"},{"floor":13.0,"key":"FearPotion"},{"floor":16.0,"key":"LiquidBronze"}],"is_trial":false,"path_per_floor":["M","M","M","?","M","R","E","R","T","R","?","R","E","M","R","B",null,"M","M","M","?","$","R","E","R","T","M","R","?","M","M","R","B",null,"M","M","?","M","?","R","M","E","T","M","M","M","R","$","R","B"],"character_chosen":"THE_SILENT","items_purchased":["PrismaticShard"],"campfire_rested":4,"item_purchase_floors":[22],"current_hp_per_floor":[68,68,66,66,65,65,55,55,55,55,55,55,44,44,44,44,80,80,72,72,57,57,57,25,50,50,50,50,50,50,39,64,54,85,61,50,50,25,25,49,39,31,38,22,31,17,43,43,43,0],"gold":86,"neow_bonus":"TRANSFORM_CARD","is_prod":false,"is_daily":false,"chose_seed":false,"campfire_upgraded":7,"win_rate":0,"timestamp":1567949471,"path_taken":["M","M","M","?","M","R","E","R","T","R","?","R","E","M","R","BOSS","M","M","M","?","$","R","E","R","T","M","R","?","M","M","R","BOSS","M","M","?","?","?","R","M","E","T","M","M","M","R","?","R","BOSS"],"build_version":"2019-07-17","purchased_purges":2,"victory":false,"max_hp_per_floor":[70,70,70,70,70,70,70,70,70,70,70,70,80,80,80,80,80,80,80,80,85,85,85,85,85,85,85,85,85,85,85,85,85,85,85,85,85,85,81,81,81,81,88,88,88,88,88,88,88,88],"card_choices":[{"not_picked":["Crippling Poison","Cloak And Dagger"],"picked":"Accuracy","floor":1.0},{"not_picked":["Poisoned Stab","Sucker Punch"],"picked":"Dagger Throw","floor":2.0},{"not_picked":["Riddle With Holes","Crippling Poison"],"picked":"Cloak And Dagger","floor":3.0},{"not_picked":["Predator","Dodge and Roll"],"picked":"Finisher","floor":5.0},{"not_picked":["Bane","Glass Knife"],"picked":"PiercingWail","floor":7.0},{"not_picked":["Sucker Punch","Underhanded Strike","Riddle With Holes"],"picked":"SKIP","floor":13.0},{"not_picked":["Sucker Punch","Dagger Throw"],"picked":"Well Laid Plans","floor":14.0},{"not_picked":["Bullet Time","Die Die Die"],"picked":"Adrenaline","floor":16.0},{"not_picked":["Dodge and Roll","Sucker Punch+1"],"picked":"All Out Attack+1","floor":18.0},{"not_picked":["Deflect","Accuracy+1"],"picked":"Infinite Blades","floor":19.0},{"not_picked":["Deadly Poison+1","Bouncing Flask"],"picked":"Backflip","floor":20.0},{"not_picked":["Go for the Eyes","PiercingWail","Leap"],"picked":"SKIP","floor":24.0},{"not_picked":["Twin Strike","Perfected Strike","Headbutt"],"picked":"Blur","floor":27.0},{"not_picked":["Iron Wave","Meteor Strike","Capacitor+1"],"picked":"Sweeping Beam","floor":30.0},{"not_picked":["Clash","Fire Breathing","Prepared+1"],"picked":"Beam Cell+1","floor":31.0},{"not_picked":["Secret Technique","Violence","Biased Cognition"],"picked":"Echo Form","floor":33.0},{"not_picked":["Dagger Throw","Reprogram","Warcry+1"],"picked":"Double Energy+1","floor":35.0},{"not_picked":["Storm","Quick Slash+1","Second Wind+1"],"picked":"Warcry+1","floor":36},{"not_picked":["Redo+1","Searing Blow","Sunder+1"],"picked":"Recycle","floor":38},{"not_picked":["Deflect+1","Escape Plan+1","Dagger Throw"],"picked":"Conserve Battery+1","floor":41},{"not_picked":["Compile Driver","Cold Snap","Reckless Charge"],"picked":"Self Repair+1","floor":42},{"not_picked":["Beam Cell+1","Clothesline+1","Leap"],"picked":"White Noise","floor":44},{"not_picked":["Cold Snap+1","Steam","Gash","Anger"],"picked":"SKIP","floor":45},{"not_picked":["Turbo","Flying Knee","Tempest+1"],"picked":"After Image","floor":46}],"player_experience":77796,"relics_obtained":[{"floor":7.0,"key":"Bag of Marbles"},{"floor":9.0,"key":"Oddly Smooth Stone"},{"floor":13.0,"key":"Pear"},{"floor":24.0,"key":"Question Card"},{"floor":42,"key":"Kunai"},{"floor":43,"key":"Strawberry"}],"event_choices":[{"cards_removed":["Strike_G"],"damage_healed":0.0,"max_hp_gain":0.0,"max_hp_loss":0.0,"gold_gain":0.0,"event_name":"The Cleric","player_choice":"Card Removal","floor":4.0,"gold_loss":50.0,"damage_taken":0.0},{"damage_healed":0.0,"max_hp_gain":0.0,"max_hp_loss":0.0,"gold_gain":0.0,"cards_transformed":["Defend_G"],"event_name":"Transmorgrifier","player_choice":"Transformed","floor":11.0,"gold_loss":0.0,"damage_taken":0.0,"cards_obtained":["Distraction"]},{"damage_healed":0.0,"max_hp_gain":5.0,"max_hp_loss":0.0,"gold_gain":0.0,"event_name":"Forgotten Altar","player_choice":"Shed Blood","floor":21.0,"gold_loss":0.0,"damage_taken":20.0},{"damage_healed":0.0,"max_hp_gain":0.0,"max_hp_loss":0.0,"gold_gain":0.0,"event_name":"Masked Bandits","player_choice":"Paid Fearfully","floor":29.0,"gold_loss":116.0,"damage_taken":0.0},{"cards_removed":["Defend_G"],"damage_healed":0,"gold_gain":0,"player_choice":"Upgrade and Remove","damage_taken":0,"max_hp_gain":0,"max_hp_loss":0,"event_name":"Designer","floor":37,"gold_loss":90,"cards_upgraded":["PiercingWail"]},{"damage_healed":0,"gold_gain":0,"player_choice":"Max HP","damage_taken":0,"max_hp_gain":0,"max_hp_loss":4,"event_name":"Winding Halls","floor":39,"gold_loss":0}],"is_beta":false,"boss_relics":[{"not_picked":["Black Star","Fusion Hammer"],"picked":"Sozu"},{"not_picked":["Tiny House","Runic Pyramid"],"picked":"Lizard Tail"}],"items_purged_floors":[22,48],"is_endless":false,"potions_floor_spawned":[1,5,13,16,19,20,24,31,38,41,44,46],"killed_by":"Awakened One","ascension_level":0}