{"gold_per_floor":[117,117,134,114,134,134,169,182,232,232,259,259,293,350,350,449,449,468,487,204,231,251,285,285,318,318,334,234,250,279,292,292,387,387,402,277,1276,1291,1291,1348,1348,1374,1374,1408,1408,1442,1455,1485,1485,1485,1485,1485,693,724,724],"floor_reached":56,"playtime":1190,"items_purged":["All Out Attack","Swift Strike","Deflect","Flash of Steel"],"score":1971,"play_id":"739d803c-1a97-4ba2-b9d9-16365e5e62e2","local_time":"20190826135241","daily_mods":["SealedDeck","Red Cards","Colorless Cards","DeadlyEvents","Elite Swarm","Lethality","Night Terrors","Terminal"],"is_ascension_mode":false,"campfire_choices":[{"data":"Armaments","floor":6.0,"key":"SMITH"},{"data":"Dual Wield","floor":10.0,"key":"SMITH"},{"data":"Trip","floor":12.0,"key":"SMITH"},{"floor":15.0,"key":"RECALL"},{"floor":32,"key":"DIG"},{"floor":41,"key":"DIG"},{"floor":45,"key":"DIG"},{"floor":49,"key":"DIG"},{"data":"Malaise","floor":52,"key":"SMITH"}],"neow_cost":"","seed_source_timestamp":0,"circlet_count":0,"master_deck":["Dual Wield+1","Trip+1","Escape Plan","Backflip","Metallicize","Grand Finale+1","Flash of Steel+1","Deep Breath+1","Master of Strategy+1","Adrenaline+1","Adrenaline","Malaise+1"],"special_seed":0,"relics":["Ring of the Snake","Molten Egg 2","Orichalcum","Anchor","Omamori","Pen Nib","Coffee Dripper","ClockworkSouvenir","Red Mask","Shovel","Matryoshka","Bronze Scales","Ancient Tea Set","Runic Pyramid","Tiny Chest","Paper Crane","Question Card","War Paint","Strawberry","Oddly Smooth Stone","Happy Flower","Vajra","Snake Skull","Du-Vu Doll","Art of War","OrangePellets","Gremlin Horn"],"potions_floor_usage":[55,55,55],"damage_taken":[{"damage":0.0,"enemies":"2 Louse","floor":1.0,"turns":1.0},{"damage":0.0,"enemies":"Small Slimes","floor":3.0,"turns":1.0},{"damage":0.0,"enemies":"Cultist","floor":5.0,"turns":2.0},{"damage":0.0,"enemies":"Lagavulin","floor":7.0,"turns":2.0},{"damage":0.0,"enemies":"2 Fungi Beasts","floor":8.0,"turns":1.0},{"damage":0.0,"enemies":"3 Sentries","floor":11.0,"turns":1.0},{"damage":0.0,"enemies":"Lagavulin","floor":13.0,"turns":2.0},{"damage":0.0,"enemies":"Lagavulin Event","floor":14.0,"turns":2.0},{"damage":0.0,"enemies":"Hexaghost","floor":16.0,"turns":2.0},{"damage":0.0,"enemies":"Spheric Guardian","floor":18.0,"turns":1.0},{"damage":0.0,"enemies":"Chosen","floor":19.0,"turns":1.0},{"damage":0.0,"enemies":"Masked Bandits","floor":21.0,"turns":1.0},{"damage":0.0,"enemies":"Snake Plant","floor":22.0,"turns":1.0},{"damage":0.0,"enemies":"Gremlin Leader","floor":23.0,"turns":1.0},{"damage":0,"enemies":"Slavers","floor":25,"turns":1},{"damage":0,"enemies":"Chosen and Byrds","floor":27,"turns":1},{"damage":0,"enemies":"Centurion and Healer","floor":29,"turns":1},{"damage":0,"enemies":"Book of Stabbing","floor":30,"turns":1},{"damage":0,"enemies":"Snecko","floor":31,"turns":1},{"damage":0,"enemies":"Collector","floor":33,"turns":1},{"damage":0,"enemies":"3 Shapes","floor":35,"turns":1},{"damage":0,"enemies":"3 Darklings","floor":38,"turns":1},{"damage":0,"enemies":"Nemesis","floor":40,"turns":1},{"damage":0,"enemies":"Giant Head","floor":42,"turns":1},{"damage":0,"enemies":"Reptomancer","floor":44,"turns":1},{"damage":0,"enemies":"Giant Head","floor":46,"turns":1},{"damage":0,"enemies":"Writhing Mass","floor":47,"turns":1},{"damage":0,"enemies":"Nemesis","floor":48,"turns":1},{"damage":0,"enemies":"Donu and Deca","floor":50,"turns":1},{"damage":0,"enemies":"Shield and Spear","floor":54,"turns":1},{"damage":0,"enemies":"The Heart","floor":55,"turns":3}],"seed_played":"3127386635139693605","potions_obtained":[{"floor":3.0,"key":"AttackPotion"},{"floor":4.0,"key":"Energy Potion"},{"floor":7.0,"key":"PowerPotion"},{"floor":18.0,"key":"PowerPotion"}],"is_trial":true,"path_per_floor":["M","?","M","?","M","R","E","M","T","R","E","R","E","?","R","B",null,"M","M","$","?","M","E","?","E","T","M","$","M","E","M","R","B",null,"M","$","?","M","?","E","R","E","T","E","R","E","M","E","R","B",null,"R","$","E","B",null],"character_chosen":"THE_SILENT","items_purchased":["ClockworkSouvenir","Du-Vu Doll","Art of War","OrangePellets"],"campfire_rested":0,"item_purchase_floors":[20,53,53,53],"current_hp_per_floor":[68,67,66,65,64,63,62,61,60,59,58,57,56,55,54,53,52,51,50,49,48,47,46,45,44,43,42,41,40,39,38,37,36,35,34,33,32,31,30,29,28,27,26,32,31,30,29,28,27,26,25,24,23,22,21],"gold":724,"neow_bonus":"","is_prod":false,"is_daily":false,"chose_seed":false,"campfire_upgraded":4,"win_rate":0,"timestamp":1566798761,"path_taken":["M","?","M","?","?","R","E","M","T","R","E","R","E","?","R","BOSS","M","M","$","?","M","E","?","E","T","M","?","M","E","M","R","BOSS","M","$","?","M","?","E","R","E","T","E","R","E","M","?","R","BOSS","R","$","E","BOSS"],"build_version":"2019-07-17","purchased_purges":4,"victory":true,"max_hp_per_floor":[68,67,66,65,64,63,62,61,60,59,58,57,56,55,54,53,52,51,50,49,48,47,46,45,44,43,42,41,40,39,38,37,36,35,34,33,32,31,30,29,28,27,26,32,31,30,29,28,27,26,25,24,23,22,21],"card_choices":[{"not_picked":["Caltrops","Slice","Clothesline"],"picked":"SKIP","floor":1.0},{"not_picked":["Choke","Outmaneuver","Bullet Time"],"picked":"SKIP","floor":3.0},{"not_picked":["Sword Boomerang","Swift Strike","Good Instincts"],"picked":"SKIP","floor":5.0},{"not_picked":["A Thousand Cuts","Transmutation","Berserk"],"picked":"SKIP","floor":7.0},{"not_picked":["Warcry","Inflame","Cleave+1"],"picked":"SKIP","floor":8.0},{"not_picked":["Tools of the Trade","Panache","Brutality"],"picked":"SKIP","floor":11.0},{"not_picked":["Die Die Die+1","Mayhem","Panache"],"picked":"SKIP","floor":13.0},{"not_picked":["Mayhem","Feed+1"],"picked":"Grand Finale+1","floor":16.0},{"not_picked":["Clothesline+1","Wild Strike+1"],"picked":"Flash of Steel+1","floor":18.0},{"not_picked":["Dagger Spray+1","Flex","Armaments"],"picked":"SKIP","floor":19.0},{"not_picked":["Dark Shackles","Infinite Blades","Deep Breath+1"],"picked":"SKIP","floor":22.0},{"not_picked":["Dark Shackles","Infinite Blades"],"picked":"Deep Breath+1","floor":22.0},{"not_picked":["Magnetism","Corpse Explosion"],"picked":"Master of Strategy","floor":23.0},{"not_picked":["Bludgeon+1","Master of Strategy"],"picked":"Adrenaline","floor":25},{"not_picked":["Shrug It Off","Pummel+1","Spot Weakness+1"],"picked":"SKIP","floor":27},{"not_picked":["Quick Slash+1","Backflip","Cloak And Dagger"],"picked":"SKIP","floor":29},{"not_picked":["Feed+1","Phantasmal Killer","Unload+1"],"picked":"SKIP","floor":30},{"not_picked":["Perfected Strike+1","Flying Knee+1","Armaments+1"],"picked":"SKIP","floor":31},{"not_picked":["Metallicize","Prepared","Armaments"],"picked":"SKIP","floor":35},{"not_picked":["Perfected Strike+1","PiercingWail","Disarm"],"picked":"SKIP","floor":38},{"not_picked":["Impervious","Unload+1","Night Terror"],"picked":"SKIP","floor":40},{"not_picked":["Fiend Fire+1","Burst","Dark Embrace"],"picked":"SKIP","floor":42},{"not_picked":["Impervious","The Bomb","Chrysalis","Night Terror"],"picked":"SKIP","floor":44},{"not_picked":["Impervious","The Bomb","Chrysalis","Night Terror"],"picked":"SKIP","floor":44},{"not_picked":["Juggernaut","Sadistic Nature","Master of Strategy"],"picked":"Adrenaline","floor":46},{"not_picked":["Dramatic Entrance+1","Poisoned Stab+1","Heel Hook+1","Shrug It Off+1"],"picked":"SKIP","floor":47},{"not_picked":["Burst","Berserk","Transmutation"],"picked":"Malaise","floor":48},{"not_picked":["Exhume","Secret Weapon","Limit Break","Juggernaut"],"picked":"SKIP","floor":54}],"player_experience":876211,"relics_obtained":[{"floor":7.0,"key":"Molten Egg 2"},{"floor":9.0,"key":"Orichalcum"},{"floor":11.0,"key":"Anchor"},{"floor":13.0,"key":"Omamori"},{"floor":14.0,"key":"Pen Nib"},{"floor":21.0,"key":"Red Mask"},{"floor":25,"key":"Shovel"},{"floor":26,"key":"Matryoshka"},{"floor":30,"key":"Bronze Scales"},{"floor":32,"key":"Ancient Tea Set"},{"floor":40,"key":"Tiny Chest"},{"floor":41,"key":"Paper Crane"},{"floor":42,"key":"Question Card"},{"floor":43,"key":"War Paint"},{"floor":44,"key":"Strawberry"},{"floor":45,"key":"Oddly Smooth Stone"},{"floor":46,"key":"Happy Flower"},{"floor":48,"key":"Vajra"},{"floor":49,"key":"Snake Skull"},{"floor":54,"key":"Gremlin Horn"}],"event_choices":[{"damage_healed":0.0,"max_hp_gain":0.0,"max_hp_loss":0.0,"gold_gain":0.0,"event_name":"Liars Game","player_choice":"Ignored","floor":2.0,"gold_loss":0.0,"damage_taken":0.0},{"damage_healed":0.0,"max_hp_gain":0.0,"max_hp_loss":0.0,"gold_gain":0.0,"event_name":"The Woman in Blue","player_choice":"Bought 1 Potion","floor":4.0,"gold_loss":0.0,"damage_taken":0.0},{"damage_healed":0.0,"max_hp_gain":0.0,"max_hp_loss":0.0,"gold_gain":30.0,"event_name":"Dead Adventurer","player_choice":"Searched \u00272\u0027 times","floor":14.0,"gold_loss":0.0,"damage_taken":0.0},{"damage_healed":0.0,"max_hp_gain":0.0,"max_hp_loss":0.0,"gold_gain":0.0,"event_name":"Masked Bandits","player_choice":"Fought Bandits","floor":21.0,"gold_loss":0.0,"damage_taken":0.0},{"damage_healed":15,"gold_gain":0,"player_choice":"Heal","damage_taken":0,"max_hp_gain":0,"max_hp_loss":0,"event_name":"The Library","floor":24,"gold_loss":0},{"damage_healed":0,"gold_gain":999,"player_choice":"Gold","damage_taken":0,"max_hp_gain":0,"max_hp_loss":0,"event_name":"MindBloom","floor":37,"gold_loss":0,"cards_obtained":["Normality","Normality"]},{"cards_removed":["Armaments"],"damage_healed":0,"gold_gain":0,"player_choice":"Removed Skill","damage_taken":0,"max_hp_gain":0,"max_hp_loss":0,"event_name":"Falling","floor":39,"gold_loss":0}],"is_beta":false,"boss_relics":[{"not_picked":["Runic Dome","Calling Bell"],"picked":"Coffee Dripper"},{"not_picked":["Ring of the Serpent","Sozu"],"picked":"Runic Pyramid"}],"items_purged_floors":[20,28,36,53],"is_endless":false,"potions_floor_spawned":[3,7,11,16,18,21,25,31,35,42,47],"ascension_level":0}