{"gold_per_floor":[109,109,125,139,64,99,99,130,130,130,130,157,157,171,171,266,266,282,297,297,347,50,50,66,76,76,109,24,24,34,34,34,132,132,144,159,169,129,149,181,181,206,206,221,221,241,241,241,241,241],"floor_reached":51,"playtime":5223,"items_purged":["Strike_B","Regret"],"score":889,"play_id":"a5190481-8303-4346-8e08-078e477eda93","local_time":"20190824121647","is_ascension_mode":true,"campfire_choices":[{"data":"Zap","floor":7.0,"key":"SMITH"},{"data":"Capacitor","floor":13.0,"key":"SMITH"},{"data":"Glacier","floor":15.0,"key":"SMITH"},{"data":"Biased Cognition","floor":23.0,"key":"SMITH"},{"floor":32.0,"key":"REST"},{"data":"Defragment","floor":41.0,"key":"SMITH"},{"data":"Buffer","floor":45,"key":"SMITH"},{"floor":49,"key":"DIG"}],"neow_cost":"NONE","seed_source_timestamp":0,"circlet_count":0,"master_deck":["Strike_B+1","Strike_B+1","Strike_B+1","Defend_B+1","Defend_B+1","Defend_B+1","Defend_B+1","Zap+1","Dualcast+1","Deep Breath","Ball Lightning","Steam+1","Glacier+1","Leap+1","Capacitor+1","Chill+1","Stack+1","Biased Cognition+1","Conserve Battery+1","White Noise+1","Metamorphosis+1","Blizzard+1","Steam+1","Buffer+1","Auto Shields+1","Defragment+1","FTL+1","Genetic Algorithm+1","White Noise+1","Rainbow+1","Capacitor+1","Sunder","White Noise+1"],"special_seed":0,"relics":["FrozenCore","Blue Candle","Bird Faced Urn","Prayer Wheel","Bottled Lightning","Toxic Egg 2","Gremlin Horn","Letter Opener","Orichalcum","Kunai","Philosopher\u0027s Stone","War Paint","Darkstone Periapt","Pantograph","Shovel","Anchor"],"potions_floor_usage":[50],"damage_taken":[{"damage":3.0,"enemies":"2 Louse","floor":1.0,"turns":3.0},{"damage":1.0,"enemies":"Cultist","floor":3.0,"turns":3.0},{"damage":0.0,"enemies":"Small Slimes","floor":4.0,"turns":2.0},{"damage":10.0,"enemies":"Gremlin Nob","floor":6.0,"turns":5.0},{"damage":9.0,"enemies":"3 Sentries","floor":8.0,"turns":6.0},{"damage":13.0,"enemies":"Lagavulin","floor":12.0,"turns":8.0},{"damage":0.0,"enemies":"Looter","floor":14.0,"turns":3.0},{"damage":29.0,"enemies":"Slime Boss","floor":16.0,"turns":11.0},{"damage":2.0,"enemies":"Chosen","floor":18.0,"turns":8.0},{"damage":5.0,"enemies":"2 Thieves","floor":19.0,"turns":5.0},{"damage":7.0,"enemies":"Cultist and Chosen","floor":24.0,"turns":8.0},{"damage":22.0,"enemies":"Snake Plant","floor":25.0,"turns":6.0},{"damage":20.0,"enemies":"Book of Stabbing","floor":27.0,"turns":7.0},{"damage":9.0,"enemies":"Centurion and Healer","floor":30.0,"turns":8.0},{"damage":48.0,"enemies":"Champ","floor":33.0,"turns":10.0},{"damage":10.0,"enemies":"3 Darklings","floor":35.0,"turns":5.0},{"damage":9.0,"enemies":"Orb Walker","floor":36.0,"turns":5.0},{"damage":7.0,"enemies":"Spire Growth","floor":37.0,"turns":6.0},{"damage":0.0,"enemies":"3 Darklings","floor":39.0,"turns":6.0},{"damage":39.0,"enemies":"Giant Head","floor":40.0,"turns":12.0},{"damage":0,"enemies":"Nemesis","floor":42,"turns":11},{"damage":0,"enemies":"Maw","floor":44,"turns":9},{"damage":15,"enemies":"Jaw Worm Horde","floor":46,"turns":6},{"damage":37,"enemies":"Awakened One","floor":50,"turns":15}],"seed_played":"390131062600566318","potions_obtained":[{"floor":2.0,"key":"EssenceOfSteel"},{"floor":2.0,"key":"Fire Potion"},{"floor":2.0,"key":"SmokeBomb"},{"floor":4.0,"key":"EssenceOfSteel"},{"floor":6.0,"key":"AttackPotion"},{"floor":12.0,"key":"Energy Potion"},{"floor":14.0,"key":"EssenceOfSteel"},{"floor":16.0,"key":"PowerPotion"},{"floor":19.0,"key":"AttackPotion"},{"floor":24.0,"key":"PowerPotion"},{"floor":27.0,"key":"GamblersBrew"},{"floor":35.0,"key":"LiquidBronze"},{"floor":37.0,"key":"Swift Potion"}],"is_trial":false,"path_per_floor":["M","?","M","M","$","E","R","E","T","T","?","E","R","M","R","B",null,"M","M","?","?","$","R","M","M","T","E","?","?","M","$","R","B",null,"M","M","M","?","M","E","R","E","T","M","R","M","T","?","R","B",null],"character_chosen":"DEFECT","items_purchased":["Metamorphosis+1"],"campfire_rested":1,"item_purchase_floors":[22],"current_hp_per_floor":[72,72,71,71,71,61,61,52,52,52,52,39,39,41,41,14,75,75,75,75,75,75,75,72,54,54,38,38,38,37,37,59,19,75,69,62,63,63,73,38,38,50,50,62,62,59,59,59,59,50],"gold":241,"neow_bonus":"RANDOM_COLORLESS","is_prod":false,"is_daily":false,"chose_seed":false,"campfire_upgraded":6,"win_rate":0,"timestamp":1566674207,"path_taken":["M","?","?","M","$","E","R","E","T","?","?","E","R","M","R","BOSS","M","M","?","?","$","R","M","?","T","E","?","?","M","?","R","BOSS","M","M","?","?","M","E","R","E","T","?","R","M","?","?","R","BOSS"],"build_version":"2019-07-17","purchased_purges":2,"victory":true,"max_hp_per_floor":[75,75,75,75,75,75,75,75,75,75,75,75,75,75,75,75,75,75,75,75,75,75,75,75,75,75,75,75,75,75,75,75,75,75,75,75,75,75,75,75,75,75,75,75,75,75,75,75,75,75],"card_choices":[{"not_picked":["Coolheaded","Conserve Battery"],"picked":"Ball Lightning","floor":1.0},{"not_picked":["Stack","Hello World"],"picked":"Steam","floor":3.0},{"not_picked":["Aggregate","Skim"],"picked":"Glacier","floor":4.0},{"not_picked":["Lockon","Chill"],"picked":"Leap","floor":6.0},{"not_picked":["Recycle","Leap"],"picked":"Barrage","floor":8.0},{"not_picked":["BootSequence+1","Go for the Eyes"],"picked":"Capacitor","floor":12.0},{"not_picked":["Melter","Rip and Tear"],"picked":"Chill+1","floor":14.0},{"not_picked":["Storm","Heatsinks"],"picked":"Stack+1","floor":14.0},{"not_picked":["Fission+1","Core Surge"],"picked":"Biased Cognition","floor":16.0},{"not_picked":["FTL","Streamline"],"picked":"Conserve Battery+1","floor":18.0},{"not_picked":["Redo+1","Go for the Eyes+1"],"picked":"White Noise+1","floor":18.0},{"not_picked":["Stack+1","Compile Driver","Redo+1"],"picked":"SKIP","floor":19.0},{"not_picked":["Leap+1","Compile Driver+1","Stack+1"],"picked":"SKIP","floor":19.0},{"not_picked":["Streamline","Gash"],"picked":"Blizzard+1","floor":24.0},{"not_picked":["Meteor Strike","Cold Snap"],"picked":"Steam+1","floor":24.0},{"not_picked":["Hologram+1","Barrage","Reinforced Body+1"],"picked":"SKIP","floor":25.0},{"not_picked":["Rebound","Gash","Cold Snap"],"picked":"SKIP","floor":25.0},{"not_picked":["Scrape+1","Tempest+1"],"picked":"Buffer","floor":27.0},{"not_picked":["Rebound","Barrage"],"picked":"Auto Shields+1","floor":30.0},{"not_picked":["Hologram+1","Darkness+1","Compile Driver"],"picked":"SKIP","floor":30.0},{"not_picked":["Coolheaded+1","Sweeping Beam"],"picked":"Defragment","floor":35.0},{"not_picked":["Steam+1","Skim+1","Hologram+1"],"picked":"SKIP","floor":35.0},{"not_picked":["Gash+1","Hologram+1"],"picked":"FTL+1","floor":36.0},{"not_picked":["Melter+1","Steam Power+1","Go for the Eyes"],"picked":"SKIP","floor":36.0},{"not_picked":["Steam+1","Glacier+1","Ball Lightning"],"picked":"SKIP","floor":37.0},{"not_picked":["Turbo+1","Fission+1","Sweeping Beam+1"],"picked":"SKIP","floor":37.0},{"not_picked":["Reinforced Body+1","Fusion+1"],"picked":"Genetic Algorithm+1","floor":39.0},{"not_picked":["Conserve Battery+1","Beam Cell","Skim+1"],"picked":"SKIP","floor":39.0},{"not_picked":["Storm+1","Rebound+1"],"picked":"White Noise+1","floor":40.0},{"not_picked":["Redo+1","Rip and Tear+1"],"picked":"Rainbow+1","floor":42},{"not_picked":["Leap+1","Beam Cell"],"picked":"Capacitor+1","floor":44},{"not_picked":["Ball Lightning","Beam Cell+1","Cold Snap"],"picked":"SKIP","floor":44},{"not_picked":["Beam Cell+1","Glacier+1"],"picked":"Sunder","floor":46},{"not_picked":["Steam Power+1","Skim+1"],"picked":"White Noise+1","floor":46}],"player_experience":232558,"relics_obtained":[{"floor":6.0,"key":"Blue Candle"},{"floor":8.0,"key":"Bird Faced Urn"},{"floor":9.0,"key":"Prayer Wheel"},{"floor":10.0,"key":"Bottled Lightning"},{"floor":12.0,"key":"Gremlin Horn"},{"floor":26.0,"key":"Letter Opener"},{"floor":27.0,"key":"Orichalcum"},{"floor":40.0,"key":"War Paint"},{"floor":42,"key":"Darkstone Periapt"},{"floor":43,"key":"Pantograph"},{"floor":47,"key":"Shovel"},{"floor":49,"key":"Anchor"}],"event_choices":[{"damage_healed":0.0,"max_hp_gain":0.0,"max_hp_loss":0.0,"gold_gain":0.0,"event_name":"Lab","player_choice":"Got Potions","floor":2.0,"gold_loss":0.0,"damage_taken":0.0},{"damage_healed":0.0,"max_hp_gain":0.0,"max_hp_loss":0.0,"gold_gain":0.0,"event_name":"Big Fish","player_choice":"Box","floor":11.0,"gold_loss":0.0,"damage_taken":0.0,"relics_obtained":["Toxic Egg 2"],"cards_obtained":["Regret"]},{"damage_healed":0.0,"max_hp_gain":0.0,"max_hp_loss":0.0,"gold_gain":0.0,"event_name":"Ghosts","player_choice":"Ignored","floor":20.0,"gold_loss":0.0,"damage_taken":0.0},{"damage_healed":0.0,"max_hp_gain":0.0,"max_hp_loss":0.0,"gold_gain":100.0,"event_name":"The Joust","player_choice":"Bet on Murderer","floor":21.0,"gold_loss":50.0,"damage_taken":0.0},{"damage_healed":0.0,"max_hp_gain":0.0,"max_hp_loss":0.0,"gold_gain":0.0,"event_name":"Addict","player_choice":"Obtained Relic","floor":28.0,"gold_loss":85.0,"damage_taken":0.0,"relics_obtained":["Kunai"]},{"damage_healed":0.0,"max_hp_gain":0.0,"max_hp_loss":0.0,"gold_gain":0.0,"event_name":"Back to Basics","player_choice":"Simplicity","floor":29.0,"gold_loss":0.0,"damage_taken":0.0,"cards_upgraded":["Strike_B","Strike_B","Strike_B","Defend_B","Defend_B","Defend_B","Defend_B"]},{"damage_healed":0.0,"max_hp_gain":0.0,"max_hp_loss":0.0,"gold_gain":0.0,"event_name":"Designer","player_choice":"Upgraded Two","floor":38.0,"gold_loss":40.0,"damage_taken":0.0,"cards_upgraded":["Dualcast","Barrage"]},{"cards_removed":["Barrage"],"damage_healed":0,"gold_gain":0,"player_choice":"Removed Attack","damage_taken":0,"max_hp_gain":0,"max_hp_loss":0,"event_name":"Falling","floor":48,"gold_loss":0}],"is_beta":false,"boss_relics":[{"not_picked":["Snecko Eye","Eternal Feather"],"picked":"FrozenCore"},{"not_picked":["Empty Cage","Pandora\u0027s Box"],"picked":"Philosopher\u0027s Stone"}],"items_purged_floors":[5,22],"is_endless":false,"potions_floor_spawned":[4,6,12,14,16,19,24,27,35,37],"ascension_level":4}