{"gold_per_floor":[111,129,141,155,155,155,210,224,224,243,258,258,272,272,272,373,373,389,404,404,181,196,196,223,223,223,241,266,283,283,283,283,386,386,400,55,65,65,65,99,113,113,113,130,157,0,0,0,0,0,0,0,0,25,25],"floor_reached":56,"playtime":4014,"items_purged":["Strike_G","A Thousand Cuts"],"score":1199,"play_id":"eadf30ab-6a12-44e4-9e01-1ff373b1f656","local_time":"20190914220003","is_ascension_mode":false,"campfire_choices":[{"data":"Bouncing Flask","floor":6,"key":"SMITH"},{"floor":12,"key":"REST"},{"data":"Catalyst","floor":15,"key":"SMITH"},{"data":"Noxious Fumes","floor":23,"key":"SMITH"},{"floor":25,"key":"REST"},{"data":"Calculated Gamble","floor":30,"key":"SMITH"},{"floor":32,"key":"REST"},{"floor":42,"key":"REST"},{"floor":47,"key":"RECALL"},{"floor":49,"key":"REST"},{"data":"Well Laid Plans","floor":52,"key":"SMITH"}],"neow_cost":"NONE","seed_source_timestamp":213775404013415,"circlet_count":0,"master_deck":["Survivor","Neutralize+1","Dagger Spray","Bouncing Flask+1","Dagger Throw","Bane","Backflip","Catalyst+1","Backflip","Footwork","Tools of the Trade","Leg Sweep","PiercingWail","Noxious Fumes+1","Calculated Gamble+1","Escape Plan","PiercingWail+1","Malaise+1","Masterful Stab","Eviscerate","Calculated Gamble","Leg Sweep","Blade Dance","Envenom","Expertise","Well Laid Plans+1","Panache","Distraction","Poisoned Stab+1","Cloak And Dagger+1","PiercingWail+1"],"relics":["Ring of the Snake","Tiny Chest","Bottled Flame","Philosopher\u0027s Stone","Incense Burner","The Courier","PreservedInsect","Pandora\u0027s Box","FaceOfCleric","Ancient Tea Set","Potion Belt","Unceasing Top","Red Mask","Anchor"],"potions_floor_usage":[7,16,24,28,33,54,54,55,55,55,55,55,55,55,55],"damage_taken":[{"damage":0,"enemies":"2 Louse","floor":1,"turns":4},{"damage":0,"enemies":"Cultist","floor":2,"turns":4},{"damage":0,"enemies":"Small Slimes","floor":3,"turns":4},{"damage":5,"enemies":"Red Slaver","floor":4,"turns":3},{"damage":27,"enemies":"3 Sentries","floor":7,"turns":5},{"damage":20,"enemies":"Exordium Wildlife","floor":8,"turns":4},{"damage":1,"enemies":"3 Louse","floor":10,"turns":3},{"damage":9,"enemies":"Exordium Thugs","floor":11,"turns":3},{"damage":2,"enemies":"Looter","floor":13,"turns":2},{"damage":17,"enemies":"The Guardian","floor":16,"turns":8},{"damage":3,"enemies":"Chosen","floor":18,"turns":4},{"damage":8,"enemies":"3 Byrds","floor":19,"turns":5},{"damage":0,"enemies":"Snecko","floor":22,"turns":4},{"damage":17,"enemies":"Slavers","floor":24,"turns":6},{"damage":3,"enemies":"Snake Plant","floor":27,"turns":4},{"damage":18,"enemies":"Gremlin Leader","floor":28,"turns":7},{"damage":9,"enemies":"Shelled Parasite and Fungi","floor":29,"turns":10},{"damage":5,"enemies":"Champ","floor":33,"turns":10},{"damage":1,"enemies":"Orb Walker","floor":35,"turns":4},{"damage":20,"enemies":"3 Darklings","floor":37,"turns":5},{"damage":18,"enemies":"Reptomancer","floor":40,"turns":6},{"damage":4,"enemies":"Spire Growth","floor":41,"turns":4},{"damage":10,"enemies":"Writhing Mass","floor":44,"turns":7},{"damage":9,"enemies":"Giant Head","floor":45,"turns":6},{"damage":93,"enemies":"Awakened One","floor":50,"turns":20},{"damage":37,"enemies":"Shield and Spear","floor":54,"turns":7},{"damage":40,"enemies":"The Heart","floor":55,"turns":11}],"seed_played":"3992532049750537765","potions_obtained":[{"floor":2,"key":"LiquidBronze"},{"floor":4,"key":"FearPotion"},{"floor":10,"key":"Strength Potion"},{"floor":13,"key":"SteroidPotion"},{"floor":16,"key":"SteroidPotion"},{"floor":22,"key":"Block Potion"},{"floor":24,"key":"PowerPotion"},{"floor":29,"key":"EntropicBrew"},{"floor":33,"key":"DuplicationPotion"},{"floor":35,"key":"FairyPotion"}],"is_trial":false,"path_per_floor":["M","M","M","M","?","R","E","M","T","M","M","R","M","?","R","B",null,"M","M","?","$","M","R","E","R","T","M","E","M","R","?","R","B",null,"M","$","M","?","?","E","M","R","T","M","E","?","R","?","R","B",null,"R","$","E","B",null],"character_chosen":"THE_SILENT","items_purchased":["Noxious Fumes","Calculated Gamble","Well Laid Plans","Panache","Distraction"],"campfire_rested":5,"item_purchase_floors":[21,21,36,36,36],"current_hp_per_floor":[70,70,70,65,65,65,38,18,18,17,8,29,27,50,50,33,70,67,59,59,59,59,59,42,63,63,60,42,33,33,20,42,37,75,74,74,54,54,54,37,34,57,57,48,40,40,40,40,63,2,80,80,80,44,5],"gold":25,"neow_bonus":"UPGRADE_CARD","is_prod":false,"is_daily":false,"chose_seed":false,"campfire_upgraded":5,"win_rate":0,"timestamp":1568494803,"path_taken":["M","M","M","M","?","R","E","M","T","?","M","R","M","?","R","BOSS","M","M","?","$","?","R","E","R","T","M","E","M","R","?","R","BOSS","M","$","M","?","?","E","?","R","T","M","E","?","R","?","R","BOSS","R","$","E","BOSS"],"build_version":"2019-09-12","purchased_purges":2,"victory":true,"max_hp_per_floor":[70,70,70,70,70,70,70,70,70,70,70,70,70,70,70,70,70,70,70,70,70,70,70,70,70,70,70,70,70,70,75,75,75,75,75,75,75,75,75,76,77,77,77,78,79,79,79,79,79,80,80,80,80,81,82],"card_choices":[{"not_picked":["Dagger Throw","Blade Dance"],"picked":"Dagger Spray","floor":1},{"not_picked":["PiercingWail","Backflip"],"picked":"Bouncing Flask","floor":2},{"not_picked":["Predator","Finisher"],"picked":"Dagger Throw","floor":3},{"not_picked":["Reflex","Backstab"],"picked":"Bane","floor":4},{"not_picked":["Dodge and Roll","Sucker Punch"],"picked":"Backflip","floor":7},{"not_picked":["Glass Knife","Endless Agony"],"picked":"Catalyst","floor":8},{"not_picked":["Finisher","Flying Knee"],"picked":"Backflip","floor":10},{"not_picked":["Eviscerate","Riddle With Holes"],"picked":"Footwork","floor":11},{"not_picked":["Underhanded Strike","Prepared","Blade Dance"],"picked":"SKIP","floor":13},{"not_picked":["Glass Knife","After Image"],"picked":"Tools of the Trade","floor":16},{"not_picked":["Infinite Blades","Quick Slash"],"picked":"Leg Sweep","floor":18},{"not_picked":["Prepared","Quick Slash"],"picked":"PiercingWail","floor":19},{"not_picked":["Dagger Throw","Flying Knee"],"picked":"Escape Plan","floor":22},{"not_picked":["Dodge and Roll","All Out Attack","A Thousand Cuts"],"picked":"SKIP","floor":24},{"not_picked":["Blade Dance","Quick Slash+1"],"picked":"PiercingWail+1","floor":27},{"not_picked":["Underhanded Strike","Riddle With Holes+1","Reflex"],"picked":"SKIP","floor":28},{"not_picked":["Underhanded Strike","Riddle With Holes+1","Reflex"],"picked":"SKIP","floor":28},{"not_picked":["Sucker Punch","Flying Knee","Acrobatics"],"picked":"SKIP","floor":29},{"not_picked":["Phantasmal Killer","Adrenaline"],"picked":"Malaise","floor":33},{"not_picked":["Bane+1","Blade Dance+1","Quick Slash"],"picked":"SKIP","floor":35},{"not_picked":["Deflect","Bane+1","Flying Knee+1"],"picked":"SKIP","floor":37},{"not_picked":["PiercingWail","Bane"],"picked":"Poisoned Stab+1","floor":40},{"not_picked":["Well Laid Plans+1","Underhanded Strike","Reflex"],"picked":"SKIP","floor":41},{"not_picked":["Flechettes","Quick Slash+1"],"picked":"Cloak And Dagger+1","floor":44},{"not_picked":["Prepared","Deflect+1","Unload"],"picked":"SKIP","floor":45},{"not_picked":["Acrobatics+1","After Image"],"picked":"PiercingWail+1","floor":54}],"player_experience":86944,"relics_obtained":[{"floor":7,"key":"Tiny Chest"},{"floor":9,"key":"Bottled Flame"},{"floor":24,"key":"The Courier"},{"floor":28,"key":"PreservedInsect"},{"floor":40,"key":"Ancient Tea Set"},{"floor":43,"key":"Potion Belt"},{"floor":45,"key":"Unceasing Top"},{"floor":54,"key":"Anchor"}],"event_choices":[{"cards_removed":["Defend_G"],"damage_healed":0,"gold_gain":0,"player_choice":"Offered Basic","damage_taken":0,"max_hp_gain":0,"max_hp_loss":0,"event_name":"Bonfire Elementals","floor":5,"gold_loss":0},{"damage_healed":23,"gold_gain":0,"player_choice":"Banana","damage_taken":0,"max_hp_gain":0,"max_hp_loss":0,"event_name":"Big Fish","floor":14,"gold_loss":0},{"damage_healed":0,"gold_gain":0,"player_choice":"Gave Potion","damage_taken":0,"relics_obtained":["Incense Burner"],"max_hp_gain":0,"max_hp_loss":0,"event_name":"WeMeetAgain","floor":20,"gold_loss":0},{"damage_healed":0,"gold_gain":0,"player_choice":"Shed Blood","damage_taken":18,"max_hp_gain":5,"max_hp_loss":0,"event_name":"Forgotten Altar","floor":31,"gold_loss":0},{"damage_healed":0,"gold_gain":0,"player_choice":"Ignored","damage_taken":0,"max_hp_gain":0,"max_hp_loss":0,"event_name":"Mysterious Sphere","floor":38,"gold_loss":0},{"damage_healed":0,"gold_gain":0,"player_choice":"Trade","damage_taken":0,"relics_obtained":["FaceOfCleric"],"max_hp_gain":0,"max_hp_loss":0,"event_name":"FaceTrader","floor":39,"gold_loss":0},{"damage_healed":0,"gold_gain":0,"player_choice":"Paid","damage_taken":0,"relics_obtained":["Red Mask"],"max_hp_gain":0,"max_hp_loss":0,"event_name":"Tomb of Lord Red Mask","floor":46,"gold_loss":157},{"damage_healed":0,"gold_gain":0,"player_choice":"Upgraded","damage_taken":0,"max_hp_gain":0,"max_hp_loss":0,"event_name":"Upgrade Shrine","floor":48,"gold_loss":0,"cards_upgraded":["Malaise"]}],"is_beta":true,"boss_relics":[{"not_picked":["Runic Pyramid","SlaversCollar"],"picked":"Philosopher\u0027s Stone"},{"not_picked":["HoveringKite","Black Star"],"picked":"Pandora\u0027s Box"}],"items_purged_floors":[21,36],"is_endless":false,"potions_floor_spawned":[2,4,10,13,16,22,24,29,33,35,40],"ascension_level":0}