{"gold_per_floor":[118,131,131,148,23,23,40,53,78,78,91,13,32,64,64,169,169,179,191,106,106,119,119],"floor_reached":23,"playtime":1250,"items_purged":["Shame"],"score":244,"play_id":"8da209ac-8198-4266-890e-a2fb7e1c4180","local_time":"20190823165918","is_ascension_mode":true,"campfire_choices":[{"data":"Armaments","floor":6,"key":"SMITH"},{"data":"Inflame","floor":15,"key":"SMITH"}],"neow_cost":"CURSE","seed_source_timestamp":776651399022100,"circlet_count":0,"master_deck":["Strike_R","Strike_R","Strike_R","Strike_R","Defend_R","Defend_R","Defend_R","Defend_R","Bash","Iron Wave","Ghostly Armor","Twin Strike","Armaments+1","Cleave","Flex","Shrug It Off","Inflame+1","Impervious+1","Spot Weakness+1","Barricade","Blood for Blood"],"relics":["Burning Blood","Unceasing Top","NlothsMask","Red Skull","Sozu","War Paint","MutagenicStrength"],"potions_floor_usage":[14,16,16,23],"damage_taken":[{"damage":6,"enemies":"2 Louse","floor":1,"turns":3},{"damage":1,"enemies":"Cultist","floor":2,"turns":4},{"damage":5,"enemies":"Small Slimes","floor":4,"turns":3},{"damage":5,"enemies":"Looter","floor":7,"turns":4},{"damage":3,"enemies":"Large Slime","floor":8,"turns":6},{"damage":6,"enemies":"Blue Slaver","floor":11,"turns":3},{"damage":0,"enemies":"3 Louse","floor":13,"turns":4},{"damage":5,"enemies":"3 Sentries","floor":14,"turns":4},{"damage":60,"enemies":"Hexaghost","floor":16,"turns":12},{"damage":20,"enemies":"Chosen","floor":18,"turns":6},{"damage":19,"enemies":"2 Thieves","floor":19,"turns":4},{"damage":13,"enemies":"Snecko","floor":22,"turns":5},{"damage":38,"enemies":"Slavers","floor":23,"turns":2}],"seed_played":"7554381383944355620","potions_obtained":[{"floor":4,"key":"AttackPotion"},{"floor":7,"key":"Energy Potion"},{"floor":11,"key":"GamblersBrew"},{"floor":16,"key":"AttackPotion"}],"is_trial":false,"path_per_floor":["M","M","?","M","$","R","M","M","T","?","M","$","M","E","R","B",null,"M","M","?","?","M","E"],"character_chosen":"IRONCLAD","items_purchased":["Armaments","Inflame"],"campfire_rested":0,"item_purchase_floors":[5,12],"current_hp_per_floor":[80,80,80,80,80,80,80,80,80,80,80,80,80,80,80,26,67,53,40,40,40,33,0],"gold":119,"neow_bonus":"ONE_RARE_RELIC","is_prod":false,"is_daily":false,"chose_seed":false,"campfire_upgraded":2,"win_rate":0,"timestamp":1566604758,"path_taken":["M","M","?","?","$","R","?","M","T","?","M","?","M","E","R","BOSS","M","M","?","?","M","E"],"build_version":"2019-07-17","purchased_purges":1,"victory":false,"max_hp_per_floor":[80,80,80,80,80,80,80,80,80,80,80,80,80,80,80,80,80,80,80,80,80,80,80],"card_choices":[{"not_picked":["Havoc","Perfected Strike"],"picked":"Iron Wave","floor":1},{"not_picked":["Heavy Blade","Sword Boomerang"],"picked":"Ghostly Armor","floor":2},{"not_picked":["Clash","Flex"],"picked":"Twin Strike","floor":4},{"not_picked":["Feel No Pain","Iron Wave"],"picked":"Cleave","floor":7},{"not_picked":["Dual Wield","Hemokinesis","Havoc"],"picked":"SKIP","floor":8},{"not_picked":["Infernal Blade","Warcry"],"picked":"Shrug It Off","floor":11},{"not_picked":["True Grit","Flame Barrier"],"picked":"Impervious","floor":13},{"not_picked":["Evolve","Heavy Blade"],"picked":"Spot Weakness","floor":14},{"not_picked":["Dark Embrace","Limit Break"],"picked":"Barricade","floor":16},{"not_picked":["Headbutt","Flex+1"],"picked":"Blood for Blood","floor":18},{"not_picked":["Body Slam","Pommel Strike","True Grit"],"picked":"SKIP","floor":19},{"not_picked":["Havoc+1","Feel No Pain","Armaments"],"picked":"SKIP","floor":22}],"player_experience":225953,"relics_obtained":[{"floor":14,"key":"Red Skull"}],"event_choices":[{"damage_healed":0,"gold_gain":0,"player_choice":"Trade","damage_taken":0,"relics_obtained":["NlothsMask"],"max_hp_gain":0,"max_hp_loss":0,"event_name":"FaceTrader","floor":3,"gold_loss":0},{"damage_healed":0,"gold_gain":0,"cards_transformed":["Strike_R"],"player_choice":"Transformed","damage_taken":0,"max_hp_gain":0,"max_hp_loss":0,"event_name":"Transmorgrifier","floor":10,"gold_loss":0,"cards_obtained":["Flex"]},{"damage_healed":0,"gold_gain":0,"player_choice":"Obtained Relic","damage_taken":0,"relics_obtained":["War Paint"],"max_hp_gain":0,"max_hp_loss":0,"event_name":"Addict","floor":20,"gold_loss":85},{"damage_healed":0,"gold_gain":0,"player_choice":"Inject Mutagens","damage_taken":0,"relics_obtained":["MutagenicStrength"],"max_hp_gain":0,"max_hp_loss":0,"event_name":"Drug Dealer","floor":21,"gold_loss":0}],"is_beta":false,"boss_relics":[{"not_picked":["Fusion Hammer","Tiny House"],"picked":"Sozu"}],"items_purged_floors":[5],"is_endless":false,"potions_floor_spawned":[4,7,11,16,19],"killed_by":"Slavers","ascension_level":5}