{"gold_per_floor":[113,126,145,220,230,230,264,278,304,72,92,121,121,138,138,237,237,247,247,265,265,265,265,265,265,265,282,297,45,45,45,45,45],"floor_reached":33,"playtime":2087,"items_purged":["Defend_B","Steam Power"],"score":282,"play_id":"a6bd7483-89b0-4cc3-aab3-96d154dd2e06","local_time":"20190917170502","is_ascension_mode":false,"campfire_choices":[{"floor":6,"key":"REST"},{"floor":13,"key":"REST"},{"floor":15,"key":"REST"},{"data":"Coolheaded","floor":23,"key":"SMITH"},{"data":"Melter","floor":25,"key":"SMITH"},{"floor":30,"key":"REST"},{"data":"Bite","floor":32,"key":"SMITH"}],"neow_cost":"NONE","seed_source_timestamp":0,"circlet_count":0,"master_deck":["Defend_B","Zap","Coolheaded","Coolheaded","Rip and Tear+1","Reinforced Body","FTL","Redo","Coolheaded+1","FTL+1","Melter+1","Cold Snap","Leap","Conserve Battery","Bite+1","Bite","Bite","Bite","Bite"],"special_seed":0,"relics":["Cracked Core","Anchor","Strawberry","Happy Flower","Whetstone","Empty Cage","Vajra","Meat on the Bone","Centennial Puzzle"],"potions_floor_usage":[12,12,33,33],"damage_taken":[{"damage":3,"enemies":"Small Slimes","floor":1,"turns":4},{"damage":9,"enemies":"2 Louse","floor":2,"turns":3},{"damage":3,"enemies":"Cultist","floor":3,"turns":6},{"damage":3,"enemies":"Red Slaver","floor":5,"turns":6},{"damage":28,"enemies":"Lagavulin","floor":7,"turns":8},{"damage":1,"enemies":"Looter","floor":8,"turns":3},{"damage":12,"enemies":"Large Slime","floor":11,"turns":7},{"damage":19,"enemies":"3 Sentries","floor":12,"turns":5},{"damage":0,"enemies":"Exordium Wildlife","floor":14,"turns":3},{"damage":43,"enemies":"Hexaghost","floor":16,"turns":13},{"damage":28,"enemies":"Spheric Guardian","floor":18,"turns":6},{"damage":4,"enemies":"Shell Parasite","floor":20,"turns":4},{"damage":22,"enemies":"Snecko","floor":27,"turns":4},{"damage":28,"enemies":"3 Cultists","floor":28,"turns":7},{"damage":90,"enemies":"Collector","floor":33,"turns":15}],"seed_played":"1139338216077978361","potions_obtained":[{"floor":2,"key":"GamblersBrew"},{"floor":7,"key":"Regen Potion"},{"floor":11,"key":"FocusPotion"},{"floor":14,"key":"Weak Potion"},{"floor":16,"key":"Strength Potion"}],"is_trial":false,"path_per_floor":["M","M","M","?","M","R","E","M","T","$","M","E","R","M","R","B",null,"M","?","M","?","?","R","?","R","T","M","M","$","R","?","R","B"],"character_chosen":"DEFECT","items_purchased":["Happy Flower","Centennial Puzzle"],"campfire_rested":4,"item_purchase_floors":[10,29],"current_hp_per_floor":[72,63,60,49,46,68,40,39,46,46,34,29,53,53,77,34,82,54,54,50,50,50,50,50,50,50,40,24,24,48,48,48,0],"gold":45,"neow_bonus":"REMOVE_CARD","is_prod":false,"is_daily":false,"chose_seed":false,"campfire_upgraded":3,"win_rate":0.0,"timestamp":1568754302,"path_taken":["M","M","M","?","M","R","E","M","T","$","M","E","R","M","R","BOSS","M","?","M","?","?","R","?","R","T","?","M","?","R","?","R","BOSS"],"build_version":"2019-07-17","purchased_purges":2,"victory":false,"max_hp_per_floor":[75,75,75,75,75,75,75,75,82,82,82,82,82,82,82,82,82,82,82,82,82,82,82,82,82,82,82,82,82,82,57,57,57],"card_choices":[{"not_picked":["Hologram","Turbo","Stack"],"picked":"SKIP","floor":1},{"not_picked":["Gash","Steam"],"picked":"Coolheaded","floor":2},{"not_picked":["Capacitor","Fusion"],"picked":"Coolheaded","floor":3},{"not_picked":["Gash","Turbo"],"picked":"Rip and Tear","floor":5},{"not_picked":["Hologram","Storm"],"picked":"Reinforced Body","floor":7},{"not_picked":["Static Discharge","Genetic Algorithm"],"picked":"FTL","floor":8},{"not_picked":["Barrage","Force Field"],"picked":"Redo","floor":11},{"not_picked":["Reprogram","Hologram"],"picked":"Coolheaded","floor":12},{"not_picked":["Seek","Ball Lightning"],"picked":"FTL","floor":14},{"not_picked":["Buffer","Biased Cognition"],"picked":"Creative AI","floor":16},{"not_picked":["FTL","Glacier","Fusion"],"picked":"SKIP","floor":18},{"not_picked":["Hologram","Glacier"],"picked":"Melter","floor":20},{"not_picked":["Redo","Auto Shields","Beam Cell"],"picked":"SKIP","floor":27},{"not_picked":["Ball Lightning","Leap"],"picked":"Conserve Battery","floor":28}],"player_experience":53974,"relics_obtained":[{"floor":7,"key":"Anchor"},{"floor":9,"key":"Strawberry"},{"floor":12,"key":"Whetstone"},{"floor":26,"key":"Meat on the Bone"}],"event_choices":[{"damage_healed":0,"gold_gain":75,"player_choice":"Gather Gold","damage_taken":11,"max_hp_gain":0,"max_hp_loss":0,"event_name":"World of Goop","floor":4,"gold_loss":0},{"damage_healed":0,"gold_gain":0,"player_choice":"Opened","damage_taken":0,"relics_obtained":["Vajra"],"max_hp_gain":0,"max_hp_loss":0,"event_name":"The Mausoleum","floor":19,"gold_loss":0},{"damage_healed":0,"gold_gain":0,"player_choice":"Read","damage_taken":0,"max_hp_gain":0,"max_hp_loss":0,"event_name":"The Library","floor":21,"gold_loss":0,"cards_obtained":["Cold Snap"]},{"damage_healed":0,"gold_gain":0,"cards_transformed":["Defend_B","Creative AI"],"player_choice":"Became Test Subject","damage_taken":0,"max_hp_gain":0,"max_hp_loss":0,"event_name":"Drug Dealer","floor":22,"gold_loss":0,"cards_obtained":["Steam Power","Leap"]},{"damage_healed":0,"gold_gain":0,"player_choice":"Upgraded","damage_taken":0,"max_hp_gain":0,"max_hp_loss":0,"event_name":"Upgrade Shrine","floor":24,"gold_loss":0,"cards_upgraded":["FTL"]},{"damage_healed":0,"gold_gain":0,"player_choice":"Became a vampire","damage_taken":0,"max_hp_gain":0,"max_hp_loss":25,"event_name":"Vampires","floor":31,"gold_loss":0,"cards_obtained":["Bite","Bite","Bite","Bite","Bite"]}],"is_beta":false,"boss_relics":[{"not_picked":["Ectoplasm","Calling Bell"],"picked":"Empty Cage"}],"items_purged_floors":[10,29],"is_endless":false,"potions_floor_spawned":[2,7,11,14,16],"killed_by":"Collector","ascension_level":0}