{"gold_per_floor":[119,119,130,142,92,120,147,182,237,265,265,322,349,364,364,461,461,474,474,474,474,208,240,272,299,311,323,363,409,447,486,498,612,624,651,543,561,561,590,620,655,683,683,559,591,624,655,687,687,687,687,687,24,51,51],"floor_reached":56,"playtime":1960,"items_purged":["Backstab","Cloak And Dagger"],"score":2434,"play_id":"81c80441-abfc-460b-bde9-b161eb7bf29f","local_time":"20190829210339","daily_mods":["SealedDeck","Red Cards","Colorless Cards","Flight","DeadlyEvents","Elite Swarm","Lethality","Night Terrors","Terminal"],"is_ascension_mode":false,"campfire_choices":[{"data":"Dark Embrace","floor":11.0,"key":"SMITH"},{"floor":15.0,"key":"RECALL"},{"data":"Apotheosis","floor":32.0,"key":"SMITH"},{"data":"Well Laid Plans","floor":49.0,"key":"SMITH"},{"data":"Dark Embrace","floor":52.0,"key":"SMITH"}],"neow_cost":"","seed_source_timestamp":0,"circlet_count":0,"master_deck":["Second Wind+1","Acrobatics+1","Ghostly Armor","PiercingWail","Body Slam+1","Well Laid Plans+1","Power Through","Evolve","Adrenaline","Dark Embrace+1","Master of Strategy","After Image","Dark Embrace+1","Apotheosis+1","Barricade","Adrenaline","Adrenaline","Adrenaline"],"special_seed":0,"relics":["Ring of the Serpent","Potion Belt","Molten Egg 2","Blood Vial","Anchor","Snake Skull","Tiny Chest","Pantograph","PreservedInsect","Bottled Lightning","Unceasing Top","Question Card","MawBank","The Courier","Mummified Hand","Ancient Tea Set","Dodecahedron","Torii","Sundial","Empty Cage","War Paint","Letter Opener","Lantern","Ornamental Fan","Bag of Preparation","Calipers","Happy Flower","Nunchaku","Regal Pillow","Membership Card","Paper Crane","FossilizedHelix","Pear","Orichalcum","Bronze Scales","Oddly Smooth Stone","Strawberry"],"potions_floor_usage":[55,55,55,55,55,55,55,55,55],"damage_taken":[{"damage":0.0,"enemies":"Small Slimes","floor":1.0,"turns":2.0},{"damage":0.0,"enemies":"Cultist","floor":3.0,"turns":1.0},{"damage":0.0,"enemies":"2 Louse","floor":4.0,"turns":1.0},{"damage":0.0,"enemies":"Gremlin Nob","floor":6.0,"turns":3.0},{"damage":0.0,"enemies":"3 Sentries","floor":7.0,"turns":4.0},{"damage":0.0,"enemies":"Lagavulin","floor":8.0,"turns":4.0},{"damage":0.0,"enemies":"Gremlin Nob","floor":10.0,"turns":2.0},{"damage":0.0,"enemies":"Lagavulin","floor":12.0,"turns":2.0},{"damage":0.0,"enemies":"3 Sentries","floor":13.0,"turns":2.0},{"damage":0.0,"enemies":"Exordium Thugs","floor":14.0,"turns":1.0},{"damage":0.0,"enemies":"The Guardian","floor":16.0,"turns":4.0},{"damage":0.0,"enemies":"Chosen","floor":18.0,"turns":3.0},{"damage":0.0,"enemies":"Gremlin Leader","floor":23.0,"turns":2.0},{"damage":0.0,"enemies":"Slavers","floor":24.0,"turns":5.0},{"damage":0.0,"enemies":"Gremlin Leader","floor":25.0,"turns":2.0},{"damage":0.0,"enemies":"Book of Stabbing","floor":28.0,"turns":2.0},{"damage":0.0,"enemies":"Slavers","floor":29.0,"turns":3.0},{"damage":0.0,"enemies":"Gremlin Leader","floor":30.0,"turns":2.0},{"damage":0.0,"enemies":"Slavers","floor":31.0,"turns":2.0},{"damage":0.0,"enemies":"Automaton","floor":33.0,"turns":1.0},{"damage":0.0,"enemies":"3 Shapes","floor":35.0,"turns":1.0},{"damage":0.0,"enemies":"3 Darklings","floor":37.0,"turns":2.0},{"damage":0.0,"enemies":"Reptomancer","floor":39.0,"turns":1.0},{"damage":0.0,"enemies":"Giant Head","floor":40.0,"turns":1.0},{"damage":0.0,"enemies":"Reptomancer","floor":41.0,"turns":1.0},{"damage":0.0,"enemies":"Giant Head","floor":42.0,"turns":1.0},{"damage":0.0,"enemies":"Nemesis","floor":45.0,"turns":1.0},{"damage":0.0,"enemies":"Giant Head","floor":46.0,"turns":1.0},{"damage":0.0,"enemies":"Nemesis","floor":47.0,"turns":1.0},{"damage":0.0,"enemies":"Reptomancer","floor":48.0,"turns":1.0},{"damage":0.0,"enemies":"Awakened One","floor":50.0,"turns":2.0},{"damage":0.0,"enemies":"Shield and Spear","floor":54.0,"turns":1.0},{"damage":0,"enemies":"The Heart","floor":55,"turns":3}],"seed_played":"1005533730166150996","potions_obtained":[{"floor":3.0,"key":"Dexterity Potion"},{"floor":4.0,"key":"Block Potion"},{"floor":8.0,"key":"AttackPotion"},{"floor":13.0,"key":"Weak Potion"},{"floor":16.0,"key":"GamblersBrew"},{"floor":33.0,"key":"GamblersBrew"},{"floor":40.0,"key":"Swift Potion"},{"floor":41.0,"key":"EntropicBrew"}],"is_trial":true,"path_per_floor":["M","?","M","M","?","E","E","E","T","E","R","E","E","M","R","B",null,"M","T","?","T","$","E","E","E","T","T","E","E","E","E","R","B",null,"M","$","M","T","E","E","E","E","T","$","E","E","E","E","R","B",null,"R","$","E","B",null],"character_chosen":"THE_SILENT","items_purchased":["Apotheosis","PowerPotion","Bag of Preparation","Membership Card","Paper Crane","FossilizedHelix","Pear","Orichalcum","Bronze Scales","Oddly Smooth Stone"],"campfire_rested":0,"item_purchase_floors":[22,36,44,53,53,53,53,53,53,53],"current_hp_per_floor":[1,1,1,1,1,1,1,1,1,1,1,1,1,1,1,1,1,1,1,1,1,1,1,1,1,1,1,1,1,1,1,1,1,1,1,1,1,1,1,1,1,1,1,1,1,1,1,1,1,1,1,1,10,16,15],"gold":51,"neow_bonus":"","is_prod":false,"is_daily":false,"chose_seed":false,"campfire_upgraded":4,"win_rate":0,"timestamp":1567083819,"path_taken":["M","?","?","M","?","E","E","E","T","E","R","E","E","?","R","BOSS","M","?","?","?","$","E","E","?","T","?","E","E","E","E","R","BOSS","M","?","?","?","?","E","E","E","T","$","E","E","E","E","R","BOSS","R","$","E","BOSS"],"build_version":"2019-07-17","purchased_purges":2,"victory":true,"max_hp_per_floor":[1,1,1,1,1,1,1,1,1,1,1,1,1,1,1,1,1,1,1,1,1,1,1,1,1,1,1,1,1,1,1,1,1,1,1,1,1,1,1,1,1,1,1,1,1,1,1,1,1,1,1,1,10,16,15],"card_choices":[{"not_picked":["Carnage","Reckless Charge"],"picked":"Well Laid Plans","floor":1.0},{"not_picked":["Poisoned Stab","Purity"],"picked":"Power Through","floor":3.0},{"not_picked":["True Grit","Purity"],"picked":"Evolve","floor":4.0},{"not_picked":["Phantasmal Killer","Sadistic Nature","Wraith Form v2"],"picked":"SKIP","floor":6.0},{"not_picked":["Unload","Violence"],"picked":"Adrenaline","floor":7.0},{"not_picked":["A Thousand Cuts","Transmutation","Thinking Ahead"],"picked":"SKIP","floor":8.0},{"not_picked":["Brutality","Die Die Die+1"],"picked":"Dark Embrace","floor":10.0},{"not_picked":["Tools of the Trade","Offering"],"picked":"Master of Strategy","floor":12.0},{"not_picked":["A Thousand Cuts","Tools of the Trade"],"picked":"After Image","floor":13.0},{"not_picked":["Shrug It Off","Infernal Blade","Choke+1"],"picked":"SKIP","floor":14.0},{"not_picked":["Thinking Ahead","Secret Weapon"],"picked":"Dark Embrace","floor":16.0},{"not_picked":["Seeing Red","Predator+1","Dagger Throw+1"],"picked":"SKIP","floor":18.0},{"not_picked":["Corpse Explosion","Malaise","Chrysalis"],"picked":"SKIP","floor":23.0},{"not_picked":["Chrysalis","Phantasmal Killer","Storm of Steel"],"picked":"SKIP","floor":24.0},{"not_picked":["Secret Weapon","Dark Embrace","Brutality","Magnetism"],"picked":"SKIP","floor":25.0},{"not_picked":["Barricade","Burst","HandOfGreed+1","Glass Knife+1"],"picked":"SKIP","floor":28.0},{"not_picked":["Burst","HandOfGreed+1","Glass Knife+1"],"picked":"Barricade","floor":28.0},{"not_picked":["Reaper+1","Unload+1","Mayhem","Envenom"],"picked":"SKIP","floor":29.0},{"not_picked":["Corpse Explosion","Immolate+1","Impervious","Panache"],"picked":"SKIP","floor":30.0},{"not_picked":["Metamorphosis","Phantasmal Killer","Bullet Time"],"picked":"Adrenaline","floor":31.0},{"not_picked":["Flechettes+1","Dropkick+1","Blade Dance+1","Clothesline+1"],"picked":"SKIP","floor":35.0},{"not_picked":["Dodge and Roll","Distraction+1","Bane+1","Tactician"],"picked":"SKIP","floor":37.0},{"not_picked":["Doppelganger","Magnetism","Brutality","Offering"],"picked":"SKIP","floor":39.0},{"not_picked":["Master of Strategy","Brutality","Immolate+1","Venomology"],"picked":"SKIP","floor":40.0},{"not_picked":["Unload+1","Mayhem","Apotheosis","Panache"],"picked":"SKIP","floor":41.0},{"not_picked":["Doppelganger","Wraith Form v2","Reaper+1","Master of Strategy"],"picked":"SKIP","floor":42.0},{"not_picked":["Feed+1","Chrysalis","Die Die Die+1","Wraith Form v2"],"picked":"SKIP","floor":45.0},{"not_picked":["Panache","Bludgeon+1","Wraith Form v2","Double Tap"],"picked":"SKIP","floor":46.0},{"not_picked":["Envenom","Exhume","Berserk","Secret Technique"],"picked":"SKIP","floor":47.0},{"not_picked":["Venomology","Demon Form","Transmutation"],"picked":"Adrenaline","floor":48.0},{"not_picked":["Malaise","Offering","Berserk"],"picked":"Adrenaline","floor":54.0}],"player_experience":900441,"relics_obtained":[{"floor":6.0,"key":"Potion Belt"},{"floor":7.0,"key":"Molten Egg 2"},{"floor":8.0,"key":"Blood Vial"},{"floor":9.0,"key":"Anchor"},{"floor":10.0,"key":"Snake Skull"},{"floor":12.0,"key":"Tiny Chest"},{"floor":13.0,"key":"Pantograph"},{"floor":19.0,"key":"PreservedInsect"},{"floor":21.0,"key":"Bottled Lightning"},{"floor":23.0,"key":"Unceasing Top"},{"floor":24.0,"key":"Question Card"},{"floor":25.0,"key":"MawBank"},{"floor":26.0,"key":"The Courier"},{"floor":27.0,"key":"Mummified Hand"},{"floor":28.0,"key":"Ancient Tea Set"},{"floor":29.0,"key":"Dodecahedron"},{"floor":30.0,"key":"Torii"},{"floor":31.0,"key":"Sundial"},{"floor":40.0,"key":"War Paint"},{"floor":41.0,"key":"Letter Opener"},{"floor":42.0,"key":"Lantern"},{"floor":43.0,"key":"Ornamental Fan"},{"floor":45.0,"key":"Calipers"},{"floor":46.0,"key":"Happy Flower"},{"floor":47.0,"key":"Nunchaku"},{"floor":48.0,"key":"Regal Pillow"},{"floor":54.0,"key":"Strawberry"}],"event_choices":[{"damage_healed":0.0,"max_hp_gain":0.0,"max_hp_loss":0.0,"gold_gain":0.0,"event_name":"Upgrade Shrine","player_choice":"Upgraded","floor":2.0,"gold_loss":0.0,"damage_taken":0.0,"cards_upgraded":["Body Slam"]},{"cards_removed":["Iron Wave"],"damage_healed":0.0,"max_hp_gain":0.0,"max_hp_loss":0.0,"gold_gain":0.0,"event_name":"The Cleric","player_choice":"Card Removal","floor":5.0,"gold_loss":50.0,"damage_taken":0.0},{"damage_healed":0.0,"max_hp_gain":0.0,"max_hp_loss":0.0,"gold_gain":0.0,"event_name":"Vampires","player_choice":"Ignored","floor":20.0,"gold_loss":0.0,"damage_taken":0.0}],"is_beta":false,"boss_relics":[{"not_picked":["Busted Crown","Lizard Tail"],"picked":"Ring of the Serpent"},{"not_picked":["Runic Dome","Astrolabe"],"picked":"Empty Cage"}],"items_purged_floors":[22,36],"is_endless":false,"potions_floor_spawned":[3,4,8,13,16,18,29,31,33,35,40,41,46,48,54],"ascension_level":0}