{"gold_per_floor":[112,112,124,150,162,162,187,187,211,233,258,302,324,346,358,466,478,501,513,542,469,491,503,515],"floor_reached":24,"playtime":3192,"items_purged":[],"score":210,"play_id":"19dfb83d-93d0-46b3-bc46-a2c79cae020f","local_time":"20190902125241","is_ascension_mode":false,"campfire_choices":[{"data":"Entrench","floor":6,"key":"SMITH"},{"floor":8,"key":"REST"},{"data":"Reaper","floor":15,"key":"SMITH"},{"floor":23,"key":"REST"}],"neow_cost":"NONE","seed_source_timestamp":60920306902200,"circlet_count":0,"master_deck":["Strike_R","Strike_R","Strike_R","Strike_R","Strike_R","Defend_R","Defend_R","Defend_R","Defend_R","Bash","Shrug It Off","Inflame","Entrench+1","Reaper+1","Disarm","Pommel Strike","Shrug It Off","Heavy Blade","Offering","Havoc+1","Sentinel+1","Sentinel"],"relics":["Snecko Eye","Lantern","Centennial Puzzle","Magic Flower","MawBank","Orichalcum","Philosopher\u0027s Stone","Bag of Marbles","Pen Nib"],"potions_floor_usage":[12,16,16,22,24],"damage_taken":[{"damage":2,"enemies":"2 Louse","floor":1,"turns":4},{"damage":5,"enemies":"Jaw Worm","floor":3,"turns":4},{"damage":1,"enemies":"Cultist","floor":5,"turns":3},{"damage":25,"enemies":"Lagavulin","floor":7,"turns":7},{"damage":9,"enemies":"Large Slime","floor":10,"turns":7},{"damage":0,"enemies":"Looter","floor":11,"turns":5},{"damage":29,"enemies":"Gremlin Nob","floor":12,"turns":5},{"damage":3,"enemies":"Exordium Thugs","floor":13,"turns":4},{"damage":4,"enemies":"Exordium Wildlife","floor":14,"turns":3},{"damage":33,"enemies":"Hexaghost","floor":16,"turns":9},{"damage":15,"enemies":"2 Thieves","floor":18,"turns":4},{"damage":13,"enemies":"Shell Parasite","floor":20,"turns":5},{"damage":26,"enemies":"Sentry and Sphere","floor":22,"turns":7},{"damage":136,"enemies":"Gremlin Leader","floor":24,"turns":12}],"seed_played":"6816829209124759087","potions_obtained":[{"floor":3,"key":"Strength Potion"},{"floor":7,"key":"Block Potion"},{"floor":10,"key":"SmokeBomb"},{"floor":11,"key":"PowerPotion"},{"floor":12,"key":"GamblersBrew"},{"floor":16,"key":"BloodPotion"}],"is_trial":false,"path_per_floor":["M","?","M","T","M","R","E","R","T","M","M","E","M","M","R","B",null,"M","?","M","?","M","R","E"],"character_chosen":"IRONCLAD","items_purchased":[],"campfire_rested":2,"item_purchase_floors":[],"current_hp_per_floor":[78,75,70,70,69,69,44,68,68,68,77,57,63,68,68,46,80,74,74,72,72,57,80,0],"gold":515,"neow_bonus":"BOSS_RELIC","is_prod":false,"is_daily":false,"chose_seed":false,"campfire_upgraded":2,"win_rate":0.0,"timestamp":1567446761,"path_taken":["M","?","M","?","M","R","E","R","T","?","M","E","M","M","R","BOSS","M","?","M","?","M","R","E"],"build_version":"2019-07-17","purchased_purges":0,"victory":false,"max_hp_per_floor":[80,80,80,80,80,80,80,80,80,80,80,80,80,80,80,80,80,80,80,80,80,80,80,80],"card_choices":[{"not_picked":["Reckless Charge","Pummel"],"picked":"Shrug It Off","floor":1},{"not_picked":["Second Wind","Disarm"],"picked":"Inflame","floor":3},{"not_picked":["Bloodletting","Twin Strike"],"picked":"Entrench","floor":5},{"not_picked":["Cleave","Pummel"],"picked":"Reaper","floor":7},{"not_picked":["Sword Boomerang","Feel No Pain"],"picked":"Disarm","floor":10},{"not_picked":["Clash","Fire Breathing","Flex"],"picked":"SKIP","floor":11},{"not_picked":["Wild Strike","Thunderclap"],"picked":"Pommel Strike","floor":12},{"not_picked":["Sentinel","Reckless Charge"],"picked":"Shrug It Off","floor":13},{"not_picked":["Pommel Strike","Shrug It Off"],"picked":"Heavy Blade","floor":14},{"not_picked":["Juggernaut","Immolate"],"picked":"Offering","floor":16},{"not_picked":["Thunderclap","Headbutt"],"picked":"Havoc+1","floor":18},{"not_picked":["Wild Strike+1","Flex"],"picked":"Sentinel+1","floor":20},{"not_picked":["Armaments","Clothesline"],"picked":"Sentinel","floor":22}],"player_experience":91069,"relics_obtained":[{"floor":4,"key":"Centennial Puzzle"},{"floor":7,"key":"Magic Flower"},{"floor":9,"key":"MawBank"},{"floor":12,"key":"Orichalcum"}],"event_choices":[{"damage_healed":0,"gold_gain":0,"player_choice":"Success","damage_taken":3,"relics_obtained":["Lantern"],"max_hp_gain":0,"max_hp_loss":0,"event_name":"Scrap Ooze","floor":2,"gold_loss":0},{"damage_healed":0,"gold_gain":0,"player_choice":"Opened","damage_taken":0,"relics_obtained":["Bag of Marbles"],"max_hp_gain":0,"max_hp_loss":0,"event_name":"The Mausoleum","floor":19,"gold_loss":0},{"damage_healed":0,"gold_gain":0,"player_choice":"Obtained Relic","damage_taken":0,"relics_obtained":["Pen Nib"],"max_hp_gain":0,"max_hp_loss":0,"event_name":"Addict","floor":21,"gold_loss":85}],"is_beta":false,"boss_relics":[{"not_picked":["Busted Crown","White Beast Statue"],"picked":"Philosopher\u0027s Stone"}],"items_purged_floors":[],"is_endless":false,"potions_floor_spawned":[3,7,10,11,12,16],"killed_by":"Gremlin Leader","ascension_level":0}