{"gold_per_floor":[109,128,108,118,118,118,131,56,56,72,86,115,58,68,68,140,140,150,50,50,65,65,76,76,101,101,132,57,57,85,99,99,173,173,191,201,76,96,111,137,137,168,168,168,168,168,183,214,214,214,214,214,214,64,91,91],"floor_reached":57,"playtime":2042,"items_purged":["Strike_G","Strike_G","Glass Knife+1","Defend_G"],"score":3479,"play_id":"b6a12997-5ebf-4278-b344-96efe83c7dd4","local_time":"20190902002242","is_ascension_mode":true,"campfire_choices":[{"data":"Glass Knife","floor":6.0,"key":"SMITH"},{"data":"Well Laid Plans","floor":15.0,"key":"SMITH"},{"data":"Acrobatics","floor":24.0,"key":"SMITH"},{"data":"Calculated Gamble","floor":29.0,"key":"SMITH"},{"data":"Tactician","floor":32.0,"key":"SMITH"},{"floor":46,"key":"RECALL"},{"data":"Backflip","floor":49,"key":"SMITH"},{"data":"Grand Finale","floor":53,"key":"SMITH"}],"neow_cost":"PERCENT_DAMAGE","seed_source_timestamp":0,"circlet_count":0,"master_deck":["AscendersBane","Defend_G","Defend_G","Survivor","Neutralize+1","Crippling Poison","Well Laid Plans+1","Backflip+1","Grand Finale+1","Acrobatics+1","Adrenaline","Eviscerate+1","Calculated Gamble+1","Tactician+1","Prepared+1"],"special_seed":0,"relics":["Ring of the Snake","Pear","Calling Bell","PreservedInsect","Blue Candle","Torii","Ancient Tea Set","Unceasing Top","Bag of Marbles","Pen Nib","Eternal Feather","Regal Pillow","Juzu Bracelet","Oddly Smooth Stone","Dream Catcher","Whetstone"],"potions_floor_usage":[56,56],"damage_taken":[{"damage":9.0,"enemies":"Cultist","floor":1.0,"turns":6.0},{"damage":7.0,"enemies":"Small Slimes","floor":2.0,"turns":4.0},{"damage":8.0,"enemies":"Jaw Worm","floor":4.0,"turns":3.0},{"damage":0.0,"enemies":"2 Fungi Beasts","floor":7.0,"turns":2.0},{"damage":5.0,"enemies":"Lots of Slimes","floor":10.0,"turns":4.0},{"damage":1.0,"enemies":"Red Slaver","floor":11.0,"turns":4.0},{"damage":9.0,"enemies":"3 Sentries","floor":12.0,"turns":9.0},{"damage":6.0,"enemies":"Gremlin Gang","floor":14.0,"turns":5.0},{"damage":35.0,"enemies":"Slime Boss","floor":16.0,"turns":10.0},{"damage":12.0,"enemies":"Spheric Guardian","floor":18.0,"turns":4.0},{"damage":8.0,"enemies":"Chosen","floor":21.0,"turns":5.0},{"damage":2.0,"enemies":"Snake Plant","floor":23.0,"turns":4.0},{"damage":0.0,"enemies":"Book of Stabbing","floor":25.0,"turns":2.0},{"damage":1.0,"enemies":"Gremlin Leader","floor":27.0,"turns":4.0},{"damage":0.0,"enemies":"Book of Stabbing","floor":30.0,"turns":3.0},{"damage":0.0,"enemies":"Snecko","floor":31.0,"turns":3.0},{"damage":0.0,"enemies":"Champ","floor":33.0,"turns":3.0},{"damage":0.0,"enemies":"3 Shapes","floor":35.0,"turns":2.0},{"damage":0.0,"enemies":"3 Darklings","floor":36.0,"turns":1.0},{"damage":11.0,"enemies":"Transient","floor":38.0,"turns":6.0},{"damage":1.0,"enemies":"Writhing Mass","floor":39.0,"turns":4.0},{"damage":1.0,"enemies":"Nemesis","floor":40.0,"turns":1.0},{"damage":0,"enemies":"Giant Head","floor":42,"turns":2},{"damage":0,"enemies":"Jaw Worm Horde","floor":47,"turns":1},{"damage":0,"enemies":"Reptomancer","floor":48,"turns":1},{"damage":0,"enemies":"Donu and Deca","floor":50,"turns":1},{"damage":15,"enemies":"Time Eater","floor":51,"turns":4},{"damage":0,"enemies":"Shield and Spear","floor":55,"turns":1},{"damage":46,"enemies":"The Heart","floor":56,"turns":5}],"seed_played":"6","potions_obtained":[{"floor":2.0,"key":"Fire Potion"},{"floor":3.0,"key":"Regen Potion"},{"floor":12.0,"key":"Block Potion"},{"floor":18.0,"key":"SteroidPotion"},{"floor":25.0,"key":"Explosive Potion"},{"floor":36.0,"key":"PowerPotion"},{"floor":40.0,"key":"Swift Potion"}],"is_trial":false,"path_per_floor":["M","M","?","M","?","R","M","$","T","M","M","E","$","M","R","B",null,"M","$","?","M","$","M","R","E","T","E","?","R","E","M","R","B",null,"M","M","$","M","M","E","?","E","T","?","?","R","M","E","R","B","B",null,"R","$","E","B",null],"character_chosen":"THE_SILENT","items_purchased":["Fire Potion"],"campfire_rested":0,"item_purchase_floors":[13],"current_hp_per_floor":[47,40,40,32,32,32,32,32,32,27,26,42,42,36,36,1,66,54,54,54,46,46,44,44,44,44,43,43,43,43,43,43,43,77,77,77,77,66,65,64,64,64,64,64,64,73,73,73,82,82,67,83,88,88,88,42],"gold":91,"neow_bonus":"TWENTY_PERCENT_HP_BONUS","is_prod":false,"is_daily":false,"chose_seed":false,"campfire_upgraded":7,"win_rate":0,"timestamp":1567354962,"path_taken":["M","M","?","?","?","R","M","$","T","M","M","E","$","M","R","BOSS","M","$","?","M","$","M","R","E","T","E","?","R","E","M","R","BOSS","M","M","$","M","M","E","?","E","T","?","?","R","M","E","R","BOSS","BOSS","R","$","E","BOSS"],"build_version":"2019-07-17","purchased_purges":4,"victory":true,"max_hp_per_floor":[78,78,78,78,78,78,78,78,78,78,78,88,88,88,88,88,88,88,88,88,88,88,88,88,88,88,88,88,88,88,88,88,88,88,88,88,88,88,88,88,88,88,88,88,88,88,88,88,88,88,88,88,88,88,88,88],"card_choices":[{"not_picked":["Dagger Throw","Outmaneuver","Poisoned Stab"],"picked":"SKIP","floor":1.0},{"not_picked":["Skewer","Acrobatics"],"picked":"Glass Knife","floor":2.0},{"not_picked":["Expertise","Choke"],"picked":"Crippling Poison","floor":4.0},{"not_picked":["Dagger Throw","PiercingWail"],"picked":"Backflip","floor":7.0},{"not_picked":["Dagger Spray","Skewer","Blade Dance"],"picked":"SKIP","floor":10.0},{"not_picked":["Endless Agony","Acrobatics","Slice"],"picked":"SKIP","floor":11.0},{"not_picked":["Concentrate","Slice","Underhanded Strike"],"picked":"SKIP","floor":12.0},{"not_picked":["Quick Slash","Deflect","Poisoned Stab"],"picked":"SKIP","floor":14.0},{"not_picked":["Burst","Night Terror"],"picked":"Grand Finale","floor":16.0},{"not_picked":["Outmaneuver","Flying Knee"],"picked":"Acrobatics","floor":18.0},{"not_picked":["Underhanded Strike","Bouncing Flask","Deadly Poison"],"picked":"SKIP","floor":21.0},{"not_picked":["Accuracy","Sucker Punch","Blade Dance"],"picked":"SKIP","floor":23.0},{"not_picked":["Acrobatics+1","Outmaneuver"],"picked":"Calculated Gamble","floor":25.0},{"not_picked":["Flechettes","Acrobatics","Underhanded Strike"],"picked":"SKIP","floor":27.0},{"not_picked":["Distraction","Terror","Masterful Stab"],"picked":"SKIP","floor":30.0},{"not_picked":["Bane","Outmaneuver"],"picked":"Tactician","floor":31.0},{"not_picked":["Acrobatics","Quick Slash+1","Slice"],"picked":"SKIP","floor":35.0},{"not_picked":["Underhanded Strike","Dagger Throw","Flechettes"],"picked":"SKIP","floor":36.0},{"not_picked":["Deflect","Dodge and Roll+1"],"picked":"Prepared+1","floor":38.0},{"not_picked":["Backstab","Terror","Deadly Poison"],"picked":"SKIP","floor":39.0},{"not_picked":["Glass Knife","Heel Hook","Sucker Punch"],"picked":"SKIP","floor":40.0},{"not_picked":["Prepared","Dagger Spray","Poisoned Stab+1"],"picked":"SKIP","floor":42},{"not_picked":["Calculated Gamble","PiercingWail","Choke"],"picked":"SKIP","floor":47},{"not_picked":["Cloak And Dagger","Prepared","Noxious Fumes"],"picked":"SKIP","floor":48},{"not_picked":["Grand Finale","Sucker Punch","Poisoned Stab"],"picked":"SKIP","floor":55}],"player_experience":920751,"relics_obtained":[{"floor":12.0,"key":"Pear"},{"floor":17.0,"key":"PreservedInsect"},{"floor":17.0,"key":"Blue Candle"},{"floor":17.0,"key":"Torii"},{"floor":25.0,"key":"Ancient Tea Set"},{"floor":26.0,"key":"Unceasing Top"},{"floor":27.0,"key":"Bag of Marbles"},{"floor":30.0,"key":"Pen Nib"},{"floor":40.0,"key":"Regal Pillow"},{"floor":42,"key":"Juzu Bracelet"},{"floor":43,"key":"Oddly Smooth Stone"},{"floor":48,"key":"Dream Catcher"},{"floor":55,"key":"Whetstone"}],"event_choices":[{"damage_healed":0.0,"max_hp_gain":0.0,"max_hp_loss":0.0,"gold_gain":0.0,"event_name":"The Woman in Blue","player_choice":"Bought 1 Potion","floor":3.0,"gold_loss":0.0,"damage_taken":0.0},{"damage_healed":0.0,"max_hp_gain":0.0,"max_hp_loss":0.0,"gold_gain":0.0,"cards_transformed":["Strike_G"],"event_name":"Living Wall","player_choice":"Change","floor":5.0,"gold_loss":0.0,"damage_taken":0.0,"cards_obtained":["Well Laid Plans"]},{"damage_healed":0.0,"max_hp_gain":0.0,"max_hp_loss":0.0,"gold_gain":0.0,"cards_transformed":["Strike_G","Strike_G"],"event_name":"Drug Dealer","player_choice":"Became Test Subject","floor":20.0,"gold_loss":0.0,"damage_taken":0.0,"cards_obtained":["Adrenaline","Eviscerate"]},{"cards_removed":["Defend_G"],"damage_healed":0.0,"max_hp_gain":0.0,"max_hp_loss":0.0,"gold_gain":0.0,"event_name":"Beggar","player_choice":"Gave Gold","floor":28.0,"gold_loss":75.0,"damage_taken":0.0},{"damage_healed":0,"gold_gain":0,"player_choice":"Memory 1","damage_taken":0,"max_hp_gain":0,"max_hp_loss":0,"event_name":"SensoryStone","floor":41,"gold_loss":0},{"damage_healed":0,"gold_gain":0,"player_choice":"Ignored","damage_taken":0,"max_hp_gain":0,"max_hp_loss":0,"event_name":"Tomb of Lord Red Mask","floor":44,"gold_loss":0},{"cards_removed":["Defend_G"],"damage_healed":0,"gold_gain":0,"player_choice":"Purged","damage_taken":0,"max_hp_gain":0,"max_hp_loss":0,"event_name":"Purifier","floor":45,"gold_loss":0}],"is_beta":false,"boss_relics":[{"not_picked":["White Beast Statue","Fusion Hammer"],"picked":"Calling Bell"},{"not_picked":["Philosopher\u0027s Stone","Velvet Choker"],"picked":"Eternal Feather"}],"items_purged_floors":[8,19,37,54],"is_endless":false,"potions_floor_spawned":[2,7,12,14,18,25,36,38,40,47,48],"ascension_level":20}