{"gold_per_floor":[360,370,386,224,239,239,239,239,239,249,73,73,73,83,83,160,160,175,175,100,117,117,117,132,182,182,182,182,195,28,40,40,114,114,130,144,156,156,156,188,188,219,219,219,235,247,247,265,265,265,265,265,265,59,87,87],"floor_reached":57,"playtime":2394,"items_purged":["Strike_G","Strike_G","Slice+1"],"score":2958,"play_id":"fdd54af1-28ff-4f32-a7cb-13ed52edf891","local_time":"20190830215718","is_ascension_mode":true,"campfire_choices":[{"data":"Noxious Fumes","floor":6.0,"key":"SMITH"},{"data":"Corpse Explosion","floor":8.0,"key":"SMITH"},{"data":"Neutralize","floor":13.0,"key":"SMITH"},{"data":"Calculated Gamble","floor":15.0,"key":"SMITH"},{"data":"Tactician","floor":23.0,"key":"SMITH"},{"data":"Prepared","floor":28.0,"key":"SMITH"},{"data":"Catalyst","floor":32.0,"key":"SMITH"},{"floor":41.0,"key":"RECALL"},{"floor":47.0,"key":"REST"},{"floor":49.0,"key":"REST"},{"floor":53.0,"key":"REST"}],"neow_cost":"PERCENT_DAMAGE","seed_source_timestamp":0,"circlet_count":0,"master_deck":["AscendersBane","Defend_G+1","Defend_G+1","Survivor+1","Neutralize+1","Corpse Explosion+1","Calculated Gamble+1","Noxious Fumes+1","Backflip+1","Well Laid Plans+1","Burst+1","Prepared+1","Tactician+1","Escape Plan+1","Neutralize+1","Catalyst+1","Purity+1","Reflex+1","Tools of the Trade+1","Dodge and Roll+1","Venomology+1","Master of Strategy+1"],"special_seed":0,"relics":["Ring of the Snake","Ornamental Fan","Calling Bell","Centennial Puzzle","Matryoshka","PreservedInsect","Omamori","Tingsha","Astrolabe","Mark of the Bloom","Oddly Smooth Stone","Gremlin Horn","Toxic Egg 2","CultistMask","Bottled Lightning"],"potions_floor_usage":[56,56],"damage_taken":[{"damage":1.0,"enemies":"Small Slimes","floor":1.0,"turns":4.0},{"damage":2.0,"enemies":"Cultist","floor":2.0,"turns":4.0},{"damage":0.0,"enemies":"2 Louse","floor":3.0,"turns":2.0},{"damage":2.0,"enemies":"Red Slaver","floor":5.0,"turns":4.0},{"damage":7.0,"enemies":"Exordium Thugs","floor":10.0,"turns":3.0},{"damage":0.0,"enemies":"Looter","floor":14.0,"turns":4.0},{"damage":15.0,"enemies":"The Guardian","floor":16.0,"turns":9.0},{"damage":4.0,"enemies":"Spheric Guardian","floor":18.0,"turns":4.0},{"damage":4.0,"enemies":"Chosen","floor":21.0,"turns":6.0},{"damage":4.0,"enemies":"Sentry and Sphere","floor":24.0,"turns":4.0},{"damage":0.0,"enemies":"Centurion and Healer","floor":29.0,"turns":4.0},{"damage":1.0,"enemies":"Snecko","floor":31.0,"turns":6.0},{"damage":1.0,"enemies":"Automaton","floor":33.0,"turns":4.0},{"damage":0.0,"enemies":"3 Shapes","floor":35.0,"turns":4.0},{"damage":11.0,"enemies":"Orb Walker","floor":36.0,"turns":5.0},{"damage":22.0,"enemies":"Writhing Mass","floor":37.0,"turns":3.0},{"damage":0.0,"enemies":"Giant Head","floor":40.0,"turns":2.0},{"damage":0.0,"enemies":"Nemesis","floor":42.0,"turns":3.0},{"damage":0.0,"enemies":"4 Shapes","floor":45.0,"turns":2.0},{"damage":0.0,"enemies":"3 Darklings","floor":46.0,"turns":1.0},{"damage":0.0,"enemies":"Sphere and 2 Shapes","floor":48.0,"turns":2.0},{"damage":0.0,"enemies":"Awakened One","floor":50.0,"turns":5.0},{"damage":1.0,"enemies":"Time Eater","floor":51.0,"turns":4.0},{"damage":5.0,"enemies":"Shield and Spear","floor":55.0,"turns":2.0},{"damage":10,"enemies":"The Heart","floor":56,"turns":6}],"seed_played":"3","potions_obtained":[{"floor":3.0,"key":"AttackPotion"},{"floor":16.0,"key":"GhostInAJar"},{"floor":21.0,"key":"GamblersBrew"},{"floor":29.0,"key":"SteroidPotion"},{"floor":36.0,"key":"Strength Potion"},{"floor":48.0,"key":"GhostInAJar"}],"is_trial":false,"path_per_floor":["M","M","M","$","M","R","?","R","T","M","$","?","R","M","R","B",null,"M","?","?","M","T","R","M","?","T","?","R","M","$","M","R","B",null,"M","M","M","?","?","E","R","E","T","?","M","M","R","M","R","B","B",null,"R","$","E","B",null],"character_chosen":"THE_SILENT","items_purchased":["Noxious Fumes","Well Laid Plans","Catalyst","Purity","Ancient Potion"],"campfire_rested":3,"item_purchase_floors":[4,11,30,30,54],"current_hp_per_floor":[43,41,41,41,39,39,39,39,39,32,32,23,23,23,23,8,52,48,30,30,26,26,26,22,22,22,22,22,22,22,21,21,20,58,58,47,25,25,25,25,25,25,25,25,25,25,25,25,25,25,24,24,24,24,19,9],"gold":87,"neow_bonus":"TWO_FIFTY_GOLD","is_prod":false,"is_daily":false,"chose_seed":false,"campfire_upgraded":7,"win_rate":0,"timestamp":1567173438,"path_taken":["M","M","M","$","M","R","?","R","T","M","$","?","R","?","R","BOSS","M","?","?","?","?","R","M","?","T","?","R","M","$","M","R","BOSS","M","?","M","?","?","E","R","E","T","?","?","M","R","M","R","BOSS","BOSS","R","$","E","BOSS"],"build_version":"2019-07-17","purchased_purges":3,"victory":true,"max_hp_per_floor":[66,66,66,66,66,66,66,66,66,66,66,66,66,66,66,66,66,66,71,71,71,71,71,71,71,71,71,71,71,71,71,71,71,71,71,71,71,71,71,71,71,71,71,71,71,71,71,71,71,71,71,71,71,71,71,71],"card_choices":[{"not_picked":["Blade Dance","Prepared","Deflect"],"picked":"SKIP","floor":1.0},{"not_picked":["Backflip","Deflect"],"picked":"Corpse Explosion","floor":2.0},{"not_picked":["Slice","Deflect"],"picked":"Calculated Gamble","floor":3.0},{"not_picked":["Outmaneuver","Leg Sweep","Dodge and Roll"],"picked":"SKIP","floor":5.0},{"not_picked":["Prepared","Dodge and Roll"],"picked":"Backflip","floor":10.0},{"not_picked":["Cloak And Dagger","Blade Dance","Choke"],"picked":"SKIP","floor":14.0},{"not_picked":["Bullet Time","Wraith Form v2"],"picked":"Burst","floor":16.0},{"not_picked":["Outmaneuver","Well Laid Plans","Crippling Poison"],"picked":"SKIP","floor":18.0},{"not_picked":["Deadly Poison","Underhanded Strike"],"picked":"Escape Plan","floor":21.0},{"not_picked":["Quick Slash","Underhanded Strike","PiercingWail"],"picked":"SKIP","floor":24.0},{"not_picked":["Flying Knee","Outmaneuver","Glass Knife"],"picked":"SKIP","floor":29.0},{"not_picked":["Dodge and Roll","Deadly Poison"],"picked":"Reflex","floor":31.0},{"not_picked":["Wraith Form v2","Doppelganger"],"picked":"Tools of the Trade","floor":33.0},{"not_picked":["Dagger Spray","Prepared","Choke"],"picked":"SKIP","floor":35.0},{"not_picked":["Slice","Outmaneuver","Noxious Fumes+1"],"picked":"SKIP","floor":36.0},{"not_picked":["Slice","Outmaneuver","Noxious Fumes+1"],"picked":"SKIP","floor":36.0},{"not_picked":["PiercingWail","Riddle With Holes","Blade Dance+1"],"picked":"SKIP","floor":37.0},{"not_picked":["Violence","Finesse"],"picked":"Master of Strategy","floor":38.0},{"not_picked":["Bouncing Flask+1","Dagger Spray+1","Tactician"],"picked":"SKIP","floor":40.0},{"not_picked":["Burst","Underhanded Strike","Slice+1"],"picked":"SKIP","floor":42.0},{"not_picked":["Masterful Stab","Crippling Poison+1","Sucker Punch+1"],"picked":"SKIP","floor":45.0},{"not_picked":["Bane","PiercingWail+1","Masterful Stab"],"picked":"SKIP","floor":46.0},{"not_picked":["Underhanded Strike","Deadly Poison+1","Quick Slash"],"picked":"SKIP","floor":48.0},{"not_picked":["Setup+1","Predator","Poisoned Stab+1"],"picked":"SKIP","floor":55.0}],"player_experience":910856,"relics_obtained":[{"floor":9.0,"key":"Ornamental Fan"},{"floor":17.0,"key":"Centennial Puzzle"},{"floor":17.0,"key":"Matryoshka"},{"floor":22.0,"key":"PreservedInsect"},{"floor":26.0,"key":"Omamori"},{"floor":26.0,"key":"Tingsha"},{"floor":40.0,"key":"Oddly Smooth Stone"},{"floor":42.0,"key":"Gremlin Horn"},{"floor":43.0,"key":"Toxic Egg 2"},{"floor":55.0,"key":"Bottled Lightning"}],"event_choices":[{"cards_removed":["Strike_G"],"damage_healed":0.0,"max_hp_gain":0.0,"max_hp_loss":0.0,"gold_gain":0.0,"event_name":"Bonfire Elementals","player_choice":"Offered Basic","floor":7.0,"gold_loss":0.0,"damage_taken":0.0},{"damage_healed":0.0,"max_hp_gain":0.0,"max_hp_loss":0.0,"gold_gain":0.0,"event_name":"Wheel of Change","player_choice":"Damaged","floor":12.0,"gold_loss":0.0,"damage_taken":9.0},{"damage_healed":0.0,"max_hp_gain":5.0,"max_hp_loss":0.0,"gold_gain":0.0,"event_name":"Forgotten Altar","player_choice":"Shed Blood","floor":19.0,"gold_loss":0.0,"damage_taken":23.0},{"damage_healed":0.0,"max_hp_gain":0.0,"max_hp_loss":0.0,"gold_gain":0.0,"cards_transformed":["Strike_G","Strike_G"],"event_name":"Designer","player_choice":"Transformed Cards","floor":20.0,"gold_loss":75.0,"damage_taken":0.0,"cards_obtained":["Prepared","Tactician"]},{"damage_healed":0.0,"max_hp_gain":0.0,"max_hp_loss":0.0,"gold_gain":50.0,"event_name":"Nest","player_choice":"Stole From Cult","floor":25.0,"gold_loss":0.0,"damage_taken":0.0},{"damage_healed":0.0,"max_hp_gain":0.0,"max_hp_loss":0.0,"gold_gain":0.0,"event_name":"Match and Keep!","player_choice":"1 cards matched","floor":27.0,"gold_loss":0.0,"damage_taken":0.0,"cards_obtained":["Neutralize"]},{"damage_healed":0.0,"max_hp_gain":0.0,"max_hp_loss":0.0,"gold_gain":0.0,"event_name":"SensoryStone","player_choice":"Memory 1","floor":38.0,"gold_loss":0.0,"damage_taken":0.0},{"damage_healed":0.0,"max_hp_gain":0.0,"max_hp_loss":0.0,"gold_gain":0.0,"event_name":"MindBloom","player_choice":"Upgrade","floor":39.0,"gold_loss":0.0,"damage_taken":0.0,"cards_upgraded":["Defend_G","Defend_G","Survivor","Backflip","Well Laid Plans","Burst","Escape Plan","Neutralize","Purity","Reflex","Tools of the Trade","Master of Strategy"],"relics_obtained":["Mark of the Bloom"]},{"damage_healed":0.0,"max_hp_gain":0.0,"max_hp_loss":0.0,"gold_gain":0.0,"event_name":"FaceTrader","player_choice":"Trade","floor":44.0,"gold_loss":0.0,"damage_taken":0.0,"relics_obtained":["CultistMask"]}],"is_beta":false,"boss_relics":[{"not_picked":["Ring of the Serpent","WristBlade"],"picked":"Calling Bell"},{"not_picked":["Runic Pyramid","Philosopher\u0027s Stone"],"picked":"Astrolabe"}],"items_purged_floors":[4,11,54],"is_endless":false,"potions_floor_spawned":[3,16,21,29,36,45,48],"ascension_level":20}