{"gold_per_floor":[117,127,140,157,171,188,207,239,263,275,275,301,301,319,319,422,422,435,534,534,545,194,194,213,213,213,233,243,243,143,0,0,97,97,114,114,159,171,171,171,46,46,46,46,46,46,58,58,58,58],"floor_reached":51,"playtime":3096,"items_purged":["Strike_R","Strike_R","Bloodletting"],"score":659,"play_id":"4b501861-3c0e-4454-9f11-7aa5c8911f2e","local_time":"20180925155118","is_ascension_mode":false,"campfire_choices":[{"floor":11,"key":"REST"},{"data":"Iron Wave","floor":13,"key":"SMITH"},{"data":"Carnage","floor":15,"key":"SMITH"},{"data":"Limit Break","floor":23,"key":"SMITH"},{"data":"Heavy Blade","floor":25,"key":"SMITH"},{"floor":32,"key":"REST"},{"floor":40,"key":"REST"},{"floor":42,"key":"REST"},{"data":"Double Tap","floor":44,"key":"SMITH"},{"data":"Power Through","floor":46,"key":"SMITH"},{"floor":49,"key":"REST"}],"neow_cost":"NONE","seed_source_timestamp":801507224233164,"circlet_count":0,"master_deck":["Strike_R","Defend_R","Defend_R","Defend_R","Bash","Ghostly Armor","Twin Strike","Uppercut","Iron Wave+1","Power Through+1","Clothesline","Inflame","True Grit","Limit Break+1","Heavy Blade+1","Cleave","Carnage+1","Demon Form","Flame Barrier+1","Shrug It Off","Headbutt","Warcry+1","Dual Wield+1","Limit Break+1","Double Tap+1","Offering","Metallicize+1","Pummel","Shrug It Off+1"],"relics":["Burning Blood","Red Skull","Dream Catcher","Question Card","Busted Crown","Toy Ornithopter","Bag of Preparation","Lizard Tail","FossilizedHelix","Champion Belt","Gremlin Horn"],"potions_floor_usage":[8,16,24,27,28,33,37,39,47],"damage_taken":[{"damage":6,"enemies":"Jaw Worm","floor":1,"turns":5},{"damage":0,"enemies":"Small Slimes","floor":2,"turns":3},{"damage":0,"enemies":"2 Louse","floor":3,"turns":3},{"damage":5,"enemies":"Looter","floor":4,"turns":3},{"damage":10,"enemies":"Gremlin Gang","floor":5,"turns":5},{"damage":11,"enemies":"Blue Slaver","floor":6,"turns":3},{"damage":9,"enemies":"Red Slaver","floor":7,"turns":3},{"damage":28,"enemies":"Lagavulin","floor":8,"turns":6},{"damage":4,"enemies":"Exordium Wildlife","floor":10,"turns":5},{"damage":22,"enemies":"3 Sentries","floor":12,"turns":9},{"damage":0,"enemies":"Large Slime","floor":14,"turns":5},{"damage":31,"enemies":"Hexaghost","floor":16,"turns":10},{"damage":11,"enemies":"Shell Parasite","floor":18,"turns":4},{"damage":18,"enemies":"Spheric Guardian","floor":21,"turns":4},{"damage":19,"enemies":"3 Cultists","floor":24,"turns":4},{"damage":14,"enemies":"Centurion and Healer","floor":27,"turns":4},{"damage":6,"enemies":"Snake Plant","floor":28,"turns":4},{"damage":36,"enemies":"Collector","floor":33,"turns":5},{"damage":13,"enemies":"3 Darklings","floor":35,"turns":5},{"damage":45,"enemies":"Mysterious Sphere","floor":37,"turns":5},{"damage":0,"enemies":"Orb Walker","floor":38,"turns":2},{"damage":23,"enemies":"Mind Bloom Boss Battle","floor":39,"turns":7},{"damage":54,"enemies":"3 Darklings","floor":47,"turns":3},{"damage":22,"enemies":"Donu and Deca","floor":50,"turns":6}],"seed_played":"3957930908920736755","potions_obtained":[{"floor":1,"key":"Weak Potion"},{"floor":2,"key":"Ancient Potion"},{"floor":5,"key":"SpeedPotion"},{"floor":8,"key":"PowerPotion"},{"floor":21,"key":"Fire Potion"},{"floor":24,"key":"SpeedPotion"},{"floor":27,"key":"Ancient Potion"},{"floor":37,"key":"Poison Potion"},{"floor":39,"key":"Poison Potion"},{"floor":47,"key":"SmokeBomb"}],"is_trial":false,"path_per_floor":["M","M","M","M","M","M","M","E","T","M","R","E","R","M","R","B",null,"M","?","?","M","$","R","M","R","T","M","M","?","$","?","R","B",null,"M","?","?","M","?","R","$","R","T","R","?","R","M","$","R","B"],"character_chosen":"IRONCLAD","items_purchased":["Shrug It Off","Headbutt","Toy Ornithopter"],"campfire_rested":5,"item_purchase_floors":[22,22,22],"current_hp_per_floor":[80,80,80,80,76,71,68,46,46,48,72,56,56,62,62,37,80,75,75,75,63,63,63,55,55,55,52,57,57,57,57,80,55,80,73,73,39,45,33,57,57,80,80,80,80,80,37,37,61,45],"gold":58,"neow_bonus":"TRANSFORM_CARD","is_prod":false,"is_daily":false,"chose_seed":false,"campfire_upgraded":6,"win_rate":0.0,"timestamp":1537905078,"path_taken":["M","M","M","M","M","M","M","E","T","M","R","E","R","M","R","BOSS","M","?","?","M","$","R","M","R","T","M","?","?","?","?","R","BOSS","M","?","?","?","?","R","$","R","T","R","?","R","?","$","R","BOSS"],"build_version":"2018-09-20","purchased_purges":3,"victory":true,"max_hp_per_floor":[80,80,80,80,80,80,80,80,80,80,80,80,80,80,80,80,80,80,80,80,80,80,80,80,80,80,80,80,80,80,80,80,80,80,80,80,80,80,80,80,80,80,80,80,80,80,80,80,80,80],"card_choices":[{"not_picked":["Entrench","Combust"],"picked":"Twin Strike","floor":1},{"not_picked":["Combust","Hemokinesis"],"picked":"Uppercut","floor":2},{"not_picked":["Armaments","Body Slam"],"picked":"Iron Wave","floor":3},{"not_picked":["Twin Strike","Entrench"],"picked":"Power Through","floor":4},{"not_picked":["Twin Strike","Flex"],"picked":"Clothesline","floor":5},{"not_picked":["Body Slam","Hemokinesis"],"picked":"Inflame","floor":6},{"not_picked":["Pommel Strike","Evolve"],"picked":"True Grit","floor":7},{"not_picked":["Combust","Anger"],"picked":"Limit Break","floor":8},{"not_picked":["Pommel Strike","Iron Wave"],"picked":"Heavy Blade","floor":10},{"not_picked":["Headbutt","Wild Strike"],"picked":"Cleave","floor":12},{"not_picked":["Sword Boomerang","Power Through","Clash"],"picked":"Carnage","floor":14},{"not_picked":["Bludgeon","Barricade","Berserk"],"picked":"Demon Form","floor":16},{"not_picked":["Intimidate"],"picked":"Flame Barrier+1","floor":18},{"not_picked":["Perfected Strike","True Grit"],"picked":"SKIP","floor":21},{"not_picked":["Cleave"],"picked":"Warcry+1","floor":24},{"not_picked":["Wild Strike+1","Evolve"],"picked":"SKIP","floor":27},{"not_picked":["Twin Strike"],"picked":"Dual Wield+1","floor":28},{"not_picked":["Dual Wield"],"picked":"Double Tap","floor":32},{"not_picked":["Impervious"],"picked":"Offering","floor":33},{"not_picked":["Clothesline","Body Slam+1"],"picked":"SKIP","floor":35},{"not_picked":["Armaments"],"picked":"Metallicize+1","floor":37},{"not_picked":["Thunderclap+1","Iron Wave"],"picked":"SKIP","floor":38},{"not_picked":["Heavy Blade+1"],"picked":"Pummel","floor":42},{"not_picked":["Feel No Pain+1"],"picked":"Shrug It Off+1","floor":47}],"player_experience":36066,"relics_obtained":[{"floor":8,"key":"Red Skull"},{"floor":9,"key":"Dream Catcher"},{"floor":12,"key":"Question Card"},{"floor":26,"key":"Bag of Preparation"},{"floor":37,"key":"FossilizedHelix"},{"floor":39,"key":"Champion Belt"},{"floor":43,"key":"Gremlin Horn"}],"event_choices":[{"event_name":"Nest","player_choice":"Stole From Cult","floor":19,"damage_taken":0},{"event_name":"Vampires","player_choice":"Ignored","floor":20,"damage_taken":0},{"event_name":"Duplicator","player_choice":"One dupe","floor":29,"damage_taken":0},{"event_name":"Masked Bandits","player_choice":"Paid Fearfully","floor":31,"damage_taken":0},{"event_name":"Transmorgrifier","player_choice":"Transform","floor":36,"damage_taken":0},{"event_name":"Mysterious Sphere","player_choice":"Fight","floor":37,"damage_taken":0},{"event_name":"MindBloom","player_choice":"Fight","floor":39,"damage_taken":0},{"event_name":"Purifier","player_choice":"One Purge","floor":45,"damage_taken":0}],"is_beta":false,"boss_relics":[{"not_picked":["Tiny House","Empty Cage"],"picked":"Busted Crown"},{"not_picked":["Runic Cube","Philosopher\u0027s Stone"],"picked":"Lizard Tail"}],"items_purged_floors":[22,30,41],"is_endless":false,"potions_floor_spawned":[1,2,5,6,8,10,21,24,27,37,39,47],"ascension_level":0}