{"gold_per_floor":[116,116,136,151,167,167,182,182,205,215,290,307,326,225,225,323,323,248,148,148,148,148,148,148,148,148,148,148,148,148,23,23,23],"floor_reached":33,"playtime":4581,"items_purged":["Strike_G","Strike_G","Defend_G"],"score":268,"play_id":"3d7de0ca-f7b6-43aa-a6ed-9bd81b61e8a7","local_time":"20180924210802","is_ascension_mode":false,"campfire_choices":[{"data":"Neutralize","floor":6.0,"key":"SMITH"},{"data":"Blur","floor":8.0,"key":"SMITH"},{"floor":15.0,"key":"REST"},{"floor":23.0,"key":"REST"},{"data":"A Thousand Cuts","floor":25.0,"key":"SMITH"},{"floor":32,"key":"REST"}],"neow_cost":"","seed_source_timestamp":0,"circlet_count":0,"master_deck":["Defend_G","Defend_G","Defend_G","Defend_G","Survivor","Neutralize+1","Heel Hook","Flying Knee","Dagger Throw","Flying Knee","Blur+1","Terror","A Thousand Cuts+1","Infinite Blades","Underhanded Strike","Venomology","Dagger Spray","Prepared+1","Acrobatics+1","Blade Dance","Bite","Bite","Bite","Bite","Bite","Dagger Throw","Envenom","Adrenaline"],"special_seed":0,"relics":["Ring of the Snake","Orichalcum","Ectoplasm","Potion Belt"],"potions_floor_usage":[33,33,33,33],"damage_taken":[{"damage":1.0,"enemies":"2 Louse","floor":1.0,"turns":3.0},{"damage":5.0,"enemies":"Small Slimes","floor":3.0,"turns":4.0},{"damage":1.0,"enemies":"Cultist","floor":4.0,"turns":4.0},{"damage":10.0,"enemies":"Lots of Slimes","floor":5.0,"turns":5.0},{"damage":0.0,"enemies":"Blue Slaver","floor":7.0,"turns":3.0},{"damage":11.0,"enemies":"3 Louse","floor":10.0,"turns":3.0},{"damage":2.0,"enemies":"Looter","floor":12.0,"turns":3.0},{"damage":3.0,"enemies":"Exordium Wildlife","floor":13.0,"turns":5.0},{"damage":41.0,"enemies":"Slime Boss","floor":16.0,"turns":11.0},{"damage":26.0,"enemies":"2 Thieves","floor":18.0,"turns":5.0},{"damage":2.0,"enemies":"Chosen","floor":20.0,"turns":5.0},{"damage":5.0,"enemies":"Snecko","floor":21.0,"turns":6.0},{"damage":21.0,"enemies":"Chosen and Byrds","floor":22.0,"turns":6.0},{"damage":20.0,"enemies":"3 Cultists","floor":27.0,"turns":5.0},{"damage":2.0,"enemies":"Masked Bandits","floor":29.0,"turns":2.0},{"damage":38.0,"enemies":"Centurion and Healer","floor":30.0,"turns":6.0},{"damage":72,"enemies":"Automaton","floor":33,"turns":10}],"seed_played":"3348967651289478569","potions_obtained":[{"floor":4.0,"key":"Block Potion"},{"floor":5.0,"key":"Block Potion"},{"floor":10.0,"key":"Dexterity Potion"},{"floor":12.0,"key":"FearPotion"},{"floor":18.0,"key":"Poison Potion"},{"floor":21.0,"key":"SpeedPotion"},{"floor":30.0,"key":"FearPotion"}],"is_trial":false,"path_per_floor":["M","?","M","M","M","R","M","R","T","M","?","M","M","$","R","B",null,"M","$","M","M","M","R","?","R","T","M","?","?","M","$","R"],"character_chosen":"THE_SILENT","items_purchased":["Underhanded Strike"],"campfire_rested":3,"item_purchase_floors":[14],"current_hp_per_floor":[69,74,69,68,58,58,58,58,58,47,36,34,31,31,53,12,75,60,60,58,53,32,54,52,52,52,38,38,38,14,14,29,0],"gold":23,"neow_bonus":"","is_prod":false,"is_daily":false,"chose_seed":false,"campfire_upgraded":3,"win_rate":0.0,"timestamp":1537837682,"path_taken":["M","?","M","M","M","R","M","R","T","M","?","M","M","$","R","BOSS","M","$","?","M","?","R","?","R","T","M","?","?","?","$","R","BOSS"],"build_version":"2018-09-20","purchased_purges":3,"victory":false,"max_hp_per_floor":[70,75,75,75,75,75,75,75,75,75,75,75,75,75,75,75,75,75,75,75,75,75,75,52,52,52,52,52,52,52,52,52,52],"card_choices":[{"not_picked":["Backflip","Expertise"],"picked":"Heel Hook","floor":1.0},{"not_picked":["Calculated Gamble","Quick Slash"],"picked":"Flying Knee","floor":3.0},{"not_picked":["Expertise","Slice"],"picked":"Dagger Throw","floor":4.0},{"not_picked":["Slice","Dagger Throw"],"picked":"Flying Knee","floor":5.0},{"not_picked":["Predator","Dagger Spray"],"picked":"Blur","floor":7.0},{"not_picked":["Backflip","Quick Slash"],"picked":"Terror","floor":10.0},{"not_picked":["Endless Agony","Deflect"],"picked":"A Thousand Cuts","floor":12.0},{"not_picked":["Endless Agony","Dodge and Roll"],"picked":"Infinite Blades","floor":13.0},{"not_picked":["Night Terror","Doppelganger"],"picked":"Venomology","floor":16.0},{"not_picked":["PiercingWail","Leg Sweep"],"picked":"Dagger Spray","floor":18.0},{"not_picked":["Skewer","Blade Dance"],"picked":"Prepared+1","floor":20.0},{"not_picked":["PiercingWail","Quick Slash"],"picked":"Acrobatics+1","floor":21.0},{"not_picked":["Deadly Poison","Blur"],"picked":"Blade Dance","floor":22.0},{"not_picked":["Deadly Poison","Well Laid Plans"],"picked":"Dagger Throw","floor":27.0},{"not_picked":["Acrobatics","Slice"],"picked":"Adrenaline","floor":30.0}],"player_experience":6211,"relics_obtained":[{"floor":9.0,"key":"Orichalcum"},{"floor":26.0,"key":"Potion Belt"}],"event_choices":[{"event_name":"Big Fish","player_choice":"Donut","floor":2.0,"damage_taken":0.0},{"event_name":"World of Goop","player_choice":"Gather Gold","floor":11.0,"damage_taken":0.0},{"event_name":"Vampires","player_choice":"Became a vampire","floor":24.0,"damage_taken":0.0},{"event_name":"The Library","player_choice":"Read","floor":28.0,"damage_taken":0.0},{"event_name":"Masked Bandits","player_choice":"Fought Bandits","floor":29.0,"damage_taken":0.0}],"is_beta":false,"boss_relics":[{"not_picked":["Philosopher\u0027s Stone","Runic Pyramid"],"picked":"Ectoplasm"}],"items_purged_floors":[14,19,31],"is_endless":false,"potions_floor_spawned":[4,5,10,12,18,21,29,30],"killed_by":"Automaton","ascension_level":0}