{"gold_per_floor":[119,119,119,136,148,182,182,212,212,212,230,247,259,275,275,375,375,390,390,400,363,373,373],"floor_reached":23,"playtime":1373,"items_purged":[],"score":230,"play_id":"dc1d0a0b-e107-40a4-81ad-ce5fef43c01f","local_time":"20190916123624","is_ascension_mode":false,"campfire_choices":[{"data":"Iron Wave","floor":7,"key":"SMITH"},{"floor":10,"key":"REST"},{"data":"Spot Weakness","floor":15,"key":"SMITH"}],"neow_cost":"NONE","seed_source_timestamp":2761087580789,"circlet_count":0,"master_deck":["Defend_R","Defend_R","Defend_R","Defend_R","Bash","Pummel","Shrug It Off","Iron Wave+1","Flame Barrier","Pommel Strike+1","Impervious","Twin Strike+1","Battle Trance","Spot Weakness+1","Barricade+1","Pommel Strike+1","Bite+1","Bite+1","Bite+1","Bite+1","Bite+1","Iron Wave+1","Carnage+1","Pommel Strike+1"],"relics":["Burning Blood","Happy Flower","Molten Egg 2","Frozen Egg 2","Eternal Feather"],"potions_floor_usage":[8,16],"damage_taken":[{"damage":11,"enemies":"Jaw Worm","floor":1,"turns":5},{"damage":10,"enemies":"Small Slimes","floor":4,"turns":3},{"damage":5,"enemies":"2 Louse","floor":5,"turns":2},{"damage":27,"enemies":"Gremlin Nob","floor":6,"turns":5},{"damage":19,"enemies":"Lagavulin","floor":8,"turns":11},{"damage":3,"enemies":"Lots of Slimes","floor":11,"turns":4},{"damage":8,"enemies":"Large Slime","floor":12,"turns":7},{"damage":3,"enemies":"Exordium Thugs","floor":13,"turns":5},{"damage":2,"enemies":"Blue Slaver","floor":14,"turns":4},{"damage":49,"enemies":"Slime Boss","floor":16,"turns":9},{"damage":22,"enemies":"Spheric Guardian","floor":18,"turns":5},{"damage":32,"enemies":"2 Thieves","floor":20,"turns":4},{"damage":0,"enemies":"Snecko","floor":22,"turns":5},{"damage":69,"enemies":"Gremlin Leader","floor":23,"turns":4}],"seed_played":"7497940144285513910","potions_obtained":[{"floor":4,"key":"Energy Potion"},{"floor":6,"key":"LiquidBronze"},{"floor":11,"key":"Explosive Potion"},{"floor":13,"key":"Ancient Potion"},{"floor":20,"key":"EssenceOfSteel"}],"is_trial":false,"path_per_floor":["M","?","?","M","M","E","R","E","T","R","M","M","M","M","R","B",null,"M","?","M","$","M","E"],"character_chosen":"IRONCLAD","items_purchased":["Carnage+1"],"campfire_rested":1,"item_purchase_floors":[21],"current_hp_per_floor":[83,83,83,79,80,59,59,46,46,72,75,73,76,80,80,37,88,72,61,50,50,61,0],"gold":373,"neow_bonus":"TEN_PERCENT_HP_BONUS","is_prod":false,"is_daily":false,"chose_seed":false,"campfire_upgraded":2,"win_rate":0.0,"timestamp":1568651784,"path_taken":["M","?","?","M","M","E","R","E","T","R","M","M","?","M","R","BOSS","M","?","M","$","M","E"],"build_version":"2019-07-17","purchased_purges":0,"victory":false,"max_hp_per_floor":[88,88,88,88,88,88,88,88,88,88,88,88,88,88,88,88,88,88,61,61,61,61,61],"card_choices":[{"not_picked":["Twin Strike","Sword Boomerang"],"picked":"Warcry","floor":1},{"not_picked":["Hemokinesis","Shockwave"],"picked":"Shrug It Off","floor":4},{"not_picked":["Dropkick","Metallicize"],"picked":"Iron Wave","floor":5},{"not_picked":["Carnage","Body Slam"],"picked":"Flame Barrier","floor":6},{"not_picked":["Twin Strike","Infernal Blade"],"picked":"Pommel Strike","floor":8},{"not_picked":["Disarm","Clothesline+1"],"picked":"Impervious","floor":11},{"not_picked":["Flex","Perfected Strike+1"],"picked":"Twin Strike+1","floor":12},{"not_picked":["Uppercut+1","Clash+1"],"picked":"Battle Trance","floor":13},{"not_picked":["Cleave+1","Perfected Strike+1"],"picked":"Spot Weakness","floor":14},{"not_picked":["Double Tap","Reaper+1"],"picked":"Barricade+1","floor":16},{"not_picked":["Fire Breathing+1","Bloodletting+1"],"picked":"Pommel Strike+1","floor":18},{"not_picked":["Shrug It Off","Perfected Strike+1"],"picked":"Iron Wave+1","floor":20},{"not_picked":["Pummel+1","Thunderclap+1"],"picked":"Pommel Strike+1","floor":22}],"player_experience":28544,"relics_obtained":[{"floor":6,"key":"Happy Flower"},{"floor":8,"key":"Molten Egg 2"},{"floor":9,"key":"Frozen Egg 2"}],"event_choices":[{"damage_healed":0,"gold_gain":0,"cards_transformed":["Warcry"],"player_choice":"Change","damage_taken":0,"max_hp_gain":0,"max_hp_loss":0,"event_name":"Living Wall","floor":2,"gold_loss":0,"cards_obtained":["Pummel"]},{"damage_healed":0,"gold_gain":0,"player_choice":"Ignored","damage_taken":0,"max_hp_gain":0,"max_hp_loss":0,"event_name":"Golden Wing","floor":3,"gold_loss":0},{"damage_healed":0,"gold_gain":0,"player_choice":"Became a vampire","damage_taken":0,"max_hp_gain":0,"max_hp_loss":27,"event_name":"Vampires","floor":19,"gold_loss":0,"cards_obtained":["Bite","Bite","Bite","Bite","Bite"]}],"is_beta":false,"boss_relics":[{"not_picked":["Lizard Tail","Velvet Choker"],"picked":"Eternal Feather"}],"items_purged_floors":[],"is_endless":false,"potions_floor_spawned":[4,6,11,13,20],"killed_by":"Gremlin Leader","ascension_level":0}