{"gold_per_floor":[115,13,33,47,67,85,120,120,120,120,155,155,105,125,125,125],"floor_reached":16,"playtime":745,"items_purged":["Defend_R"],"score":112,"play_id":"b605ef7b-c774-4241-ad12-6781e17aea8b","local_time":"20190917223946","is_ascension_mode":false,"campfire_choices":[{"data":"Rage","floor":10,"key":"SMITH"},{"data":"Inflame","floor":12,"key":"SMITH"},{"data":"Pommel Strike","floor":15,"key":"SMITH"}],"neow_cost":"NONE","seed_source_timestamp":43663944687672,"circlet_count":0,"master_deck":["Strike_R","Strike_R","Strike_R","Defend_R","Defend_R","Bash","Inflame+1","Shrug It Off","Rage+1","Intimidate","Warcry","Pommel Strike+1","True Grit"],"relics":["Burning Blood","InkBottle","Shuriken","Frozen Egg 2"],"potions_floor_usage":[7,11,16,16,16],"damage_taken":[{"damage":4,"enemies":"2 Louse","floor":1,"turns":4},{"damage":0,"enemies":"Small Slimes","floor":3,"turns":3},{"damage":3,"enemies":"Jaw Worm","floor":4,"turns":3},{"damage":1,"enemies":"Blue Slaver","floor":5,"turns":4},{"damage":6,"enemies":"Large Slime","floor":6,"turns":10},{"damage":26,"enemies":"Lagavulin","floor":7,"turns":8},{"damage":18,"enemies":"3 Sentries","floor":11,"turns":14},{"damage":6,"enemies":"Gremlin Gang","floor":14,"turns":4},{"damage":42,"enemies":"Slime Boss","floor":16,"turns":8}],"seed_played":"-6633216627428797434","potions_obtained":[{"floor":1,"key":"GamblersBrew"},{"floor":4,"key":"Block Potion"},{"floor":6,"key":"Energy Potion"},{"floor":7,"key":"Fire Potion"},{"floor":14,"key":"Ancient Potion"}],"is_trial":false,"path_per_floor":["M","$","M","M","M","M","E","?","T","R","E","R","?","M","R","B"],"character_chosen":"IRONCLAD","items_purchased":["Shrug It Off"],"campfire_rested":0,"item_purchase_floors":[2],"current_hp_per_floor":[80,80,80,80,80,80,60,53,53,53,41,41,41,41,41,0],"gold":125,"neow_bonus":"REMOVE_CARD","is_prod":false,"is_daily":false,"chose_seed":false,"campfire_upgraded":3,"win_rate":0,"timestamp":1568756386,"path_taken":["M","$","M","M","M","M","E","?","T","R","E","R","?","M","R","BOSS"],"build_version":"2019-09-17","purchased_purges":1,"victory":false,"max_hp_per_floor":[80,80,80,80,80,80,80,80,80,80,80,80,80,80,80,80],"card_choices":[{"not_picked":["Evolve","Combust"],"picked":"Inflame","floor":1},{"not_picked":["Perfected Strike","Fire Breathing","Power Through"],"picked":"SKIP","floor":3},{"not_picked":["Sever Soul","Sentinel"],"picked":"Rage","floor":4},{"not_picked":["Evolve","Rupture","Dual Wield"],"picked":"SKIP","floor":5},{"not_picked":["Pommel Strike","Armaments"],"picked":"Intimidate","floor":6},{"not_picked":["Rage","Entrench"],"picked":"Warcry","floor":7},{"not_picked":["Warcry","Armaments"],"picked":"Pommel Strike","floor":11},{"not_picked":["Sentinel","Rampage"],"picked":"True Grit","floor":14}],"player_experience":97778,"relics_obtained":[{"floor":7,"key":"InkBottle"},{"floor":9,"key":"Shuriken"},{"floor":11,"key":"Frozen Egg 2"}],"event_choices":[{"cards_removed":["Strike_R"],"damage_healed":0,"gold_gain":0,"player_choice":"Card Removal","damage_taken":7,"max_hp_gain":0,"max_hp_loss":0,"event_name":"Golden Wing","floor":8,"gold_loss":0},{"cards_removed":["Defend_R"],"damage_healed":0,"gold_gain":0,"player_choice":"Card Removal","damage_taken":0,"max_hp_gain":0,"max_hp_loss":0,"event_name":"The Cleric","floor":13,"gold_loss":50}],"is_beta":true,"boss_relics":[],"items_purged_floors":[2],"is_endless":false,"potions_floor_spawned":[1,4,6,7,14],"killed_by":"Slime Boss","ascension_level":0}