{"gold_per_floor":[111,128,49,49,64,64,64,64,90,103,117,155,155,171,171,265,265,286,300,315,336,100,100,100,100,147,161,161,10,10,25,25,124,124,144,19,444,444,500,500,519,532,557,571,611,632,673,1006,1006,1006,1006,1006,1006,366,396,396],"floor_reached":57,"playtime":2625,"items_purged":["Strike_G","Defend_G","Dagger Throw","Defend_G"],"score":3033,"play_id":"5f00f6cf-8c22-41a2-bbb8-ad87bea55eae","local_time":"20190911175656","is_ascension_mode":true,"campfire_choices":[{"data":"Calculated Gamble","floor":6.0,"key":"SMITH"},{"data":"Neutralize","floor":8.0,"key":"SMITH"},{"data":"Bouncing Flask","floor":15.0,"key":"SMITH"},{"data":"Catalyst","floor":23.0,"key":"SMITH"},{"data":"Malaise","floor":25.0,"key":"SMITH"},{"data":"Prepared","floor":32.0,"key":"SMITH"},{"data":"Backflip","floor":40.0,"key":"SMITH"},{"floor":49.0,"key":"RECALL"},{"data":"Catalyst","floor":53,"key":"SMITH"}],"neow_cost":"PERCENT_DAMAGE","seed_source_timestamp":856910694630300,"circlet_count":0,"master_deck":["AscendersBane","Defend_G+1","Survivor","Neutralize+1","Catalyst+1","Backflip+1","Calculated Gamble+1","Bouncing Flask+1","Noxious Fumes","Malaise+1","Acrobatics+1","Tactician+1","Catalyst+1","Prepared+1","Neutralize+1","Reflex+1","After Image"],"special_seed":0,"relics":["Ring of the Snake","Snake Skull","Odd Mushroom","Art of War","Philosopher\u0027s Stone","War Paint","Oddly Smooth Stone","Empty Cage","Old Coin","Thread and Needle","Unceasing Top","Bird Faced Urn","White Beast Statue","Anchor","Ornamental Fan"],"potions_floor_usage":[56,56,56,56],"damage_taken":[{"damage":0.0,"enemies":"Cultist","floor":1.0,"turns":4.0},{"damage":4.0,"enemies":"Jaw Worm","floor":2.0,"turns":5.0},{"damage":0.0,"enemies":"2 Louse","floor":5.0,"turns":3.0},{"damage":15.0,"enemies":"Large Slime","floor":10.0,"turns":8.0},{"damage":3.0,"enemies":"Red Slaver","floor":11.0,"turns":3.0},{"damage":11.0,"enemies":"The Mushroom Lair","floor":12.0,"turns":5.0},{"damage":4.0,"enemies":"Lots of Slimes","floor":14.0,"turns":3.0},{"damage":4.0,"enemies":"Hexaghost","floor":16.0,"turns":6.0},{"damage":9.0,"enemies":"Spheric Guardian","floor":18.0,"turns":4.0},{"damage":12.0,"enemies":"2 Thieves","floor":19.0,"turns":4.0},{"damage":0.0,"enemies":"Snake Plant","floor":20.0,"turns":4.0},{"damage":12.0,"enemies":"Cultist and Chosen","floor":21.0,"turns":7.0},{"damage":0.0,"enemies":"Sentry and Sphere","floor":27.0,"turns":3.0},{"damage":0.0,"enemies":"Shelled Parasite and Fungi","floor":31.0,"turns":2.0},{"damage":0.0,"enemies":"Champ","floor":33.0,"turns":5.0},{"damage":0.0,"enemies":"3 Shapes","floor":35.0,"turns":4.0},{"damage":0.0,"enemies":"Mind Bloom Boss Battle","floor":37.0,"turns":3.0},{"damage":5.0,"enemies":"2 Orb Walkers","floor":39.0,"turns":5.0},{"damage":0.0,"enemies":"3 Darklings","floor":41.0,"turns":3.0},{"damage":0.0,"enemies":"Writhing Mass","floor":42.0,"turns":3.0},{"damage":0.0,"enemies":"Sphere and 2 Shapes","floor":44.0,"turns":4.0},{"damage":0.0,"enemies":"Nemesis","floor":45.0,"turns":3.0},{"damage":0.0,"enemies":"4 Shapes","floor":46.0,"turns":4.0},{"damage":0.0,"enemies":"Giant Head","floor":47.0,"turns":3.0},{"damage":0.0,"enemies":"Awakened One","floor":50.0,"turns":10.0},{"damage":12,"enemies":"Time Eater","floor":51,"turns":5},{"damage":0,"enemies":"Shield and Spear","floor":55,"turns":5},{"damage":47,"enemies":"The Heart","floor":56,"turns":6}],"seed_played":"-582424655459014583","potions_obtained":[{"floor":2.0,"key":"Dexterity Potion"},{"floor":11.0,"key":"Dexterity Potion"},{"floor":21.0,"key":"Fire Potion"},{"floor":27.0,"key":"Fire Potion"},{"floor":31.0,"key":"Poison Potion"},{"floor":42.0,"key":"Poison Potion"},{"floor":47.0,"key":"EntropicBrew"}],"is_trial":false,"path_per_floor":["M","M","$","?","M","R","$","R","T","M","M","?","T","M","R","B",null,"M","M","M","M","$","R","?","R","T","M","?","$","?","M","R","B",null,"M","$","?","?","?","R","M","M","T","M","E","M","E","?","R","B","B",null,"R","$","E","B",null],"character_chosen":"THE_SILENT","items_purchased":["Calculated Gamble","War Paint","Prepared","White Beast Statue","Anchor","Swift Potion"],"campfire_rested":0,"item_purchase_floors":[3,22,29,54,54,54],"current_hp_per_floor":[44,40,40,40,40,40,40,40,40,25,22,11,11,7,7,3,46,37,25,25,13,13,13,13,13,13,13,13,13,13,13,13,13,48,48,48,48,48,43,43,43,43,43,43,43,43,43,43,43,47,39,55,55,55,59,13],"gold":396,"neow_bonus":"TRANSFORM_TWO_CARDS","is_prod":false,"is_daily":false,"chose_seed":false,"campfire_upgraded":8,"win_rate":0,"timestamp":1568195816,"path_taken":["M","?","?","?","M","R","?","R","T","M","M","?","?","M","R","BOSS","M","M","M","M","$","R","?","R","T","?","?","$","?","M","R","BOSS","M","$","?","?","?","R","M","M","T","M","E","M","E","?","R","BOSS","BOSS","R","$","E","BOSS"],"build_version":"2019-09-10","purchased_purges":4,"victory":true,"max_hp_per_floor":[66,66,66,60,60,60,60,60,60,60,60,60,60,60,60,60,60,60,60,60,60,60,60,60,60,60,60,60,60,60,60,60,60,60,60,60,60,60,60,60,60,60,60,60,60,60,60,60,60,60,60,60,60,60,60,60],"card_choices":[{"not_picked":["PiercingWail","Escape Plan"],"picked":"Backflip","floor":1.0},{"not_picked":["Quick Slash","Dodge and Roll"],"picked":"Backstab","floor":2.0},{"not_picked":["Flechettes","Underhanded Strike","Flying Knee"],"picked":"SKIP","floor":5.0},{"not_picked":["Prepared","Leg Sweep"],"picked":"Bouncing Flask","floor":10.0},{"not_picked":["Endless Agony","Outmaneuver","Dodge and Roll"],"picked":"SKIP","floor":11.0},{"not_picked":["Masterful Stab","Escape Plan"],"picked":"Noxious Fumes","floor":12.0},{"not_picked":["Calculated Gamble","Flying Knee","Poisoned Stab"],"picked":"SKIP","floor":14.0},{"not_picked":["After Image","Night Terror"],"picked":"Malaise","floor":16.0},{"not_picked":["Sucker Punch","Cloak And Dagger"],"picked":"Acrobatics+1","floor":18.0},{"not_picked":["All Out Attack","Slice","Flying Knee+1"],"picked":"SKIP","floor":19.0},{"not_picked":["Accuracy","Dash"],"picked":"Tactician","floor":20.0},{"not_picked":["Distraction","Wraith Form v2","Underhanded Strike"],"picked":"SKIP","floor":21.0},{"not_picked":["Dodge and Roll","Underhanded Strike"],"picked":"Catalyst","floor":27.0},{"not_picked":["Backflip","Heel Hook"],"picked":"Reflex+1","floor":31.0},{"not_picked":["Bullet Time","Envenom"],"picked":"After Image","floor":33.0},{"not_picked":["Masterful Stab","Dagger Throw+1","Prepared+1"],"picked":"SKIP","floor":35.0},{"not_picked":["Infinite Blades","Dagger Throw","Cloak And Dagger"],"picked":"SKIP","floor":41.0},{"not_picked":["Blur","Bouncing Flask+1","Blade Dance"],"picked":"SKIP","floor":42.0},{"not_picked":["Terror+1","Backflip","Endless Agony"],"picked":"SKIP","floor":44.0},{"not_picked":["Dash","Deadly Poison+1","Underhanded Strike"],"picked":"SKIP","floor":45.0},{"not_picked":["Predator","Tools of the Trade","Deflect"],"picked":"SKIP","floor":46.0},{"not_picked":["Underhanded Strike","Prepared","Backstab+1"],"picked":"SKIP","floor":47.0},{"not_picked":["Predator+1","Quick Slash","Dagger Spray"],"picked":"SKIP","floor":55}],"player_experience":947035,"relics_obtained":[{"floor":9.0,"key":"Snake Skull"},{"floor":12.0,"key":"Odd Mushroom"},{"floor":13.0,"key":"Art of War"},{"floor":26.0,"key":"Oddly Smooth Stone"},{"floor":37.0,"key":"Old Coin"},{"floor":39.0,"key":"Thread and Needle"},{"floor":45.0,"key":"Unceasing Top"},{"floor":47.0,"key":"Bird Faced Urn"},{"floor":55,"key":"Ornamental Fan"}],"event_choices":[{"damage_healed":0.0,"max_hp_gain":0.0,"max_hp_loss":6.0,"gold_gain":0.0,"event_name":"Golden Idol","player_choice":"Lose Max HP","floor":4.0,"gold_loss":0.0,"damage_taken":0.0,"relics_obtained":["Golden Idol"]},{"damage_healed":0.0,"max_hp_gain":0.0,"max_hp_loss":0.0,"gold_gain":0.0,"event_name":"Mushrooms","player_choice":"Fought Mushrooms","floor":12.0,"gold_loss":0.0,"damage_taken":0.0},{"cards_removed":["Strike_G"],"damage_healed":0.0,"max_hp_gain":0.0,"max_hp_loss":0.0,"gold_gain":0.0,"event_name":"Bonfire Elementals","player_choice":"Offered Basic","floor":24.0,"gold_loss":0.0,"damage_taken":0.0},{"cards_removed":["Strike_G"],"damage_healed":0.0,"max_hp_gain":0.0,"max_hp_loss":0.0,"gold_gain":0.0,"event_name":"Back to Basics","player_choice":"Elegance","floor":28.0,"gold_loss":0.0,"damage_taken":0.0},{"damage_healed":0.0,"max_hp_gain":0.0,"max_hp_loss":0.0,"gold_gain":0.0,"event_name":"Duplicator","player_choice":"Copied","floor":30.0,"gold_loss":0.0,"damage_taken":0.0,"cards_obtained":["Neutralize"]},{"damage_healed":0.0,"max_hp_gain":0.0,"max_hp_loss":0.0,"gold_gain":0.0,"event_name":"MindBloom","player_choice":"Fight","floor":37.0,"gold_loss":0.0,"damage_taken":0.0},{"cards_removed":["Backstab"],"damage_healed":0.0,"max_hp_gain":0.0,"max_hp_loss":0.0,"gold_gain":0.0,"event_name":"Falling","player_choice":"Removed Attack","floor":38.0,"gold_loss":0.0,"damage_taken":0.0},{"damage_healed":0.0,"max_hp_gain":0.0,"max_hp_loss":0.0,"gold_gain":0.0,"event_name":"Mysterious Sphere","player_choice":"Fight","floor":39.0,"gold_loss":0.0,"damage_taken":0.0},{"damage_healed":0.0,"max_hp_gain":0.0,"max_hp_loss":0.0,"gold_gain":333.0,"event_name":"The Moai Head","player_choice":"Gave Idol","floor":48.0,"relics_lost":["Golden Idol"],"gold_loss":0.0,"damage_taken":0.0}],"is_beta":true,"boss_relics":[{"not_picked":["SlaversCollar","Ectoplasm"],"picked":"Philosopher\u0027s Stone"},{"not_picked":["Calling Bell","Coffee Dripper"],"picked":"Empty Cage"}],"items_purged_floors":[22,29,36,54],"is_endless":false,"potions_floor_spawned":[2,11,12,14,18,21,27,31,37,42,47,55],"ascension_level":20}