{"gold_per_floor":[113,133,152,152,152,184,184,202,202,202,213,226,244,257,257,356,356,376,387,387,404,404],"floor_reached":22,"playtime":4912,"items_purged":[],"score":192,"play_id":"81fa2de6-317e-4f08-8942-0c354c19cba4","local_time":"20190917162347","is_ascension_mode":false,"campfire_choices":[{"floor":7,"key":"REST"},{"floor":15,"key":"REST"}],"neow_cost":"NONE","seed_source_timestamp":99261480246480,"circlet_count":0,"master_deck":["Strike_G","Strike_G","Strike_G","Strike_G","Strike_G","Defend_G","Defend_G","Defend_G","Defend_G+1","Survivor","Neutralize","Backflip","Backflip+1","Sucker Punch","Dash","Corpse Explosion","Sucker Punch","Doppelganger","Poisoned Stab","Escape Plan","Infinite Blades","Backflip","Unload","Shame","Regret","Injury","Dodge and Roll","Dodge and Roll+1","Endless Agony+1"],"relics":["Ring of the Snake","Bird Faced Urn","Calipers","Pocketwatch","Calling Bell","Orichalcum","Sundial","StoneCalendar","CultistMask"],"potions_floor_usage":[16,21,21,22,22],"damage_taken":[{"damage":2,"enemies":"2 Louse","floor":1,"turns":4},{"damage":0,"enemies":"Jaw Worm","floor":2,"turns":6},{"damage":0,"enemies":"Cultist","floor":3,"turns":5},{"damage":18,"enemies":"3 Sentries","floor":6,"turns":12},{"damage":10,"enemies":"Gremlin Gang","floor":8,"turns":4},{"damage":0,"enemies":"Red Slaver","floor":11,"turns":5},{"damage":0,"enemies":"Exordium Thugs","floor":12,"turns":4},{"damage":0,"enemies":"Blue Slaver","floor":13,"turns":4},{"damage":9,"enemies":"Red Slaver","floor":14,"turns":4},{"damage":21,"enemies":"Hexaghost","floor":16,"turns":12},{"damage":18,"enemies":"Spheric Guardian","floor":18,"turns":7},{"damage":35,"enemies":"3 Byrds","floor":19,"turns":4},{"damage":12,"enemies":"Snake Plant","floor":21,"turns":7},{"damage":13,"enemies":"Shelled Parasite and Fungi","floor":22,"turns":2}],"seed_played":"7278826040483561477","potions_obtained":[{"floor":3,"key":"Dexterity Potion"},{"floor":11,"key":"Swift Potion"},{"floor":13,"key":"PowerPotion"},{"floor":16,"key":"SteroidPotion"},{"floor":21,"key":"Regen Potion"}],"is_trial":false,"path_per_floor":["M","M","M","?","?","E","R","M","T","?","M","M","M","M","R","B",null,"M","M","?","M","M"],"character_chosen":"THE_SILENT","items_purchased":[],"campfire_rested":2,"item_purchase_floors":[],"current_hp_per_floor":[68,68,68,54,51,33,54,44,44,44,44,44,44,37,58,41,70,52,17,17,5,0],"gold":404,"neow_bonus":"THREE_CARDS","is_prod":false,"is_daily":false,"chose_seed":false,"campfire_upgraded":0,"win_rate":0.0,"timestamp":1568751827,"path_taken":["M","M","M","?","?","E","R","M","T","?","M","M","?","?","R","BOSS","M","M","?","?","M"],"build_version":"2019-07-17","purchased_purges":0,"victory":false,"max_hp_per_floor":[70,70,70,70,70,70,70,70,70,70,70,70,70,70,70,70,70,70,70,70,70,70],"card_choices":[{"not_picked":["Footwork","Deflect"],"picked":"Backflip","floor":0},{"not_picked":["Noxious Fumes","Bane"],"picked":"Backflip","floor":1},{"not_picked":["Deflect","Finisher"],"picked":"Sucker Punch","floor":2},{"not_picked":["Blur","Outmaneuver"],"picked":"Dash","floor":3},{"not_picked":["Heel Hook","Finisher"],"picked":"Corpse Explosion","floor":6},{"not_picked":["Deflect","PiercingWail"],"picked":"Sucker Punch","floor":8},{"not_picked":["Flying Knee","Choke"],"picked":"Poisoned Stab","floor":11},{"not_picked":["Underhanded Strike","Outmaneuver"],"picked":"Escape Plan","floor":12},{"not_picked":["Acrobatics","Slice"],"picked":"Infinite Blades","floor":13},{"not_picked":["Dagger Spray","Poisoned Stab"],"picked":"Backflip","floor":14},{"not_picked":["Die Die Die","Burst"],"picked":"Unload","floor":16},{"not_picked":["Deflect","Dagger Spray"],"picked":"Dodge and Roll","floor":18},{"not_picked":["Burst","Calculated Gamble"],"picked":"Dodge and Roll+1","floor":19},{"not_picked":["Prepared+1","Escape Plan"],"picked":"Endless Agony+1","floor":21}],"player_experience":49062,"relics_obtained":[{"floor":6,"key":"Calipers"},{"floor":9,"key":"Pocketwatch"},{"floor":17,"key":"Orichalcum"},{"floor":17,"key":"Sundial"},{"floor":17,"key":"StoneCalendar"}],"event_choices":[{"damage_healed":0,"gold_gain":0,"player_choice":"Entered Light","damage_taken":14,"max_hp_gain":0,"max_hp_loss":0,"event_name":"Shining Light","floor":4,"gold_loss":0,"cards_upgraded":["Backflip","Defend_G"]},{"damage_healed":0,"gold_gain":0,"player_choice":"Success","damage_taken":3,"relics_obtained":["Bird Faced Urn"],"max_hp_gain":0,"max_hp_loss":0,"event_name":"Scrap Ooze","floor":5,"gold_loss":0},{"damage_healed":0,"gold_gain":0,"cards_transformed":["Defend_G"],"player_choice":"Transformed","damage_taken":0,"max_hp_gain":0,"max_hp_loss":0,"event_name":"Transmorgrifier","floor":10,"gold_loss":0,"cards_obtained":["Doppelganger"]},{"damage_healed":0,"gold_gain":0,"player_choice":"Trade","damage_taken":0,"relics_obtained":["CultistMask"],"max_hp_gain":0,"max_hp_loss":0,"event_name":"FaceTrader","floor":20,"gold_loss":0}],"is_beta":false,"boss_relics":[{"not_picked":["White Beast Statue","Astrolabe"],"picked":"Calling Bell"}],"items_purged_floors":[],"is_endless":false,"potions_floor_spawned":[3,11,13,14,16,19,21],"killed_by":"Shelled Parasite and Fungi","ascension_level":0}