{"gold_per_floor":[111,76,1,1,1,1,35,70,150,482,497,532,558,583,595,706,718,743,755,796,818,739,767,801,832,832,857,883,911,937,956,956,1055,1055,1071,1071,1071,1082,571,601,630,662,685,685,720,754,799,832,832,832,832,832,71,103,103],"floor_reached":56,"playtime":1497,"items_purged":["Shrug It Off","Barricade"],"score":2324,"play_id":"0cca510f-2a01-4c81-be9b-92de06e30c38","local_time":"20190831130219","daily_mods":["SealedDeck","Red Cards","Colorless Cards","Flight","DeadlyEvents","Elite Swarm","Lethality","Night Terrors","Terminal"],"is_ascension_mode":false,"campfire_choices":[{"data":"Body Slam","floor":6.0,"key":"SMITH"},{"data":"Slice","floor":15.0,"key":"PURGE"},{"data":"Blur","floor":32.0,"key":"PURGE"},{"floor":49.0,"key":"RECALL"},{"data":"Warcry","floor":52.0,"key":"PURGE"}],"neow_cost":"","seed_source_timestamp":0,"circlet_count":0,"master_deck":["Dark Shackles","Body Slam+1","Backflip+1","Backflip","Madness","Adrenaline","Adrenaline","Apotheosis","Deep Breath+1","After Image"],"special_seed":0,"relics":["Ring of the Snake","Shuriken","Tingsha","Ancient Tea Set","Old Coin","Peace Pipe","Bottled Lightning","MawBank","Busted Crown","Bottled Flame","Du-Vu Doll","Letter Opener","Singing Bowl","The Courier","Red Mask","Gremlin Horn","Bag of Preparation","Runic Pyramid","Calipers","Dodecahedron","Lantern","Mercury Hourglass","Turnip","War Paint","Mummified Hand","Kunai","Mango","Potion Belt","Blue Candle","Cauldron","Blood Vial","Strawberry","Happy Flower","Boot"],"potions_floor_usage":[55,55,55,55,55],"damage_taken":[{"damage":0.0,"enemies":"Small Slimes","floor":1.0,"turns":2.0},{"damage":0.0,"enemies":"Lagavulin","floor":7.0,"turns":2.0},{"damage":0.0,"enemies":"Gremlin Nob","floor":8.0,"turns":1.0},{"damage":0.0,"enemies":"3 Sentries","floor":10.0,"turns":2.0},{"damage":0.0,"enemies":"Jaw Worm","floor":11.0,"turns":1.0},{"damage":0.0,"enemies":"Lagavulin","floor":12.0,"turns":1.0},{"damage":0.0,"enemies":"3 Sentries","floor":13.0,"turns":1.0},{"damage":0.0,"enemies":"Lagavulin","floor":14.0,"turns":1.0},{"damage":0.0,"enemies":"Slime Boss","floor":16.0,"turns":1.0},{"damage":0.0,"enemies":"2 Thieves","floor":18.0,"turns":1.0},{"damage":0.0,"enemies":"Slavers","floor":20.0,"turns":1.0},{"damage":0.0,"enemies":"Chosen","floor":21.0,"turns":1.0},{"damage":0.0,"enemies":"Gremlin Leader","floor":23.0,"turns":2.0},{"damage":0.0,"enemies":"Book of Stabbing","floor":24.0,"turns":1.0},{"damage":0.0,"enemies":"Slavers","floor":25.0,"turns":1.0},{"damage":0.0,"enemies":"Gremlin Leader","floor":27.0,"turns":1.0},{"damage":0.0,"enemies":"Masked Bandits","floor":28.0,"turns":2.0},{"damage":0.0,"enemies":"Book of Stabbing","floor":29.0,"turns":1.0},{"damage":0.0,"enemies":"Slavers","floor":30.0,"turns":1.0},{"damage":0.0,"enemies":"Centurion and Healer","floor":31.0,"turns":1.0},{"damage":0.0,"enemies":"Collector","floor":33.0,"turns":2.0},{"damage":0.0,"enemies":"Orb Walker","floor":35.0,"turns":1.0},{"damage":0.0,"enemies":"3 Shapes","floor":38.0,"turns":1.0},{"damage":0.0,"enemies":"Giant Head","floor":40.0,"turns":1.0},{"damage":0.0,"enemies":"Nemesis","floor":41.0,"turns":1.0},{"damage":0.0,"enemies":"Giant Head","floor":42.0,"turns":1.0},{"damage":0.0,"enemies":"Nemesis","floor":45.0,"turns":1.0},{"damage":0.0,"enemies":"Reptomancer","floor":46.0,"turns":1.0},{"damage":0.0,"enemies":"2 Orb Walkers","floor":47.0,"turns":1.0},{"damage":0.0,"enemies":"Nemesis","floor":48.0,"turns":1.0},{"damage":0.0,"enemies":"Time Eater","floor":50.0,"turns":2.0},{"damage":0,"enemies":"Shield and Spear","floor":54,"turns":1},{"damage":0,"enemies":"The Heart","floor":55,"turns":3}],"seed_played":"-2780052364706021370","potions_obtained":[{"floor":10.0,"key":"AttackPotion"},{"floor":11.0,"key":"SkillPotion"},{"floor":12.0,"key":"PowerPotion"},{"floor":21.0,"key":"Block Potion"},{"floor":25.0,"key":"Block Potion"},{"floor":48.0,"key":"PowerPotion"},{"floor":53.0,"key":"GhostInAJar"}],"is_trial":true,"path_per_floor":["M","?","$","?","T","R","E","E","T","E","M","E","E","E","R","B",null,"M","?","E","M","$","E","E","E","T","E","?","E","E","M","R","B",null,"M","?","?","M","$","E","E","E","T","$","E","E","?","E","R","B",null,"R","$","E","B",null],"character_chosen":"THE_SILENT","items_purchased":["Deep Breath","Calipers","Dodecahedron","Blue Candle","Cauldron","Blood Vial","Strawberry","Happy Flower","PowerPotion"],"campfire_rested":0,"item_purchase_floors":[22,39,39,53,53,53,53,53,53],"current_hp_per_floor":[1,1,1,5,4,3,2,1,1,1,1,1,1,1,1,1,1,4,3,6,9,8,11,10,13,12,13,18,23,28,33,32,37,36,41,40,37,38,37,38,39,40,39,38,39,40,55,56,55,54,53,52,58,59,58],"gold":103,"neow_bonus":"","is_prod":false,"is_daily":false,"chose_seed":false,"campfire_upgraded":1,"win_rate":0,"timestamp":1567227739,"path_taken":["M","?","$","?","?","R","E","E","T","E","?","E","E","E","R","BOSS","M","?","?","?","$","E","E","E","T","E","?","E","E","?","R","BOSS","M","?","?","?","$","E","E","E","T","?","?","E","?","E","R","BOSS","R","$","E","BOSS"],"build_version":"2019-07-17","purchased_purges":2,"victory":true,"max_hp_per_floor":[1,1,1,5,4,3,2,1,1,1,1,1,1,1,1,1,1,4,3,6,9,8,11,10,13,12,13,18,23,28,33,32,37,36,41,40,37,38,37,38,39,40,39,38,39,40,55,56,55,54,53,52,58,59,58],"card_choices":[{"not_picked":["Dark Shackles","Dodge and Roll","Perfected Strike"],"picked":"SKIP","floor":1.0},{"not_picked":["Storm of Steel","Wraith Form v2","Dark Embrace"],"picked":"SKIP","floor":7.0},{"not_picked":["Violence","Master of Strategy"],"picked":"Adrenaline","floor":8.0},{"not_picked":["Burst","Mayhem"],"picked":"Adrenaline","floor":10.0},{"not_picked":["Flame Barrier","Bouncing Flask","Dagger Throw"],"picked":"SKIP","floor":11.0},{"not_picked":["Fiend Fire","Night Terror","Unload"],"picked":"SKIP","floor":12.0},{"not_picked":["Panache","Thinking Ahead"],"picked":"Apotheosis","floor":13.0},{"not_picked":["A Thousand Cuts","Mayhem","Apotheosis"],"picked":"SKIP","floor":14.0},{"not_picked":["Corpse Explosion","Phantasmal Killer"],"picked":"Feed","floor":16.0},{"not_picked":["Clothesline"],"picked":"SKIP","floor":18.0},{"not_picked":["Corpse Explosion"],"picked":"SKIP","floor":20.0},{"not_picked":["Outmaneuver"],"picked":"SKIP","floor":21.0},{"not_picked":["Berserk"],"picked":"SKIP","floor":23.0},{"not_picked":[],"picked":"After Image","floor":24.0},{"not_picked":[],"picked":"Barricade","floor":25.0},{"not_picked":["Dark Embrace"],"picked":"Singing Bowl","floor":27.0},{"not_picked":["Hemokinesis"],"picked":"Singing Bowl","floor":28.0},{"not_picked":["Wraith Form v2"],"picked":"Singing Bowl","floor":29.0},{"not_picked":["Venomology"],"picked":"Singing Bowl","floor":30.0},{"not_picked":["Sever Soul"],"picked":"Singing Bowl","floor":31.0},{"not_picked":["Bullet Time"],"picked":"Singing Bowl","floor":33.0},{"not_picked":["Clothesline"],"picked":"Singing Bowl","floor":35.0},{"not_picked":["Cleave"],"picked":"Singing Bowl","floor":38.0},{"not_picked":["Grand Finale"],"picked":"Singing Bowl","floor":40.0},{"not_picked":["Exhume"],"picked":"Singing Bowl","floor":41.0},{"not_picked":["Tools of the Trade"],"picked":"Singing Bowl","floor":42.0},{"not_picked":["Envenom"],"picked":"Singing Bowl","floor":45.0},{"not_picked":["Secret Weapon"],"picked":"Singing Bowl","floor":46.0},{"not_picked":["True Grit+1"],"picked":"Singing Bowl","floor":47.0},{"not_picked":["Glass Knife"],"picked":"Singing Bowl","floor":48.0},{"not_picked":["Corpse Explosion"],"picked":"Singing Bowl","floor":54}],"player_experience":915467,"relics_obtained":[{"floor":5.0,"key":"Shuriken"},{"floor":7.0,"key":"Tingsha"},{"floor":8.0,"key":"Ancient Tea Set"},{"floor":10.0,"key":"Old Coin"},{"floor":12.0,"key":"Peace Pipe"},{"floor":13.0,"key":"Bottled Lightning"},{"floor":14.0,"key":"MawBank"},{"floor":20.0,"key":"Bottled Flame"},{"floor":23.0,"key":"Du-Vu Doll"},{"floor":25.0,"key":"Letter Opener"},{"floor":26.0,"key":"Singing Bowl"},{"floor":27.0,"key":"The Courier"},{"floor":28.0,"key":"Red Mask"},{"floor":29.0,"key":"Gremlin Horn"},{"floor":30.0,"key":"Bag of Preparation"},{"floor":40.0,"key":"Lantern"},{"floor":41.0,"key":"Mercury Hourglass"},{"floor":42.0,"key":"Turnip"},{"floor":43.0,"key":"War Paint"},{"floor":45.0,"key":"Mummified Hand"},{"floor":46.0,"key":"Kunai"},{"floor":47.0,"key":"Mango"},{"floor":48.0,"key":"Potion Belt"},{"floor":54,"key":"Boot"}],"event_choices":[{"damage_healed":0.0,"max_hp_gain":0.0,"max_hp_loss":0.0,"gold_gain":0.0,"event_name":"World of Goop","player_choice":"Left Gold","floor":2.0,"gold_loss":35.0,"damage_taken":0.0},{"damage_healed":0.0,"max_hp_gain":5.0,"max_hp_loss":0.0,"gold_gain":0.0,"event_name":"Big Fish","player_choice":"Donut","floor":4.0,"gold_loss":0.0,"damage_taken":0.0},{"cards_removed":["Shrug It Off"],"damage_healed":5.0,"max_hp_gain":0.0,"max_hp_loss":0.0,"gold_gain":0.0,"event_name":"Bonfire Elementals","player_choice":"Offered Common","floor":19.0,"gold_loss":0.0,"damage_taken":0.0},{"cards_removed":["Shrug It Off"],"damage_healed":5.0,"max_hp_gain":0.0,"max_hp_loss":0.0,"gold_gain":0.0,"event_name":"Bonfire Elementals","player_choice":"Offered Special","floor":19.0,"gold_loss":0.0,"damage_taken":0.0},{"damage_healed":0.0,"max_hp_gain":0.0,"max_hp_loss":0.0,"gold_gain":0.0,"event_name":"Masked Bandits","player_choice":"Fought Bandits","floor":28.0,"gold_loss":0.0,"damage_taken":0.0},{"cards_removed":["Feed"],"damage_healed":0.0,"max_hp_gain":0.0,"max_hp_loss":0.0,"gold_gain":0.0,"event_name":"Falling","player_choice":"Removed Attack","floor":36.0,"gold_loss":0.0,"damage_taken":0.0},{"damage_healed":0.0,"max_hp_gain":0.0,"max_hp_loss":2.0,"gold_gain":0.0,"event_name":"Winding Halls","player_choice":"Max HP","floor":37.0,"gold_loss":0.0,"damage_taken":0.0},{"damage_healed":0.0,"max_hp_gain":0.0,"max_hp_loss":0.0,"gold_gain":0.0,"event_name":"Mysterious Sphere","player_choice":"Fight","floor":47.0,"gold_loss":0.0,"damage_taken":0.0}],"is_beta":false,"boss_relics":[{"not_picked":["Lizard Tail","Velvet Choker"],"picked":"Busted Crown"},{"not_picked":["Orrery","Runic Dome"],"picked":"Runic Pyramid"}],"items_purged_floors":[3,39],"is_endless":false,"potions_floor_spawned":[10,11,12,16,20,21,25,27,28,30,33,38,40,45,47,48,54],"ascension_level":0}