{"gold_per_floor":[119,129,141,66,86,86,105,116,116,149,161,193,205,232,244,351,363,393,418,449,167,181,181,181,181,181,181,271,146,146,164,164,269,269,281,295,315,96,114,114,114,114,114,131,131,131,149,159,159,159],"floor_reached":51,"playtime":4192,"items_purged":["Strike_G","Strike_G","Strike_G","Strike_G"],"score":605,"play_id":"ff4cca16-0fde-476e-ab97-37c96883f652","local_time":"20180925170402","is_ascension_mode":false,"campfire_choices":[{"data":"Sucker Punch","floor":6,"key":"SMITH"},{"floor":11,"key":"REST"},{"floor":13,"key":"REST"},{"data":"Footwork","floor":15,"key":"SMITH"},{"floor":23,"key":"REST"},{"floor":27,"key":"REST"},{"floor":30,"key":"REST"},{"data":"Apotheosis","floor":32,"key":"SMITH"},{"floor":40,"key":"REST"},{"floor":46,"key":"REST"},{"floor":49,"key":"REST"}],"neow_cost":"NONE","seed_source_timestamp":804774467203367,"circlet_count":0,"master_deck":["Defend_G","Defend_G","Defend_G","Strike_G","Survivor","Neutralize","Sucker Punch+1","Terror","Dagger Throw","Backflip","Sucker Punch","Caltrops","A Thousand Cuts","Acrobatics","Footwork+1","Adrenaline","Bouncing Flask","Backstab+1","Underhanded Strike","Apotheosis+1","Tactician+1","PiercingWail+1","After Image","Leg Sweep","Dodge and Roll","Noxious Fumes","Backflip","Regret","Normality","Footwork+1","Heel Hook","After Image","Predator+1","Prepared"],"relics":["Ring of the Snake","Unceasing Top","MawBank","Sozu","Nilry\u0027s Codex","Matryoshka","Cursed Key","Ninja Scroll","Prayer Wheel","Centennial Puzzle","Dodecahedron"],"potions_floor_usage":[16,20],"damage_taken":[{"damage":2,"enemies":"Jaw Worm","floor":1,"turns":4},{"damage":0,"enemies":"2 Louse","floor":2,"turns":3},{"damage":10,"enemies":"Small Slimes","floor":3,"turns":3},{"damage":4,"enemies":"Exordium Wildlife","floor":5,"turns":5},{"damage":1,"enemies":"Red Slaver","floor":7,"turns":4},{"damage":1,"enemies":"3 Louse","floor":8,"turns":4},{"damage":22,"enemies":"Gremlin Nob","floor":10,"turns":4},{"damage":18,"enemies":"Gremlin Gang","floor":12,"turns":5},{"damage":5,"enemies":"Blue Slaver","floor":14,"turns":3},{"damage":16,"enemies":"Hexaghost","floor":16,"turns":11},{"damage":10,"enemies":"Spheric Guardian","floor":18,"turns":5},{"damage":13,"enemies":"Shell Parasite","floor":19,"turns":6},{"damage":20,"enemies":"3 Cultists","floor":20,"turns":4},{"damage":26,"enemies":"Snake Plant","floor":22,"turns":3},{"damage":2,"enemies":"Cultist and Chosen","floor":31,"turns":5},{"damage":15,"enemies":"Automaton","floor":33,"turns":10},{"damage":17,"enemies":"3 Darklings","floor":35,"turns":5},{"damage":0,"enemies":"Orb Walker","floor":36,"turns":3},{"damage":0,"enemies":"Reptomancer","floor":37,"turns":5},{"damage":14,"enemies":"Maw","floor":39,"turns":7},{"damage":10,"enemies":"Sphere and 2 Shapes","floor":44,"turns":4},{"damage":22,"enemies":"4 Shapes","floor":47,"turns":7},{"damage":6,"enemies":"Transient","floor":48,"turns":5},{"damage":29,"enemies":"Time Eater","floor":50,"turns":12}],"seed_played":"150349906026792229","potions_obtained":[{"floor":2,"key":"Explosive Potion"},{"floor":7,"key":"Poison Potion"},{"floor":14,"key":"FairyPotion"}],"is_trial":false,"path_per_floor":["M","M","M","$","M","R","M","M","T","E","R","M","R","M","R","B",null,"M","M","M","$","M","R","?","?","T","R","?","$","R","M","R","B",null,"M","M","M","$","M","R","?","T","T","M","?","R","M","M","R","B"],"character_chosen":"THE_SILENT","items_purchased":["Apotheosis","Noxious Fumes"],"campfire_rested":8,"item_purchase_floors":[21,38],"current_hp_per_floor":[68,68,58,58,54,54,53,52,52,30,51,33,54,49,49,33,70,60,47,27,27,1,22,6,29,29,50,36,36,57,55,55,40,70,53,53,53,53,39,60,60,60,60,50,50,70,48,42,63,34],"gold":159,"neow_bonus":"REMOVE_CARD","is_prod":false,"is_daily":false,"chose_seed":false,"campfire_upgraded":3,"win_rate":0.0,"timestamp":1537909442,"path_taken":["M","M","M","$","M","R","M","M","T","E","R","M","R","M","R","BOSS","M","M","M","$","M","R","?","?","T","R","?","?","R","M","R","BOSS","M","?","?","$","M","R","?","?","T","?","?","R","M","M","R","BOSS"],"build_version":"2018-09-20","purchased_purges":4,"victory":true,"max_hp_per_floor":[70,70,70,70,70,70,70,70,70,70,70,70,70,70,70,70,70,70,70,70,70,70,70,70,70,70,70,70,70,70,70,70,70,70,70,70,70,70,70,70,70,70,70,70,70,70,70,70,70,70],"card_choices":[{"not_picked":["Flying Knee","Slice"],"picked":"Sucker Punch","floor":1},{"not_picked":["Reflex","Masterful Stab"],"picked":"Terror","floor":2},{"not_picked":["Flying Knee","Slice"],"picked":"Dagger Throw","floor":3},{"not_picked":["Dagger Throw","PiercingWail"],"picked":"Backflip","floor":5},{"not_picked":["Underhanded Strike","Flying Knee"],"picked":"Sucker Punch","floor":7},{"not_picked":["Slice","Distraction"],"picked":"Caltrops","floor":8},{"not_picked":["Quick Slash","Poisoned Stab"],"picked":"A Thousand Cuts","floor":10},{"not_picked":["Slice","Dagger Throw"],"picked":"Acrobatics","floor":12},{"not_picked":["Skewer","Predator"],"picked":"Footwork","floor":14},{"not_picked":["Envenom","A Thousand Cuts"],"picked":"Adrenaline","floor":16},{"not_picked":["Sucker Punch","Deflect+1"],"picked":"Bouncing Flask","floor":18},{"not_picked":["Terror","Dodge and Roll"],"picked":"Backstab+1","floor":19},{"not_picked":["Poisoned Stab","Deadly Poison"],"picked":"Underhanded Strike","floor":20},{"not_picked":["Underhanded Strike","Acrobatics+1"],"picked":"Tactician+1","floor":22},{"not_picked":["Deflect","Sucker Punch"],"picked":"PiercingWail+1","floor":31},{"not_picked":["Tools of the Trade","Envenom"],"picked":"After Image","floor":33},{"not_picked":["Deflect+1","Well Laid Plans+1"],"picked":"Leg Sweep","floor":35},{"not_picked":["Blade Dance","Terror+1"],"picked":"Dodge and Roll","floor":36},{"not_picked":["Bouncing Flask","Flying Knee+1","Masterful Stab"],"picked":"SKIP","floor":37},{"not_picked":["Calculated Gamble","Prepared"],"picked":"Backflip","floor":39},{"not_picked":["Deadly Poison+1","Predator"],"picked":"Footwork+1","floor":44},{"not_picked":["Eviscerate+1","Flying Knee"],"picked":"Heel Hook","floor":44},{"not_picked":["Terror","Backflip+1"],"picked":"Predator+1","floor":47},{"not_picked":["Deadly Poison+1","Quick Slash","All Out Attack+1"],"picked":"SKIP","floor":47},{"not_picked":["Deadly Poison","Poisoned Stab+1"],"picked":"Prepared","floor":48},{"not_picked":["Dagger Throw","Sucker Punch+1","Bullet Time"],"picked":"SKIP","floor":48}],"player_experience":39162,"relics_obtained":[{"floor":9,"key":"Unceasing Top"},{"floor":10,"key":"MawBank"},{"floor":24,"key":"Nilry\u0027s Codex"},{"floor":26,"key":"Matryoshka"},{"floor":42,"key":"Ninja Scroll"},{"floor":42,"key":"Prayer Wheel"},{"floor":43,"key":"Centennial Puzzle"},{"floor":43,"key":"Dodecahedron"}],"event_choices":[{"event_name":"Cursed Tome","player_choice":"Obtained Book","floor":24,"damage_taken":0},{"event_name":"The Library","player_choice":"Heal","floor":25,"damage_taken":0},{"event_name":"Knowing Skull","player_choice":"GOLD ","floor":28,"damage_taken":0},{"event_name":"Falling","player_choice":"Removed Skill","floor":41,"damage_taken":0},{"event_name":"Duplicator","player_choice":"One dupe","floor":45,"damage_taken":0}],"is_beta":false,"boss_relics":[{"not_picked":["Black Star","Ring of the Serpent"],"picked":"Sozu"},{"not_picked":["Eternal Feather","Orrery"],"picked":"Cursed Key"}],"items_purged_floors":[4,21,29,38],"is_endless":false,"potions_floor_spawned":[2,7,14,18,20,37,47],"ascension_level":0}