{"gold_per_floor":[415,428,177,195,95,123,133,153,178,178,193,217,241,271,271,271],"floor_reached":16,"playtime":785,"items_purged":["Strike_R","Defend_R"],"score":106,"play_id":"2f443348-a565-4f0f-9685-4c93d5d2cee5","local_time":"20190908130908","is_ascension_mode":false,"campfire_choices":[{"data":"Mayhem","floor":15,"key":"SMITH"}],"neow_cost":"PERCENT_DAMAGE","seed_source_timestamp":355191459138601,"circlet_count":0,"master_deck":["Strike_R","Strike_R","Strike_R","Strike_R","Defend_R","Defend_R","Defend_R","Bash","True Grit","Iron Wave","Mayhem+1","Flex","Burning Pact","Disarm","Rage","Injury","Pommel Strike","Feel No Pain"],"relics":["Burning Blood","Old Coin","Darkstone Periapt","Golden Idol","Blood Vial"],"potions_floor_usage":[16,16,16],"damage_taken":[{"damage":1,"enemies":"Cultist","floor":1,"turns":3},{"damage":0,"enemies":"Jaw Worm","floor":2,"turns":3},{"damage":0,"enemies":"Small Slimes","floor":4,"turns":5},{"damage":47,"enemies":"3 Sentries","floor":6,"turns":14},{"damage":2,"enemies":"Blue Slaver","floor":7,"turns":5},{"damage":5,"enemies":"Looter","floor":8,"turns":3},{"damage":31,"enemies":"Exordium Thugs","floor":11,"turns":6},{"damage":0,"enemies":"Large Slime","floor":12,"turns":5},{"damage":2,"enemies":"2 Fungi Beasts","floor":13,"turns":4},{"damage":45,"enemies":"Slime Boss","floor":16,"turns":12}],"seed_played":"-4714842566610945350","potions_obtained":[{"floor":1,"key":"Block Potion"},{"floor":2,"key":"LiquidBronze"},{"floor":8,"key":"Explosive Potion"},{"floor":11,"key":"Regen Potion"}],"is_trial":false,"path_per_floor":["M","M","$","M","$","E","M","M","T","?","M","M","M","?","R","B"],"character_chosen":"IRONCLAD","items_purchased":["Mayhem"],"campfire_rested":0,"item_purchase_floors":[3],"current_hp_per_floor":[61,67,67,73,73,32,36,37,37,43,18,24,28,28,28,0],"gold":271,"neow_bonus":"ONE_RARE_RELIC","is_prod":false,"is_daily":false,"chose_seed":false,"campfire_upgraded":1,"win_rate":0,"timestamp":1567944548,"path_taken":["M","?","$","M","$","E","M","M","T","?","M","M","M","?","R","BOSS"],"build_version":"2019-07-17","purchased_purges":2,"victory":false,"max_hp_per_floor":[80,80,80,80,80,80,80,80,80,86,86,86,86,86,86,86],"card_choices":[{"not_picked":["Reckless Charge","Clash"],"picked":"True Grit","floor":1},{"not_picked":["Heavy Blade","Juggernaut"],"picked":"Iron Wave","floor":2},{"not_picked":["Perfected Strike","Iron Wave"],"picked":"Flex","floor":4},{"not_picked":["Twin Strike","Clothesline"],"picked":"Burning Pact","floor":6},{"not_picked":["Armaments","Iron Wave"],"picked":"Disarm","floor":7},{"not_picked":["Blood for Blood","Cleave"],"picked":"Rage","floor":8},{"not_picked":["Bloodletting","True Grit"],"picked":"Pommel Strike","floor":11},{"not_picked":["Perfected Strike","Warcry"],"picked":"Feel No Pain","floor":12},{"not_picked":["Sword Boomerang","Twin Strike","Body Slam"],"picked":"SKIP","floor":13}],"player_experience":77011,"relics_obtained":[{"floor":6,"key":"Darkstone Periapt"}],"event_choices":[{"damage_healed":0,"gold_gain":0,"player_choice":"Take Wound","damage_taken":0,"relics_obtained":["Golden Idol"],"max_hp_gain":0,"max_hp_loss":0,"event_name":"Golden Idol","floor":10,"gold_loss":0,"cards_obtained":["Injury"]},{"damage_healed":0,"gold_gain":30,"player_choice":"Searched \u00272\u0027 times","damage_taken":0,"relics_obtained":["Blood Vial"],"max_hp_gain":0,"max_hp_loss":0,"event_name":"Dead Adventurer","floor":14,"gold_loss":0}],"is_beta":false,"boss_relics":[],"items_purged_floors":[3,5],"is_endless":false,"potions_floor_spawned":[1,2,8,11,13],"killed_by":"Slime Boss","ascension_level":0}