{"gold_per_floor":[109,109,34,50,50,109,109,138,165,184,184,215,228,240,240,316,316,328,328,346,162,176,207,207,219,219,94,106,120,120,139,139,210,210,222,72,72,127,144,173,202,228,228,328,48,80,108,108,108,108,108,108,108,108,142,142],"floor_reached":57,"playtime":2393,"items_purged":["Strike_G","Strike_G","Strike_G","Strike_G+1","Strike_G+1"],"score":3601,"play_id":"8dbdd4e6-2f98-4b39-b68e-e126b6ff2d49","local_time":"20190914095511","is_ascension_mode":true,"campfire_choices":[{"data":"Deadly Poison","floor":7.0,"key":"SMITH"},{"data":"Flechettes","floor":15.0,"key":"SMITH"},{"data":"Well Laid Plans","floor":24.0,"key":"SMITH"},{"data":"Neutralize","floor":30.0,"key":"SMITH"},{"floor":32.0,"key":"RECALL"},{"data":"Grand Finale","floor":49.0,"key":"SMITH"},{"data":"Survivor","floor":53.0,"key":"SMITH"}],"neow_cost":"NONE","seed_source_timestamp":0,"circlet_count":0,"master_deck":["AscendersBane","Defend_G","Defend_G","Defend_G","Defend_G","Defend_G","Survivor+1","Neutralize+1","Flechettes+1","Deadly Poison+1","Prepared+1","Acrobatics+1","Malaise+1","Concentrate+1","Acrobatics+1","Tactician+1","Well Laid Plans+1","Calculated Gamble+1","Reflex+1","Grand Finale+1","Backflip+1","Purity+1"],"special_seed":0,"relics":["Ring of the Snake","NeowsBlessing","Tiny Chest","Toxic Egg 2","Centennial Puzzle","Mango","Bag of Preparation","Coffee Dripper","Whetstone","Question Card","Busted Crown","WingedGreaves","Potion Belt","Vajra","Kunai","Tough Bandages","Tingsha","Pear","Bottled Lightning","Dodecahedron"],"potions_floor_usage":[56,56,56,56],"damage_taken":[{"damage":0.0,"enemies":"2 Louse","floor":1.0,"turns":1.0},{"damage":0.0,"enemies":"Cultist","floor":4.0,"turns":1.0},{"damage":0.0,"enemies":"3 Sentries","floor":6.0,"turns":1.0},{"damage":26.0,"enemies":"Lagavulin","floor":8.0,"turns":7.0},{"damage":2.0,"enemies":"Jaw Worm","floor":10.0,"turns":4.0},{"damage":12.0,"enemies":"Gremlin Nob","floor":12.0,"turns":4.0},{"damage":1.0,"enemies":"Looter","floor":13.0,"turns":2.0},{"damage":0.0,"enemies":"Red Slaver","floor":14.0,"turns":3.0},{"damage":11.0,"enemies":"The Guardian","floor":16.0,"turns":9.0},{"damage":2.0,"enemies":"2 Thieves","floor":18.0,"turns":4.0},{"damage":4.0,"enemies":"3 Byrds","floor":20.0,"turns":5.0},{"damage":0.0,"enemies":"Cultist and Chosen","floor":22.0,"turns":5.0},{"damage":2.0,"enemies":"Book of Stabbing","floor":23.0,"turns":6.0},{"damage":0.0,"enemies":"3 Cultists","floor":25.0,"turns":5.0},{"damage":0.0,"enemies":"Snecko","floor":28.0,"turns":3.0},{"damage":0.0,"enemies":"Centurion and Healer","floor":29.0,"turns":3.0},{"damage":0.0,"enemies":"3 Cultists","floor":31.0,"turns":2.0},{"damage":0.0,"enemies":"Champ","floor":33.0,"turns":4.0},{"damage":0.0,"enemies":"3 Darklings","floor":35.0,"turns":1.0},{"damage":0.0,"enemies":"2 Orb Walkers","floor":38.0,"turns":2.0},{"damage":0.0,"enemies":"3 Shapes","floor":39.0,"turns":3.0},{"damage":0.0,"enemies":"Reptomancer","floor":40.0,"turns":2.0},{"damage":9.0,"enemies":"Nemesis","floor":41.0,"turns":5.0},{"damage":0.0,"enemies":"Reptomancer","floor":42.0,"turns":1.0},{"damage":0.0,"enemies":"Mind Bloom Boss Battle","floor":44.0,"turns":3.0},{"damage":0.0,"enemies":"Nemesis","floor":46.0,"turns":1.0},{"damage":0.0,"enemies":"Reptomancer","floor":47.0,"turns":2.0},{"damage":0.0,"enemies":"Time Eater","floor":50.0,"turns":3.0},{"damage":0.0,"enemies":"Donu and Deca","floor":51.0,"turns":1.0},{"damage":0.0,"enemies":"Shield and Spear","floor":55.0,"turns":1.0},{"damage":0,"enemies":"The Heart","floor":56,"turns":4}],"seed_played":"5251490984903563352","potions_obtained":[{"floor":4.0,"key":"Poison Potion"},{"floor":8.0,"key":"GhostInAJar"},{"floor":12.0,"key":"Ancient Potion"},{"floor":14.0,"key":"Fire Potion"},{"floor":23.0,"key":"Poison Potion"},{"floor":25.0,"key":"SkillPotion"},{"floor":33.0,"key":"DuplicationPotion"},{"floor":40.0,"key":"Dexterity Potion"},{"floor":41.0,"key":"GamblersBrew"},{"floor":44.0,"key":"Ancient Potion"},{"floor":47.0,"key":"GhostInAJar"}],"is_trial":false,"path_per_floor":["M","?","$","M","$","E","R","E","T","M","?","E","M","M","R","B",null,"M","?","M","$","M","E","R","M","T","$","M","M","R","M","R","B",null,"M","$","?","?","M","E","E","E","T","?","$","E","E","T","R","B","B",null,"R","$","E","B",null],"character_chosen":"THE_SILENT","items_purchased":["Well Laid Plans","Purity+1"],"campfire_rested":0,"item_purchase_floors":[21,45],"current_hp_per_floor":[59,66,66,66,66,66,66,40,40,38,26,14,13,13,13,2,61,59,59,55,55,55,53,53,53,53,53,53,53,53,53,53,53,73,73,73,73,73,73,73,64,64,64,64,64,64,74,74,74,74,74,86,86,86,86,86],"gold":142,"neow_bonus":"THREE_ENEMY_KILL","is_prod":false,"is_daily":false,"chose_seed":false,"campfire_upgraded":6,"win_rate":0,"timestamp":1568426111,"path_taken":["M","?","$","?","?","E","R","E","T","M","?","E","M","M","R","BOSS","M","?","M","$","?","E","R","M","T","$","M","M","R","M","R","BOSS","M","$","?","?","M","E","E","E","T","?","$","E","E","?","R","BOSS","BOSS","R","$","E","BOSS"],"build_version":"2019-09-12","purchased_purges":5,"victory":true,"max_hp_per_floor":[66,66,66,66,66,66,66,66,66,66,80,80,80,80,80,80,80,80,80,80,80,80,80,80,80,80,80,80,80,80,80,80,80,80,80,80,80,80,80,80,80,80,80,80,80,80,90,90,90,90,90,90,90,90,90,90],"card_choices":[{"not_picked":["Poisoned Stab","Endless Agony"],"picked":"Flechettes","floor":1.0},{"not_picked":["Sucker Punch","Poisoned Stab"],"picked":"Deadly Poison","floor":4.0},{"not_picked":["Dagger Spray","Concentrate","Finisher"],"picked":"SKIP","floor":6.0},{"not_picked":["Flying Knee","Underhanded Strike"],"picked":"Prepared","floor":8.0},{"not_picked":["Poisoned Stab","PiercingWail+1","Infinite Blades"],"picked":"SKIP","floor":10.0},{"not_picked":["Distraction+1","Poisoned Stab","Crippling Poison+1"],"picked":"SKIP","floor":12.0},{"not_picked":["Underhanded Strike","Prepared+1"],"picked":"Acrobatics+1","floor":13.0},{"not_picked":["Poisoned Stab","Dodge and Roll+1","Bane"],"picked":"SKIP","floor":14.0},{"not_picked":["Glass Knife","Phantasmal Killer+1"],"picked":"Malaise+1","floor":16.0},{"not_picked":["Deflect+1","Deadly Poison+1"],"picked":"Concentrate+1","floor":18.0},{"not_picked":["Backflip+1","Deadly Poison+1"],"picked":"Tactician+1","floor":20.0},{"not_picked":["Concentrate+1","PiercingWail+1","Distraction+1"],"picked":"SKIP","floor":22.0},{"not_picked":["Night Terror+1","Underhanded Strike","Catalyst+1"],"picked":"SKIP","floor":23.0},{"not_picked":["Cloak And Dagger+1","Footwork","Deflect+1"],"picked":"SKIP","floor":25.0},{"not_picked":["Cloak And Dagger+1","Footwork","Deflect+1"],"picked":"SKIP","floor":25.0},{"not_picked":["Cloak And Dagger+1","Footwork","Deflect+1"],"picked":"SKIP","floor":25.0},{"not_picked":["Escape Plan+1","Dodge and Roll+1","Caltrops"],"picked":"Calculated Gamble+1","floor":28.0},{"not_picked":["Quick Slash","Finisher","Prepared+1"],"picked":"Reflex+1","floor":29.0},{"not_picked":["Heel Hook","Slice","Quick Slash+1","Flying Knee"],"picked":"SKIP","floor":31.0},{"not_picked":["Bullet Time+1","Burst+1","Glass Knife"],"picked":"Grand Finale","floor":33.0},{"not_picked":["Deadly Poison+1","Choke"],"picked":"SKIP","floor":35.0},{"not_picked":["Flechettes"],"picked":"Backflip+1","floor":38.0},{"not_picked":["Bane","Deadly Poison+1"],"picked":"SKIP","floor":39.0},{"not_picked":["Cloak And Dagger+1","Crippling Poison+1"],"picked":"SKIP","floor":40.0},{"not_picked":["Dodge and Roll+1","Flying Knee"],"picked":"SKIP","floor":41.0},{"not_picked":["Crippling Poison+1","Flying Knee"],"picked":"SKIP","floor":42.0},{"not_picked":["Eviscerate+1","Dagger Throw"],"picked":"SKIP","floor":46.0},{"not_picked":["All Out Attack+1","Poisoned Stab+1"],"picked":"SKIP","floor":47.0},{"not_picked":["Prepared+1","Dagger Spray"],"picked":"SKIP","floor":55.0}],"player_experience":960285,"relics_obtained":[{"floor":6.0,"key":"Tiny Chest"},{"floor":8.0,"key":"Toxic Egg 2"},{"floor":9.0,"key":"Centennial Puzzle"},{"floor":12.0,"key":"Bag of Preparation"},{"floor":23.0,"key":"Whetstone"},{"floor":26.0,"key":"Question Card"},{"floor":38.0,"key":"WingedGreaves"},{"floor":40.0,"key":"Potion Belt"},{"floor":41.0,"key":"Vajra"},{"floor":42.0,"key":"Kunai"},{"floor":44.0,"key":"Tough Bandages"},{"floor":46.0,"key":"Tingsha"},{"floor":47.0,"key":"Pear"},{"floor":48.0,"key":"Bottled Lightning"},{"floor":55.0,"key":"Dodecahedron"}],"event_choices":[{"damage_healed":7.0,"max_hp_gain":0.0,"max_hp_loss":0.0,"gold_gain":0.0,"event_name":"Wheel of Change","player_choice":"Full Heal","floor":2.0,"gold_loss":0.0,"damage_taken":0.0},{"damage_healed":0.0,"max_hp_gain":0.0,"max_hp_loss":0.0,"gold_gain":0.0,"event_name":"Scrap Ooze","player_choice":"Success","floor":11.0,"gold_loss":0.0,"damage_taken":26.0,"relics_obtained":["Mango"]},{"damage_healed":0.0,"max_hp_gain":0.0,"max_hp_loss":0.0,"gold_gain":0.0,"event_name":"Duplicator","player_choice":"Copied","floor":19.0,"gold_loss":0.0,"damage_taken":0.0,"cards_obtained":["Acrobatics"]},{"damage_healed":0.0,"max_hp_gain":0.0,"max_hp_loss":0.0,"gold_gain":0.0,"event_name":"Tomb of Lord Red Mask","player_choice":"Ignored","floor":37.0,"gold_loss":0.0,"damage_taken":0.0},{"damage_healed":0.0,"max_hp_gain":0.0,"max_hp_loss":0.0,"gold_gain":0.0,"event_name":"Mysterious Sphere","player_choice":"Fight","floor":38.0,"gold_loss":0.0,"damage_taken":0.0},{"damage_healed":0.0,"max_hp_gain":0.0,"max_hp_loss":0.0,"gold_gain":0.0,"event_name":"MindBloom","player_choice":"Fight","floor":44.0,"gold_loss":0.0,"damage_taken":0.0}],"is_beta":true,"boss_relics":[{"not_picked":["Tiny House","Cursed Key"],"picked":"Coffee Dripper"},{"not_picked":["Fusion Hammer","Velvet Choker"],"picked":"Busted Crown"}],"items_purged_floors":[3,21,27,36,45],"is_endless":false,"potions_floor_spawned":[4,8,12,14,23,25,33,40,41,44,47],"ascension_level":20}