{"gold_per_floor":[117,117,131,53,18,18,18,37,88,88,129,129,143,27,27,150,150,171,71,71,2,2,36,36,59,86,86,101,137,57,57,57,57],"floor_reached":33,"playtime":1984,"items_purged":["Strike_G","Strike_G"],"score":377,"play_id":"67a16f85-fc0d-4bd6-a394-2163f1051249","local_time":"20190830224402","is_ascension_mode":true,"campfire_choices":[{"data":"Neutralize","floor":6.0,"key":"SMITH"},{"data":"Dodge and Roll","floor":10.0,"key":"SMITH"},{"data":"Backstab","floor":12.0,"key":"SMITH"},{"data":"Leg Sweep","floor":15.0,"key":"SMITH"},{"floor":24.0,"key":"REST"},{"floor":27.0,"key":"REST"},{"floor":32.0,"key":"REST"}],"neow_cost":"PERCENT_DAMAGE","seed_source_timestamp":0,"circlet_count":0,"master_deck":["Strike_G+1","Strike_G+1","Defend_G+1","Defend_G+1","Defend_G+1","Defend_G+1","Survivor","Neutralize+1","Blade Dance","Poisoned Stab","Leg Sweep+1","Injury","Dodge and Roll+1","Backstab+1","Backflip","Infinite Blades","Dash","Crippling Poison+1","Blade Dance","Crippling Poison+1","Accuracy","Necronomicurse"],"special_seed":0,"relics":["Ring of the Snake","Du-Vu Doll","Golden Idol","Bronze Scales","Bottled Flame","WristBlade","Vajra","Juzu Bracelet","Potion Belt","Necronomicon"],"potions_floor_usage":[33],"damage_taken":[{"damage":1.0,"enemies":"Small Slimes","floor":1.0,"turns":7.0},{"damage":0.0,"enemies":"Jaw Worm","floor":3.0,"turns":4.0},{"damage":0.0,"enemies":"2 Louse","floor":8.0,"turns":3.0},{"damage":10.0,"enemies":"3 Sentries","floor":11.0,"turns":11.0},{"damage":0.0,"enemies":"Exordium Wildlife","floor":13.0,"turns":3.0},{"damage":19.0,"enemies":"Hexaghost","floor":16.0,"turns":12.0},{"damage":14.0,"enemies":"2 Thieves","floor":18.0,"turns":5.0},{"damage":32.0,"enemies":"Gremlin Leader","floor":23.0,"turns":6.0},{"damage":1.0,"enemies":"3 Byrds","floor":25.0,"turns":3.0},{"damage":8.0,"enemies":"3 Cultists","floor":28.0,"turns":4.0},{"damage":9.0,"enemies":"Book of Stabbing","floor":29.0,"turns":6.0},{"damage":49,"enemies":"Automaton","floor":33,"turns":10}],"seed_played":"-7504388027499304117","potions_obtained":[{"floor":3.0,"key":"GamblersBrew"},{"floor":8.0,"key":"EssenceOfSteel"},{"floor":13.0,"key":"PowerPotion"},{"floor":18.0,"key":"FearPotion"},{"floor":25.0,"key":"EssenceOfSteel"},{"floor":29.0,"key":"Swift Potion"}],"is_trial":false,"path_per_floor":["M","?","M","$","?","R","?","M","T","R","E","R","M","$","R","B",null,"M","$","?","$","?","E","R","M","T","R","M","E","$","?","R","B"],"character_chosen":"THE_SILENT","items_purchased":["Leg Sweep","Infinite Blades","Dash","Accuracy"],"campfire_rested":3,"item_purchase_floors":[4,14,21,30],"current_hp_per_floor":[44,37,37,37,54,54,54,54,54,54,44,44,44,44,44,25,59,45,45,45,45,45,13,34,33,33,54,46,37,37,21,42,0],"gold":57,"neow_bonus":"ONE_RARE_RELIC","is_prod":false,"is_daily":false,"chose_seed":false,"campfire_upgraded":4,"win_rate":0,"timestamp":1567230242,"path_taken":["M","?","M","$","?","R","?","M","T","R","E","R","?","?","R","BOSS","M","$","?","$","?","E","R","M","T","R","M","E","$","?","R","BOSS"],"build_version":"2019-07-17","purchased_purges":2,"victory":false,"max_hp_per_floor":[70,70,70,70,70,70,70,70,70,70,70,70,70,70,70,70,70,70,70,70,70,70,70,70,70,70,70,70,70,70,70,70,70],"card_choices":[{"not_picked":["Quick Slash","Calculated Gamble"],"picked":"Blade Dance","floor":1.0},{"not_picked":["Deflect","Predator"],"picked":"Poisoned Stab","floor":3.0},{"not_picked":["Bane","Skewer"],"picked":"Dodge and Roll","floor":8.0},{"not_picked":["Caltrops","Predator"],"picked":"Backstab","floor":11.0},{"not_picked":["Acrobatics","Deflect"],"picked":"Backflip","floor":13.0},{"not_picked":["Tactician","Backflip","Expertise"],"picked":"SKIP","floor":18.0},{"not_picked":["Bouncing Flask","Escape Plan"],"picked":"Crippling Poison+1","floor":23.0},{"not_picked":["Poisoned Stab","Skewer"],"picked":"Blade Dance","floor":25.0},{"not_picked":["Bouncing Flask","Dodge and Roll","Backflip"],"picked":"SKIP","floor":28.0},{"not_picked":["Poisoned Stab","Dagger Throw+1"],"picked":"Crippling Poison+1","floor":29.0}],"player_experience":266808,"relics_obtained":[{"floor":9.0,"key":"Bronze Scales"},{"floor":11.0,"key":"Bottled Flame"},{"floor":23.0,"key":"Vajra"},{"floor":26.0,"key":"Juzu Bracelet"},{"floor":29.0,"key":"Potion Belt"},{"floor":31.0,"key":"Necronomicon"}],"event_choices":[{"cards_removed":["Strike_G"],"damage_healed":0.0,"max_hp_gain":0.0,"max_hp_loss":0.0,"gold_gain":0.0,"event_name":"Golden Wing","player_choice":"Card Removal","floor":2.0,"gold_loss":0.0,"damage_taken":7.0},{"damage_healed":17.0,"max_hp_gain":0.0,"max_hp_loss":0.0,"gold_gain":0.0,"event_name":"The Cleric","player_choice":"Healed","floor":5.0,"gold_loss":35.0,"damage_taken":0.0},{"damage_healed":0.0,"max_hp_gain":0.0,"max_hp_loss":0.0,"gold_gain":0.0,"event_name":"Golden Idol","player_choice":"Take Wound","floor":7.0,"gold_loss":0.0,"damage_taken":0.0,"relics_obtained":["Golden Idol"],"cards_obtained":["Injury"]},{"damage_healed":0.0,"max_hp_gain":0.0,"max_hp_loss":0.0,"gold_gain":0.0,"event_name":"Back to Basics","player_choice":"Simplicity","floor":20.0,"gold_loss":0.0,"damage_taken":0.0,"cards_upgraded":["Strike_G","Strike_G","Defend_G","Defend_G","Defend_G","Defend_G","Defend_G"]},{"cards_removed":["Defend_G"],"damage_healed":0.0,"max_hp_gain":0.0,"max_hp_loss":0.0,"gold_gain":0.0,"event_name":"Purifier","player_choice":"Purged","floor":22.0,"gold_loss":0.0,"damage_taken":0.0},{"damage_healed":0.0,"max_hp_gain":0.0,"max_hp_loss":0.0,"gold_gain":0.0,"event_name":"Cursed Tome","player_choice":"Obtained Book","floor":31.0,"gold_loss":0.0,"damage_taken":16.0}],"is_beta":false,"boss_relics":[{"not_picked":["Velvet Choker","Runic Dome"],"picked":"WristBlade"}],"items_purged_floors":[14,19],"is_endless":false,"potions_floor_spawned":[3,8,13,18,25,29],"killed_by":"Automaton","ascension_level":7}