{"gold_per_floor":[118,129,148,158,174,206,206,206,206,221,20,20,47,64,64,161,161,178,198,208,224,224,250,262,262,262,1,1,13,42,52,52,157,157,172,190,210,210,122,148,148,163,163,173,173,206,216,233,233,233,233,233,46,80,80],"floor_reached":56,"playtime":3400,"items_purged":["Strike_B"],"score":1342,"play_id":"efe5d069-3d99-4c11-91ed-a187797d9339","local_time":"20190918201446","is_ascension_mode":false,"campfire_choices":[{"floor":8,"key":"REST"},{"data":"Loop","floor":12,"key":"SMITH"},{"data":"Zap","floor":15,"key":"SMITH"},{"floor":28,"key":"RECALL"},{"floor":32,"key":"REST"},{"floor":41,"key":"REST"},{"floor":45,"key":"REST"},{"floor":49,"key":"REST"},{"floor":52,"key":"REST"}],"neow_cost":"NONE","seed_source_timestamp":26754775933779,"circlet_count":0,"master_deck":["Strike_B","Strike_B","Strike_B","Defend_B","Defend_B","Defend_B","Defend_B+1","Zap+1","Dualcast","Ball Lightning","Cold Snap","Loop+1","Conserve Battery","White Noise","Reinforced Body","Amplify","Doom and Gloom+1","Steam","Lockon+1","Self Repair","Creative AI","Sunder+1","Sweeping Beam+1","Melter+1","Coolheaded+1","Self Repair","Force Field","Recycle","White Noise","Storm","Turbo","Capacitor","Echo Form","Skim","Hologram","Hologram","Panacea","Loop+1","Redo+1","Doubt","Stack+1","White Noise+1","Electrodynamics","Heatsinks","Go for the Eyes+1"],"relics":["SacredBark","White Beast Statue","Oddly Smooth Stone","Molten Egg 2","TungstenRod","Fusion Hammer","FossilizedHelix","Mummified Hand","Dodecahedron","Cursed Key","InkBottle","Toxic Egg 2","Ginger","War Paint","Sundial"],"potions_floor_usage":[14,16,18,20,21,23,24,30,33,37,40,40,44,50,54,55,55],"damage_taken":[{"damage":4,"enemies":"Cultist","floor":1,"turns":4},{"damage":11,"enemies":"Jaw Worm","floor":2,"turns":3},{"damage":2,"enemies":"Small Slimes","floor":3,"turns":3},{"damage":23,"enemies":"Gremlin Gang","floor":4,"turns":6},{"damage":5,"enemies":"Exordium Thugs","floor":5,"turns":5},{"damage":11,"enemies":"3 Sentries","floor":6,"turns":7},{"damage":3,"enemies":"3 Louse","floor":10,"turns":4},{"damage":0,"enemies":"Lagavulin","floor":13,"turns":9},{"damage":3,"enemies":"Looter","floor":14,"turns":4},{"damage":1,"enemies":"Slime Boss","floor":16,"turns":7},{"damage":3,"enemies":"Chosen","floor":18,"turns":4},{"damage":3,"enemies":"Shell Parasite","floor":19,"turns":9},{"damage":22,"enemies":"Snecko","floor":20,"turns":5},{"damage":16,"enemies":"Shelled Parasite and Fungi","floor":21,"turns":6},{"damage":40,"enemies":"Slavers","floor":23,"turns":7},{"damage":12,"enemies":"Snake Plant","floor":24,"turns":2},{"damage":0,"enemies":"Snecko","floor":29,"turns":6},{"damage":0,"enemies":"Gremlin Leader","floor":30,"turns":6},{"damage":2,"enemies":"3 Cultists","floor":31,"turns":4},{"damage":0,"enemies":"Champ","floor":33,"turns":6},{"damage":8,"enemies":"3 Shapes","floor":35,"turns":6},{"damage":6,"enemies":"3 Darklings","floor":36,"turns":5},{"damage":0,"enemies":"4 Shapes","floor":37,"turns":7},{"damage":50,"enemies":"Reptomancer","floor":40,"turns":6},{"damage":0,"enemies":"Sphere and 2 Shapes","floor":42,"turns":5},{"damage":0,"enemies":"Transient","floor":44,"turns":5},{"damage":3,"enemies":"Giant Head","floor":46,"turns":7},{"damage":0,"enemies":"Spire Growth","floor":47,"turns":6},{"damage":28,"enemies":"3 Darklings","floor":48,"turns":4},{"damage":48,"enemies":"Donu and Deca","floor":50,"turns":8},{"damage":32,"enemies":"Shield and Spear","floor":54,"turns":5},{"damage":57,"enemies":"The Heart","floor":55,"turns":6}],"seed_played":"-4285178671181876955","potions_obtained":[{"floor":4,"key":"SkillPotion"},{"floor":10,"key":"Swift Potion"},{"floor":13,"key":"AttackPotion"},{"floor":14,"key":"FearPotion"},{"floor":16,"key":"Regen Potion"},{"floor":18,"key":"Regen Potion"},{"floor":20,"key":"SpeedPotion"},{"floor":21,"key":"SteroidPotion"},{"floor":23,"key":"Fire Potion"},{"floor":24,"key":"SpeedPotion"},{"floor":29,"key":"Dexterity Potion"},{"floor":30,"key":"FearPotion"},{"floor":31,"key":"Fruit Juice"},{"floor":33,"key":"Regen Potion"},{"floor":35,"key":"Swift Potion"},{"floor":37,"key":"PowerPotion"},{"floor":40,"key":"Weak Potion"},{"floor":42,"key":"Poison Potion"},{"floor":44,"key":"SkillPotion"},{"floor":46,"key":"PowerPotion"},{"floor":47,"key":"Regen Potion"},{"floor":54,"key":"EssenceOfSteel"}],"is_trial":false,"path_per_floor":["M","M","M","M","M","E","?","R","T","M","$","R","E","M","R","B",null,"M","M","M","M","?","E","M","?","T","$","R","M","E","M","R","B",null,"M","M","M","?","$","E","R","M","T","M","R","E","M","M","R","B",null,"R","$","E","B",null],"character_chosen":"DEFECT","items_purchased":["Doom and Gloom+1","Steam","Mummified Hand","Panacea","Heatsinks","War Paint"],"campfire_rested":6,"item_purchase_floors":[11,11,27,39,53,53],"current_hp_per_floor":[71,60,58,35,30,19,16,38,38,35,35,35,35,32,32,31,75,75,75,75,66,66,75,63,63,63,63,63,70,75,75,75,85,85,84,85,85,85,85,73,85,85,85,85,85,85,85,57,82,48,85,85,85,85,42],"gold":80,"neow_bonus":"BOSS_RELIC","is_prod":false,"is_daily":false,"chose_seed":false,"campfire_upgraded":2,"win_rate":0,"timestamp":1568834086,"path_taken":["M","M","M","M","M","E","?","R","T","M","$","R","E","M","R","BOSS","M","M","M","M","?","E","M","?","T","$","R","M","E","M","R","BOSS","M","?","M","?","?","E","R","M","T","M","R","E","M","M","R","BOSS","R","$","E","BOSS"],"build_version":"2019-09-17","purchased_purges":1,"victory":true,"max_hp_per_floor":[75,75,75,75,75,75,75,75,75,75,75,75,75,75,75,75,75,75,75,75,75,75,75,75,75,75,75,75,75,75,75,75,85,85,85,85,85,85,85,85,85,85,85,85,85,85,85,85,85,85,85,85,85,85,85],"card_choices":[{"not_picked":["Redo","Coolheaded"],"picked":"Ball Lightning","floor":1},{"not_picked":["Beam Cell","Reprogram"],"picked":"Cold Snap","floor":2},{"not_picked":["Steam","Darkness"],"picked":"Loop","floor":3},{"not_picked":["Rebound","Beam Cell"],"picked":"Conserve Battery","floor":4},{"not_picked":["Darkness","Rebound"],"picked":"White Noise","floor":5},{"not_picked":["Leap","Lockon"],"picked":"Reinforced Body","floor":6},{"not_picked":["Stack","Darkness"],"picked":"Amplify","floor":10},{"not_picked":["Reinforced Body","Streamline+1"],"picked":"Lockon+1","floor":13},{"not_picked":["Steam","Stack"],"picked":"Self Repair","floor":14},{"not_picked":["Buffer","Machine Learning"],"picked":"Creative AI","floor":16},{"not_picked":["Rip and Tear+1","Beam Cell+1"],"picked":"Sunder+1","floor":18},{"not_picked":["Gash+1","Leap"],"picked":"Sweeping Beam+1","floor":19},{"not_picked":["Steam+1","Stack"],"picked":"Melter+1","floor":20},{"not_picked":["Redo","Skim"],"picked":"Coolheaded","floor":21},{"not_picked":["Leap","Rip and Tear+1"],"picked":"Force Field","floor":23},{"not_picked":["Compile Driver+1","Meteor Strike+1"],"picked":"Recycle","floor":24},{"not_picked":["Gash+1","Sweeping Beam+1"],"picked":"Storm","floor":29},{"not_picked":["Reinforced Body","Ball Lightning+1"],"picked":"Turbo","floor":30},{"not_picked":["Go for the Eyes+1","Turbo"],"picked":"Capacitor","floor":31},{"not_picked":["Hyperbeam+1","Thunder Strike+1"],"picked":"Echo Form","floor":33},{"not_picked":["Conserve Battery+1","Gash+1"],"picked":"Skim","floor":35},{"not_picked":["Cold Snap+1","Barrage+1"],"picked":"Hologram","floor":36},{"not_picked":["FTL+1","Beam Cell+1"],"picked":"Hologram","floor":37},{"not_picked":["Coolheaded","Multi-Cast"],"picked":"Loop+1","floor":40},{"not_picked":["Conserve Battery+1","Compile Driver+1"],"picked":"Redo+1","floor":42},{"not_picked":["Redo+1","Streamline+1"],"picked":"Stack+1","floor":44},{"not_picked":["Conserve Battery+1","Leap+1"],"picked":"White Noise+1","floor":46},{"not_picked":["Cold Snap+1","Stack+1","Ball Lightning+1"],"picked":"SKIP","floor":47},{"not_picked":["Turbo+1","Beam Cell+1"],"picked":"Electrodynamics","floor":48},{"not_picked":["Melter+1","Ball Lightning+1"],"picked":"Go for the Eyes+1","floor":54}],"player_experience":105710,"relics_obtained":[{"floor":6,"key":"White Beast Statue"},{"floor":9,"key":"Molten Egg 2"},{"floor":13,"key":"TungstenRod"},{"floor":23,"key":"FossilizedHelix"},{"floor":30,"key":"Dodecahedron"},{"floor":40,"key":"InkBottle"},{"floor":43,"key":"Toxic Egg 2"},{"floor":46,"key":"Ginger"},{"floor":54,"key":"Sundial"}],"event_choices":[{"damage_healed":0,"gold_gain":0,"player_choice":"Success","damage_taken":3,"relics_obtained":["Oddly Smooth Stone"],"max_hp_gain":0,"max_hp_loss":0,"event_name":"Scrap Ooze","floor":7,"gold_loss":0},{"damage_healed":0,"gold_gain":0,"player_choice":"Read","damage_taken":0,"max_hp_gain":0,"max_hp_loss":0,"event_name":"The Library","floor":22,"gold_loss":0,"cards_obtained":["Self Repair"]},{"damage_healed":0,"gold_gain":0,"player_choice":"Copied","damage_taken":0,"max_hp_gain":0,"max_hp_loss":0,"event_name":"Duplicator","floor":25,"gold_loss":0,"cards_obtained":["White Noise"]},{"damage_healed":0,"gold_gain":0,"player_choice":"Bought 0 Potions","damage_taken":0,"max_hp_gain":0,"max_hp_loss":0,"event_name":"The Woman in Blue","floor":38,"gold_loss":0}],"is_beta":true,"boss_relics":[{"not_picked":["Sozu","Tiny House"],"picked":"Fusion Hammer"},{"not_picked":["Inserter","Astrolabe"],"picked":"Cursed Key"}],"items_purged_floors":[11],"is_endless":false,"potions_floor_spawned":[4,10,13,14,16,18,19,20,21,23,24,29,30,31,33,35,36,37,40,42,44,46,47,48,54],"ascension_level":0}