{"gold_per_floor":[119,119,129,79,79,79,123,136,136,177,200,200,200,234,234,354,354,375,474,489,489,513,513,513,513,513,132,170,193,193,217,217,341,341,355,69,87,87,0,39,39,79,379,423,423,423,423,142,142,142],"floor_reached":51,"playtime":6048,"items_purged":["Defend_G","Strike_G","Defend_G"],"score":830,"play_id":"e5cb75c4-59d6-464d-9e37-4787c3eaaf20","local_time":"20190714202314","is_ascension_mode":true,"campfire_choices":[{"data":"Bouncing Flask","floor":6,"key":"SMITH"},{"floor":13,"key":"REST"},{"floor":15,"key":"REST"},{"data":"Adrenaline","floor":23,"key":"SMITH"},{"floor":25,"key":"REST"},{"floor":30,"key":"REST"},{"data":"Burst","floor":32,"key":"SMITH"},{"data":"Adrenaline","floor":41,"key":"SMITH"},{"data":"Sadistic Nature","floor":45,"key":"SMITH"},{"floor":47,"key":"REST"},{"data":"Madness","floor":49,"key":"SMITH"}],"neow_cost":"NONE","seed_source_timestamp":408445037940200,"circlet_count":0,"master_deck":["Strike_G","Strike_G","Defend_G","Defend_G","Survivor+1","Neutralize","Bouncing Flask+1","Backflip+1","Poisoned Stab","Malaise","Backflip","Adrenaline+1","Bouncing Flask+1","Noxious Fumes+1","Crippling Poison","Calculated Gamble+1","Burst+1","Adrenaline+1","Sadistic Nature+1","Madness+1","Madness"],"relics":["Ring of the Snake","NeowsBlessing","Pocketwatch","Golden Idol","Omamori","Darkstone Periapt","Happy Flower","Meat on the Bone","Philosopher\u0027s Stone","Kunai","FossilizedHelix","Boot","Empty Cage","Red Mask","Tingsha","Strawberry","Old Coin","Letter Opener","War Paint"],"potions_floor_usage":[18,35,50,50,50],"damage_taken":[{"damage":0,"enemies":"Small Slimes","floor":1,"turns":1},{"damage":0,"enemies":"2 Louse","floor":3,"turns":1},{"damage":0,"enemies":"Gremlin Nob","floor":7,"turns":1},{"damage":6,"enemies":"Jaw Worm","floor":8,"turns":2},{"damage":13,"enemies":"Lagavulin","floor":10,"turns":5},{"damage":4,"enemies":"2 Fungi Beasts","floor":11,"turns":3},{"damage":34,"enemies":"Gremlin Nob","floor":14,"turns":5},{"damage":12,"enemies":"The Guardian","floor":16,"turns":8},{"damage":17,"enemies":"2 Thieves","floor":18,"turns":4},{"damage":0,"enemies":"Chosen","floor":20,"turns":3},{"damage":24,"enemies":"Centurion and Healer","floor":22,"turns":5},{"damage":31,"enemies":"Book of Stabbing","floor":28,"turns":4},{"damage":0,"enemies":"Shelled Parasite and Fungi","floor":29,"turns":5},{"damage":0,"enemies":"Cultist and Chosen","floor":31,"turns":5},{"damage":32,"enemies":"Champ","floor":33,"turns":10},{"damage":5,"enemies":"3 Shapes","floor":35,"turns":3},{"damage":0,"enemies":"Orb Walker","floor":37,"turns":2},{"damage":10,"enemies":"Reptomancer","floor":40,"turns":5},{"damage":0,"enemies":"Nemesis","floor":42,"turns":3},{"damage":10,"enemies":"Reptomancer","floor":44,"turns":4},{"damage":21,"enemies":"Awakened One","floor":50,"turns":9}],"seed_played":"-6030315044732556684","potions_obtained":[{"floor":3,"key":"Strength Potion"},{"floor":7,"key":"Dexterity Potion"},{"floor":18,"key":"PowerPotion"},{"floor":22,"key":"Strength Potion"},{"floor":28,"key":"Fire Potion"},{"floor":37,"key":"Strength Potion"}],"is_trial":false,"path_per_floor":["M","?","M","?","?","R","E","M","T","E","M","?","R","E","R","B",null,"M","?","M","?","M","R","?","R","T","$","E","M","R","M","R","B",null,"M","$","M","$","?","E","R","E","T","E","R","?","R","$","R","B",null],"character_chosen":"THE_SILENT","items_purchased":["FossilizedHelix","Sadistic Nature","War Paint"],"campfire_rested":5,"item_purchase_floors":[27,36,48],"current_hp_per_floor":[70,58,58,58,58,58,58,52,52,39,35,28,47,13,32,32,65,48,48,48,48,36,36,36,55,55,55,36,36,55,55,55,35,65,60,60,60,60,60,50,50,57,57,47,47,38,59,59,59,38],"gold":142,"neow_bonus":"THREE_ENEMY_KILL","is_prod":false,"is_daily":false,"chose_seed":false,"campfire_upgraded":6,"win_rate":0,"timestamp":1563150194,"path_taken":["M","?","M","?","?","R","E","M","T","E","M","?","R","E","R","BOSS","M","?","M","?","M","R","?","R","T","$","E","?","R","M","R","BOSS","M","$","M","?","?","E","R","E","T","E","R","?","R","$","R","BOSS"],"build_version":"2019-07-05","purchased_purges":3,"victory":true,"max_hp_per_floor":[70,70,70,70,65,65,65,65,65,65,65,65,65,65,65,65,65,65,65,65,65,65,65,65,65,65,65,65,65,65,65,65,65,65,65,65,65,65,65,65,65,72,72,72,72,72,72,72,72,72],"card_choices":[{"not_picked":["Dagger Spray","Reflex"],"picked":"Skewer","floor":1},{"not_picked":["Choke","Dagger Throw"],"picked":"Bouncing Flask","floor":3},{"not_picked":["Heel Hook","Bane"],"picked":"Backflip","floor":7},{"not_picked":["Acrobatics","Tactician"],"picked":"Poisoned Stab","floor":8},{"not_picked":["Wraith Form v2","Eviscerate"],"picked":"Malaise","floor":10},{"not_picked":["Blade Dance","Slice"],"picked":"Backflip","floor":11},{"not_picked":["Deflect","Caltrops","Leg Sweep"],"picked":"SKIP","floor":14},{"not_picked":["Phantasmal Killer","Night Terror"],"picked":"Adrenaline","floor":16},{"not_picked":["Slice+1","Backstab"],"picked":"Bouncing Flask+1","floor":18},{"not_picked":["Backstab+1","Dagger Spray"],"picked":"Noxious Fumes+1","floor":20},{"not_picked":["Backflip","Crippling Poison"],"picked":"Calculated Gamble+1","floor":22},{"not_picked":["Choke+1","Calculated Gamble"],"picked":"Burst","floor":28},{"not_picked":["Poisoned Stab+1","Quick Slash+1","Acrobatics+1"],"picked":"SKIP","floor":29},{"not_picked":["Poisoned Stab","Caltrops","Dodge and Roll"],"picked":"SKIP","floor":31},{"not_picked":["Tools of the Trade","Corpse Explosion"],"picked":"Adrenaline","floor":33},{"not_picked":["Flying Knee+1","Bane+1","Deflect+1"],"picked":"SKIP","floor":35},{"not_picked":["Dagger Throw","Outmaneuver","Quick Slash"],"picked":"SKIP","floor":37},{"not_picked":["Deflect+1","All Out Attack+1","Venomology"],"picked":"SKIP","floor":40},{"not_picked":["Deflect+1","All Out Attack+1","Venomology"],"picked":"SKIP","floor":40},{"not_picked":["PiercingWail","Backstab+1","Dagger Throw"],"picked":"SKIP","floor":42},{"not_picked":["Dodge and Roll+1","Endless Agony+1","Phantasmal Killer"],"picked":"SKIP","floor":44}],"player_experience":156616,"relics_obtained":[{"floor":7,"key":"Omamori"},{"floor":9,"key":"Darkstone Periapt"},{"floor":10,"key":"Happy Flower"},{"floor":14,"key":"Meat on the Bone"},{"floor":26,"key":"Kunai"},{"floor":28,"key":"Boot"},{"floor":40,"key":"Tingsha"},{"floor":42,"key":"Strawberry"},{"floor":43,"key":"Old Coin"},{"floor":44,"key":"Letter Opener"}],"event_choices":[{"damage_healed":0,"gold_gain":0,"player_choice":"Success","damage_taken":12,"relics_obtained":["Pocketwatch"],"max_hp_gain":0,"max_hp_loss":0,"event_name":"Scrap Ooze","floor":2,"gold_loss":0},{"cards_removed":["Defend_G"],"damage_healed":0,"gold_gain":0,"player_choice":"Card Removal","damage_taken":0,"max_hp_gain":0,"max_hp_loss":0,"event_name":"The Cleric","floor":4,"gold_loss":50},{"damage_healed":0,"gold_gain":0,"player_choice":"Lose Max HP","damage_taken":0,"relics_obtained":["Golden Idol"],"max_hp_gain":0,"max_hp_loss":5,"event_name":"Golden Idol","floor":5,"gold_loss":0},{"cards_removed":["Skewer"],"damage_healed":0,"gold_gain":0,"player_choice":"Card Removal","damage_taken":7,"max_hp_gain":0,"max_hp_loss":0,"event_name":"Golden Wing","floor":12,"gold_loss":0},{"damage_healed":0,"gold_gain":99,"player_choice":"Stole From Cult","damage_taken":0,"max_hp_gain":0,"max_hp_loss":0,"event_name":"Nest","floor":19,"gold_loss":0},{"damage_healed":0,"gold_gain":0,"player_choice":"Read","damage_taken":0,"max_hp_gain":0,"max_hp_loss":0,"event_name":"The Library","floor":21,"gold_loss":0,"cards_obtained":["Crippling Poison"]},{"damage_healed":0,"gold_gain":0,"player_choice":"Ignored","damage_taken":0,"max_hp_gain":0,"max_hp_loss":0,"event_name":"Vampires","floor":24,"gold_loss":0},{"damage_healed":0,"gold_gain":0,"player_choice":"Paid","damage_taken":0,"relics_obtained":["Red Mask"],"max_hp_gain":0,"max_hp_loss":0,"event_name":"Tomb of Lord Red Mask","floor":39,"gold_loss":87},{"damage_healed":0,"gold_gain":0,"player_choice":"Embrace Madness","damage_taken":9,"max_hp_gain":0,"max_hp_loss":0,"event_name":"Winding Halls","floor":46,"gold_loss":0,"cards_obtained":["Madness","Madness"]}],"is_beta":false,"boss_relics":[{"not_picked":["Eternal Feather","Busted Crown"],"picked":"Philosopher\u0027s Stone"},{"not_picked":["Coffee Dripper","Fusion Hammer"],"picked":"Empty Cage"}],"items_purged_floors":[27,36,48],"is_endless":false,"potions_floor_spawned":[3,7,18,22,28,37,40],"ascension_level":1}