{"gold_per_floor":[113,113,130,11,34,34,34,47,47,107,124,124,154,172,172,274,274,291,390,390,390,390,390],"floor_reached":23,"playtime":1070,"items_purged":[],"score":187,"play_id":"4bc22d69-16eb-4b3d-bd2c-040ee9f80357","local_time":"20190709102747","is_ascension_mode":false,"campfire_choices":[{"data":"Metallicize","floor":6,"key":"SMITH"},{"data":"Body Slam","floor":12,"key":"SMITH"},{"data":"Limit Break","floor":15,"key":"SMITH"}],"neow_cost":"NONE","seed_source_timestamp":227950014061600,"circlet_count":0,"master_deck":["Strike_R","Strike_R","Strike_R","Strike_R","Strike_R","Defend_R","Defend_R","Defend_R","Defend_R","Bash+1","Ghostly Armor","Shrug It Off","Metallicize+1","Clothesline","Hemokinesis","Body Slam+1","Limit Break+1","Inflame","Offering","Shrug It Off","Decay","Rage"],"relics":["Burning Blood","NeowsBlessing","Bag of Marbles","Self Forming Clay","Boot","Eternal Feather","Bottled Tornado"],"potions_floor_usage":[23],"damage_taken":[{"damage":0,"enemies":"Jaw Worm","floor":1,"turns":1},{"damage":0,"enemies":"Cultist","floor":3,"turns":1},{"damage":0,"enemies":"2 Louse","floor":8,"turns":1},{"damage":7,"enemies":"Red Slaver","floor":11,"turns":3},{"damage":10,"enemies":"Gremlin Nob","floor":13,"turns":5},{"damage":0,"enemies":"3 Louse","floor":14,"turns":4},{"damage":33,"enemies":"The Guardian","floor":16,"turns":9},{"damage":21,"enemies":"Chosen","floor":18,"turns":6},{"damage":87,"enemies":"Gremlin Leader","floor":23,"turns":6}],"seed_played":"864220813232479436","potions_obtained":[{"floor":1,"key":"SkillPotion"},{"floor":3,"key":"Block Potion"},{"floor":11,"key":"Ancient Potion"},{"floor":14,"key":"BloodPotion"},{"floor":18,"key":"BloodPotion"}],"is_trial":false,"path_per_floor":["M","?","M","$","T","R","?","M","T","?","M","R","E","M","R","B",null,"M","?","?","?","T","E"],"character_chosen":"IRONCLAD","items_purchased":["Metallicize","Clothesline"],"campfire_rested":0,"item_purchase_floors":[4,4],"current_hp_per_floor":[80,80,80,80,80,80,80,80,80,80,79,79,75,80,80,53,80,65,65,65,65,65,0],"gold":390,"neow_bonus":"THREE_ENEMY_KILL","is_prod":false,"is_daily":false,"chose_seed":false,"campfire_upgraded":3,"win_rate":0.0,"timestamp":1562686067,"path_taken":["M","?","?","$","?","R","?","?","T","?","M","R","E","M","R","BOSS","M","?","?","?","?","E"],"build_version":"2019-07-05","purchased_purges":0,"victory":false,"max_hp_per_floor":[80,80,80,80,80,80,80,80,80,80,80,80,80,80,80,80,80,80,80,80,80,80,80],"card_choices":[{"not_picked":["Second Wind","Intimidate"],"picked":"Ghostly Armor","floor":1},{"not_picked":["Infernal Blade","Flex"],"picked":"Shrug It Off","floor":3},{"not_picked":["Iron Wave","Clash"],"picked":"Hemokinesis","floor":8},{"not_picked":["Flex","Headbutt"],"picked":"Body Slam","floor":11},{"not_picked":["Thunderclap","Sword Boomerang"],"picked":"Limit Break","floor":13},{"not_picked":["Thunderclap","Perfected Strike"],"picked":"Inflame","floor":14},{"not_picked":["Bludgeon","Double Tap"],"picked":"Offering","floor":16},{"not_picked":["Sword Boomerang+1","Clothesline"],"picked":"Shrug It Off","floor":18}],"player_experience":11994,"relics_obtained":[{"floor":5,"key":"Bag of Marbles"},{"floor":9,"key":"Self Forming Clay"},{"floor":13,"key":"Boot"},{"floor":22,"key":"Bottled Tornado"}],"event_choices":[{"damage_healed":0,"gold_gain":0,"player_choice":"Upgraded","damage_taken":0,"max_hp_gain":0,"max_hp_loss":0,"event_name":"Upgrade Shrine","floor":2,"gold_loss":0,"cards_upgraded":["Bash"]},{"damage_healed":0,"gold_gain":0,"player_choice":"Ignored","damage_taken":0,"max_hp_gain":0,"max_hp_loss":0,"event_name":"Purifier","floor":7,"gold_loss":0},{"damage_healed":0,"gold_gain":60,"player_choice":"Gained Gold","damage_taken":0,"max_hp_gain":0,"max_hp_loss":0,"event_name":"Golden Wing","floor":10,"gold_loss":0},{"damage_healed":0,"gold_gain":99,"player_choice":"Stole From Cult","damage_taken":0,"max_hp_gain":0,"max_hp_loss":0,"event_name":"Nest","floor":19,"gold_loss":0},{"damage_healed":0,"gold_gain":0,"player_choice":"Smashed Altar","damage_taken":0,"max_hp_gain":0,"max_hp_loss":0,"event_name":"Forgotten Altar","floor":20,"gold_loss":0,"cards_obtained":["Decay"]},{"damage_healed":0,"gold_gain":0,"player_choice":"Read","damage_taken":0,"max_hp_gain":0,"max_hp_loss":0,"event_name":"The Library","floor":21,"gold_loss":0,"cards_obtained":["Rage"]}],"is_beta":false,"boss_relics":[{"not_picked":["Philosopher\u0027s Stone","Mark of Pain"],"picked":"Eternal Feather"}],"items_purged_floors":[],"is_endless":false,"potions_floor_spawned":[1,3,11,14,18],"killed_by":"Gremlin Leader","ascension_level":0}