{"gold_per_floor":[111,111,130,146,156,156,26,42,42,58,75,89,89,105,105,202,252,265,33,33,79,91,121,147,159,171,183,11,29,49,65,65,65],"floor_reached":33,"playtime":4901,"items_purged":["Defend_G","Defend_G"],"score":265,"play_id":"fe2057bc-19f1-4bef-ac5e-a9f4a9a42e0b","local_time":"20190708225713","is_ascension_mode":false,"campfire_choices":[{"floor":6,"key":"REST"},{"floor":13,"key":"REST"},{"floor":15,"key":"REST"},{"floor":25,"key":"REST"},{"floor":27,"key":"REST"},{"floor":32,"key":"REST"}],"neow_cost":"NONE","seed_source_timestamp":383135132454100,"circlet_count":0,"master_deck":["Strike_G","Strike_G","Strike_G+1","Strike_G","Strike_G","Defend_G","Defend_G","Defend_G","Survivor+1","Neutralize","Backstab","Flying Knee","Flying Knee","Well Laid Plans","Underhanded Strike","Dramatic Entrance","Blade Dance","Choke","Flying Knee","Deadly Poison+1","Poisoned Stab","Adrenaline","Blur","Finisher+1","Unload","Discovery","Deadly Poison","Backstab","Quick Slash","Tactician","Dagger Throw","Blade Dance","Poisoned Stab","Poisoned Stab+1"],"relics":["Ring of the Snake","NeowsBlessing","Kunai","Tiny House","Enchiridion","Happy Flower","MawBank","Matryoshka"],"potions_floor_usage":[16,16,16,24,24,24,33],"damage_taken":[{"damage":0,"enemies":"Cultist","floor":1,"turns":1},{"damage":0,"enemies":"Jaw Worm","floor":3,"turns":1},{"damage":0,"enemies":"Small Slimes","floor":4,"turns":1},{"damage":1,"enemies":"Exordium Wildlife","floor":5,"turns":4},{"damage":4,"enemies":"Red Slaver","floor":8,"turns":2},{"damage":8,"enemies":"Large Slime","floor":10,"turns":4},{"damage":10,"enemies":"Exordium Thugs","floor":11,"turns":3},{"damage":10,"enemies":"Looter","floor":12,"turns":2},{"damage":0,"enemies":"Gremlin Gang","floor":14,"turns":2},{"damage":52,"enemies":"Hexaghost","floor":16,"turns":8},{"damage":24,"enemies":"Shell Parasite","floor":18,"turns":4},{"damage":0,"enemies":"Spheric Guardian","floor":22,"turns":2},{"damage":28,"enemies":"Book of Stabbing","floor":23,"turns":5},{"damage":0,"enemies":"Cultist and Chosen","floor":24,"turns":4},{"damage":5,"enemies":"Chosen and Byrds","floor":29,"turns":4},{"damage":29,"enemies":"Shelled Parasite and Fungi","floor":30,"turns":4},{"damage":12,"enemies":"3 Cultists","floor":31,"turns":4},{"damage":36,"enemies":"Champ","floor":33,"turns":5}],"seed_played":"-8873273590459552127","potions_obtained":[{"floor":1,"key":"Strength Potion"},{"floor":4,"key":"Explosive Potion"},{"floor":8,"key":"Poison Potion"},{"floor":10,"key":"Fire Potion"},{"floor":12,"key":"Swift Potion"},{"floor":17,"key":"Poison Potion"},{"floor":22,"key":"PowerPotion"},{"floor":23,"key":"Poison Potion"},{"floor":29,"key":"GamblersBrew"}],"is_trial":false,"path_per_floor":["M","?","M","M","M","R","$","M","T","M","M","M","R","M","R","B",null,"M","$","?","T","M","E","M","R","T","R","$","M","M","M","R","B"],"character_chosen":"THE_SILENT","items_purchased":["Underhanded Strike","Dramatic Entrance","Unload","Discovery","Tactician","Dagger Throw"],"campfire_rested":6,"item_purchase_floors":[7,7,19,19,28,28],"current_hp_per_floor":[70,56,56,56,55,70,70,66,66,58,48,38,59,59,70,18,75,51,51,35,35,35,7,7,29,29,51,51,46,17,5,27,0],"gold":65,"neow_bonus":"THREE_ENEMY_KILL","is_prod":false,"is_daily":false,"chose_seed":false,"campfire_upgraded":0,"win_rate":0.0,"timestamp":1562641033,"path_taken":["M","?","M","M","M","R","?","M","T","M","M","M","R","?","R","BOSS","M","$","?","?","M","E","?","R","T","R","$","M","M","M","R","BOSS"],"build_version":"2019-07-05","purchased_purges":2,"victory":false,"max_hp_per_floor":[70,70,70,70,70,70,70,70,70,70,70,70,70,70,70,70,75,75,75,75,75,75,75,75,75,75,75,75,75,75,75,75,75],"card_choices":[{"not_picked":["Flechettes","Well Laid Plans"],"picked":"Backstab","floor":1},{"not_picked":["Slice","Distraction"],"picked":"Flying Knee","floor":3},{"not_picked":["Dagger Throw","Skewer"],"picked":"Flying Knee","floor":4},{"not_picked":["Noxious Fumes","Deadly Poison"],"picked":"Well Laid Plans","floor":5},{"not_picked":["Bouncing Flask","Finisher"],"picked":"Blade Dance","floor":8},{"not_picked":["Dagger Throw","Deflect"],"picked":"Choke","floor":10},{"not_picked":["Tools of the Trade","Dagger Throw"],"picked":"Flying Knee","floor":11},{"not_picked":["PiercingWail","Endless Agony"],"picked":"Deadly Poison","floor":12},{"not_picked":["Calculated Gamble","Sucker Punch"],"picked":"Poisoned Stab","floor":14},{"not_picked":["Night Terror","Malaise"],"picked":"Adrenaline","floor":16},{"not_picked":["Acrobatics","Blade Dance"],"picked":"Blur","floor":17},{"not_picked":["Dagger Spray","Flying Knee"],"picked":"Finisher+1","floor":18},{"not_picked":["Backflip","Acrobatics"],"picked":"Deadly Poison","floor":22},{"not_picked":["Prepared+1","Dagger Spray"],"picked":"Backstab","floor":23},{"not_picked":["Prepared","Caltrops"],"picked":"Quick Slash","floor":24},{"not_picked":["Acrobatics+1","Choke"],"picked":"Blade Dance","floor":29},{"not_picked":["Outmaneuver","Expertise"],"picked":"Poisoned Stab","floor":30},{"not_picked":["Noxious Fumes","Outmaneuver+1"],"picked":"Poisoned Stab+1","floor":31}],"player_experience":2465,"relics_obtained":[{"floor":9,"key":"Kunai"},{"floor":20,"key":"Enchiridion"},{"floor":21,"key":"Happy Flower"},{"floor":23,"key":"MawBank"},{"floor":26,"key":"Matryoshka"}],"event_choices":[{"damage_healed":0,"gold_gain":0,"player_choice":"Entered Light","damage_taken":14,"max_hp_gain":0,"max_hp_loss":0,"event_name":"Shining Light","floor":2,"gold_loss":0,"cards_upgraded":["Survivor","Strike_G"]},{"damage_healed":0,"gold_gain":0,"player_choice":"Obtained Book","damage_taken":16,"max_hp_gain":0,"max_hp_loss":0,"event_name":"Cursed Tome","floor":20,"gold_loss":0}],"is_beta":false,"boss_relics":[{"not_picked":["White Beast Statue","Runic Pyramid"],"picked":"Tiny House"}],"items_purged_floors":[19,28],"is_endless":false,"potions_floor_spawned":[1,4,8,10,12,14,22,23,29],"killed_by":"Champ","ascension_level":0}