{"gold_per_floor":[118,138,138,13,88,120,120,140,163,163,179,206,48,77,77,178,178,191,211,211,211,246,246,257,276,276,276,292,292,324,344,344,344],"floor_reached":33,"playtime":3002,"items_purged":["Hello World"],"score":310,"play_id":"7a0cf0f0-3a18-4f57-a195-7fa859d31618","local_time":"20190714175541","is_ascension_mode":false,"campfire_choices":[{"data":"Zap","floor":7,"key":"SMITH"},{"floor":15,"key":"REST"},{"floor":23,"key":"REST"},{"floor":27,"key":"REST"},{"floor":29,"key":"REST"},{"floor":32,"key":"REST"}],"neow_cost":"NONE","seed_source_timestamp":402652737535000,"circlet_count":0,"master_deck":["Strike_B","Strike_B","Strike_B","Strike_B","Defend_B","Defend_B","Defend_B","Defend_B","Zap+1","Dualcast","Lockon","Tempest","Conserve Battery","Defragment","Lockon","Self Repair","Ball Lightning","Tempest","Multi-Cast","Double Energy+1","Chill","Defragment","Sweeping Beam+1","Turbo","Electrodynamics","Turbo"],"relics":["Cracked Core","NeowsBlessing","Ornamental Fan","Du-Vu Doll","Orichalcum","Anchor","Vajra","Eternal Feather","Red Mask","Kunai","Bag of Preparation"],"potions_floor_usage":[22,22,25,33],"damage_taken":[{"damage":0,"enemies":"Cultist","floor":1,"turns":1},{"damage":0,"enemies":"2 Louse","floor":2,"turns":1},{"damage":0,"enemies":"3 Sentries","floor":6,"turns":1},{"damage":3,"enemies":"Small Slimes","floor":8,"turns":2},{"damage":2,"enemies":"Blue Slaver","floor":11,"turns":3},{"damage":16,"enemies":"Lagavulin","floor":12,"turns":5},{"damage":3,"enemies":"Gremlin Nob","floor":14,"turns":3},{"damage":15,"enemies":"Slime Boss","floor":16,"turns":6},{"damage":36,"enemies":"2 Thieves","floor":18,"turns":4},{"damage":0,"enemies":"Chosen","floor":19,"turns":4},{"damage":26,"enemies":"Masked Bandits","floor":22,"turns":6},{"damage":37,"enemies":"3 Cultists","floor":24,"turns":6},{"damage":23,"enemies":"Centurion and Healer","floor":25,"turns":6},{"damage":19,"enemies":"Cultist and Chosen","floor":28,"turns":6},{"damage":47,"enemies":"Gremlin Leader","floor":30,"turns":6},{"damage":0,"enemies":"Snake Plant","floor":31,"turns":2},{"damage":78,"enemies":"Champ","floor":33,"turns":9}],"seed_played":"2162401667108915850","potions_obtained":[{"floor":8,"key":"SneckoOil"},{"floor":11,"key":"SkillPotion"},{"floor":19,"key":"Energy Potion"},{"floor":25,"key":"Dexterity Potion"},{"floor":31,"key":"Dexterity Potion"}],"is_trial":false,"path_per_floor":["M","M","T","$","?","E","R","M","T","?","M","E","$","E","R","B",null,"M","M","?","?","?","R","M","M","T","R","M","R","E","M","R","B"],"character_chosen":"DEFECT","items_purchased":["Conserve Battery","Hello World","Self Repair","Ball Lightning"],"campfire_rested":5,"item_purchase_floors":[4,4,13,13],"current_hp_per_floor":[75,75,75,75,64,64,64,61,61,61,59,43,43,47,69,61,75,46,53,53,39,20,56,26,10,10,46,34,70,30,30,69,0],"gold":344,"neow_bonus":"THREE_ENEMY_KILL","is_prod":false,"is_daily":false,"chose_seed":false,"campfire_upgraded":1,"win_rate":0.0,"timestamp":1563141341,"path_taken":["M","M","?","$","?","E","R","M","T","?","M","E","$","E","R","BOSS","M","M","?","?","?","R","M","M","T","R","M","R","E","M","R","BOSS"],"build_version":"2019-07-05","purchased_purges":1,"victory":false,"max_hp_per_floor":[75,75,75,75,75,75,75,75,75,75,75,75,75,75,75,75,75,75,75,75,80,80,80,80,80,80,80,80,80,80,80,80,80],"card_choices":[{"not_picked":["Hologram","Coolheaded"],"picked":"Lockon","floor":1},{"not_picked":["Reinforced Body","Ball Lightning"],"picked":"Tempest","floor":2},{"not_picked":["Self Repair","Multi-Cast"],"picked":"Defragment","floor":6},{"not_picked":["Barrage","Rebound","Heatsinks"],"picked":"SKIP","floor":8},{"not_picked":["Cold Snap","Gash"],"picked":"Steam","floor":11},{"not_picked":["Undo","Streamline"],"picked":"Lockon","floor":12},{"not_picked":["Scrape","Aggregate"],"picked":"Tempest","floor":14},{"not_picked":["Amplify","All For One"],"picked":"Multi-Cast","floor":16},{"not_picked":["Barrage","Stack+1"],"picked":"Steam+1","floor":18},{"not_picked":["Doom and Gloom","Stack+1"],"picked":"Double Energy+1","floor":19},{"not_picked":["Darkness","Compile Driver"],"picked":"Sweeping Beam+1","floor":22},{"not_picked":["Hologram","Gash"],"picked":"Turbo","floor":24},{"not_picked":["Doom and Gloom","Storm+1","Capacitor"],"picked":"SKIP","floor":25},{"not_picked":["Blizzard","Static Discharge","Heatsinks"],"picked":"SKIP","floor":28},{"not_picked":["Leap","White Noise"],"picked":"Electrodynamics","floor":30},{"not_picked":["Conserve Battery","Beam Cell"],"picked":"Turbo","floor":31}],"player_experience":150927,"relics_obtained":[{"floor":3,"key":"Ornamental Fan"},{"floor":6,"key":"Du-Vu Doll"},{"floor":9,"key":"Orichalcum"},{"floor":12,"key":"Anchor"},{"floor":14,"key":"Vajra"},{"floor":22,"key":"Red Mask"},{"floor":26,"key":"Kunai"},{"floor":30,"key":"Bag of Preparation"}],"event_choices":[{"damage_healed":0,"gold_gain":75,"player_choice":"Gather Gold","damage_taken":11,"max_hp_gain":0,"max_hp_loss":0,"event_name":"World of Goop","floor":5,"gold_loss":0},{"damage_healed":0,"gold_gain":0,"player_choice":"Ignored","damage_taken":0,"max_hp_gain":0,"max_hp_loss":0,"event_name":"Liars Game","floor":10,"gold_loss":0},{"damage_healed":0,"gold_gain":0,"cards_transformed":["Steam","Steam"],"player_choice":"Became Test Subject","damage_taken":0,"max_hp_gain":0,"max_hp_loss":0,"event_name":"Drug Dealer","floor":20,"gold_loss":0,"cards_obtained":["Chill","Defragment"]},{"damage_healed":0,"gold_gain":0,"player_choice":"Shed Blood","damage_taken":19,"max_hp_gain":5,"max_hp_loss":0,"event_name":"Forgotten Altar","floor":21,"gold_loss":0},{"damage_healed":0,"gold_gain":0,"player_choice":"Fought Bandits","damage_taken":0,"max_hp_gain":0,"max_hp_loss":0,"event_name":"Masked Bandits","floor":22,"gold_loss":0}],"is_beta":false,"boss_relics":[{"not_picked":["Empty Cage","Snecko Eye"],"picked":"Eternal Feather"}],"items_purged_floors":[13],"is_endless":false,"potions_floor_spawned":[8,11,19,25,31],"killed_by":"Champ","ascension_level":0}