{"gold_per_floor":[214,214,226,246,16,16,32,32,32,45,77,77,88,141,141,240,240,240,165,165,165,165,165,165,165,165,165,165,165],"floor_reached":29,"playtime":3477,"items_purged":[],"score":245,"play_id":"6b9d27f5-23b0-4e93-8edd-18c9c5a4e12c","local_time":"20190709192907","is_ascension_mode":false,"campfire_choices":[{"data":"Seeing Red","floor":6,"key":"SMITH"},{"floor":15,"key":"REST"},{"floor":23,"key":"REST"}],"neow_cost":"NONE","seed_source_timestamp":458469696250500,"circlet_count":0,"master_deck":["Strike_R","Strike_R","Strike_R","Strike_R","Strike_R","Defend_R","Defend_R","Defend_R","Bash","Seeing Red","Clash","Headbutt","Seeing Red+1","Clash","Headbutt","Inflame","Warcry+1","Bludgeon","Armaments+1","RitualDagger","Battle Trance+1","Carnage","Cleave","Decay","Inflame+1"],"relics":["Burning Blood","Lantern","Regal Pillow","Toxic Egg 2","Dream Catcher","Ectoplasm","Mercury Hourglass","Bag of Marbles"],"potions_floor_usage":[10,16,16,25,28,29],"damage_taken":[{"damage":4,"enemies":"2 Louse","floor":1,"turns":4},{"damage":6,"enemies":"Cultist","floor":3,"turns":3},{"damage":0,"enemies":"Small Slimes","floor":4,"turns":3},{"damage":9,"enemies":"Blue Slaver","floor":7,"turns":3},{"damage":7,"enemies":"3 Louse","floor":10,"turns":2},{"damage":31,"enemies":"Lagavulin","floor":11,"turns":6},{"damage":0,"enemies":"2 Fungi Beasts","floor":13,"turns":2},{"damage":57,"enemies":"The Guardian","floor":16,"turns":6},{"damage":5,"enemies":"Chosen","floor":18,"turns":3},{"damage":17,"enemies":"Shell Parasite","floor":21,"turns":3},{"damage":12,"enemies":"Snecko","floor":24,"turns":4},{"damage":17,"enemies":"3 Cultists","floor":25,"turns":4},{"damage":44,"enemies":"Slavers","floor":28,"turns":4},{"damage":28,"enemies":"Snake Plant","floor":29,"turns":2}],"seed_played":"-4992879823237305960","potions_obtained":[{"floor":4,"key":"GamblersBrew"},{"floor":11,"key":"Poison Potion"},{"floor":13,"key":"Explosive Potion"},{"floor":16,"key":"LiquidBronze"},{"floor":25,"key":"PowerPotion"},{"floor":28,"key":"GamblersBrew"}],"is_trial":false,"path_per_floor":["M","?","M","M","$","R","M","$","T","M","E","?","M","T","R","B",null,"M","?","?","M","?","R","M","M","T","?","E","M"],"character_chosen":"IRONCLAD","items_purchased":["Seeing Red","Lantern"],"campfire_rested":2,"item_purchase_floors":[5,5],"current_hp_per_floor":[80,80,80,80,80,80,77,77,77,76,51,51,57,57,80,29,80,80,80,74,63,63,80,74,63,63,63,25,0],"gold":165,"neow_bonus":"HUNDRED_GOLD","is_prod":false,"is_daily":false,"chose_seed":false,"campfire_upgraded":1,"win_rate":0.0,"timestamp":1562714947,"path_taken":["M","?","M","M","$","R","M","?","T","M","E","?","M","?","R","BOSS","M","?","?","M","?","R","M","M","T","?","E","?"],"build_version":"2019-07-05","purchased_purges":0,"victory":false,"max_hp_per_floor":[80,80,80,80,80,80,80,80,80,80,80,80,80,80,80,80,80,80,80,80,80,80,80,80,80,80,80,80,80],"card_choices":[{"not_picked":["True Grit","Dual Wield"],"picked":"Seeing Red","floor":1},{"not_picked":["Fire Breathing","Ghostly Armor"],"picked":"Clash","floor":3},{"not_picked":["Pommel Strike","Burning Pact"],"picked":"Headbutt","floor":4},{"not_picked":["Body Slam","Fire Breathing"],"picked":"Clash","floor":7},{"not_picked":["Iron Wave","Blood for Blood"],"picked":"Headbutt","floor":10},{"not_picked":["Thunderclap","Second Wind"],"picked":"Inflame","floor":11},{"not_picked":["Combust","Rampage"],"picked":"Warcry+1","floor":13},{"not_picked":["Juggernaut","Berserk"],"picked":"Bludgeon","floor":16},{"not_picked":["Searing Blow","Perfected Strike"],"picked":"Armaments+1","floor":18},{"not_picked":["Anger","Thunderclap+1","True Grit+1"],"picked":"SKIP","floor":21},{"not_picked":["Shrug It Off+1","Second Wind+1"],"picked":"Carnage","floor":23},{"not_picked":["Clothesline","Battle Trance+1","Reckless Charge"],"picked":"SKIP","floor":24},{"not_picked":["Shrug It Off+1","Combust"],"picked":"Cleave","floor":25},{"not_picked":["Whirlwind","Demon Form"],"picked":"Inflame+1","floor":28}],"player_experience":12050,"relics_obtained":[{"floor":9,"key":"Regal Pillow"},{"floor":11,"key":"Toxic Egg 2"},{"floor":14,"key":"Dream Catcher"},{"floor":26,"key":"Mercury Hourglass"},{"floor":28,"key":"Bag of Marbles"}],"event_choices":[{"damage_healed":0,"gold_gain":0,"cards_transformed":["Defend_R"],"player_choice":"Transformed","damage_taken":0,"max_hp_gain":0,"max_hp_loss":0,"event_name":"Transmorgrifier","floor":2,"gold_loss":0,"cards_obtained":["Blood for Blood"]},{"damage_healed":0,"gold_gain":0,"player_choice":"Ignored","damage_taken":0,"max_hp_gain":0,"max_hp_loss":0,"event_name":"Liars Game","floor":12,"gold_loss":0},{"cards_removed":["Blood for Blood"],"damage_healed":0,"gold_gain":0,"player_choice":"Gave Gold","damage_taken":0,"max_hp_gain":0,"max_hp_loss":0,"event_name":"Beggar","floor":19,"gold_loss":75},{"damage_healed":0,"gold_gain":0,"player_choice":"Joined the Cult","damage_taken":6,"max_hp_gain":0,"max_hp_loss":0,"event_name":"Nest","floor":20,"gold_loss":0,"cards_obtained":["RitualDagger"]},{"damage_healed":0,"gold_gain":0,"player_choice":"Read","damage_taken":0,"max_hp_gain":0,"max_hp_loss":0,"event_name":"The Library","floor":22,"gold_loss":0,"cards_obtained":["Battle Trance"]},{"damage_healed":0,"gold_gain":0,"player_choice":"1 cards matched","damage_taken":0,"max_hp_gain":0,"max_hp_loss":0,"event_name":"Match and Keep!","floor":27,"gold_loss":0,"cards_obtained":["Decay"]},{"damage_healed":0,"gold_gain":0,"player_choice":"1 cards matched","damage_taken":0,"max_hp_gain":0,"max_hp_loss":0,"event_name":"Match and Keep!","floor":27,"gold_loss":0,"cards_obtained":["Decay"]}],"is_beta":false,"boss_relics":[{"not_picked":["White Beast Statue","Calling Bell"],"picked":"Ectoplasm"}],"items_purged_floors":[],"is_endless":false,"potions_floor_spawned":[4,11,13,16,25,28],"killed_by":"Snake Plant","ascension_level":0}