{"gold_per_floor":[112,112,112,130,52,52,77,77,101,121,141,157,173,204,204,303,303,320,201,300,300,310,310,325,325,325,325,342,342,342,342,342,440,440,454,454,454,454,454,454,454,454,477,492,492,345,357,170,170,170],"floor_reached":50,"playtime":1853,"items_purged":["Doubt","Writhe"],"score":546,"play_id":"68295f1a-15b8-4406-8418-e11cfa617f9e","local_time":"20190715222839","is_ascension_mode":false,"campfire_choices":[{"data":"Rupture","floor":6,"key":"SMITH"},{"floor":8,"key":"REST"},{"floor":15,"key":"REST"},{"floor":23,"key":"REST"},{"floor":25,"key":"REST"},{"floor":27,"key":"REST"},{"floor":32,"key":"REST"},{"data":"Limit Break","floor":40,"key":"SMITH"},{"data":"Limit Break","floor":42,"key":"SMITH"},{"floor":49,"key":"REST"}],"neow_cost":"NONE","seed_source_timestamp":446725852224700,"circlet_count":0,"master_deck":["Strike_R+1","Strike_R","Strike_R","Strike_R","Defend_R","Defend_R","Defend_R","Bash","Brutality+1","Dropkick","Pommel Strike","Rupture+1","Disarm","Sword Boomerang","Pommel Strike","Reaper","Limit Break+1","Rupture","Headbutt","Heavy Blade","Rupture","Parasite","Limit Break+1","Whirlwind","Pommel Strike+1","Rupture","Brutality","Heavy Blade+1","Good Instincts","Pommel Strike+1","Rupture"],"relics":["Burning Blood","Sundial","Juzu Bracelet","StoneCalendar","Darkstone Periapt","Incense Burner","Orrery","GremlinMask","Oddly Smooth Stone"],"potions_floor_usage":[13,14,14,16,24,33,47,50,50,50],"damage_taken":[{"damage":13,"enemies":"Jaw Worm","floor":1,"turns":3},{"damage":1,"enemies":"2 Louse","floor":4,"turns":2},{"damage":30,"enemies":"Gremlin Nob","floor":7,"turns":4},{"damage":3,"enemies":"Cultist","floor":10,"turns":3},{"damage":22,"enemies":"Large Slime","floor":11,"turns":5},{"damage":6,"enemies":"Exordium Wildlife","floor":12,"turns":3},{"damage":21,"enemies":"3 Louse","floor":13,"turns":3},{"damage":13,"enemies":"Lagavulin","floor":14,"turns":4},{"damage":17,"enemies":"Hexaghost","floor":16,"turns":9},{"damage":54,"enemies":"Spheric Guardian","floor":18,"turns":6},{"damage":14,"enemies":"Chosen","floor":22,"turns":5},{"damage":35,"enemies":"Snecko","floor":24,"turns":5},{"damage":58,"enemies":"Shelled Parasite and Fungi","floor":28,"turns":6},{"damage":54,"enemies":"Champ","floor":33,"turns":7},{"damage":58,"enemies":"Orb Walker","floor":35,"turns":5},{"damage":81,"enemies":"3 Darklings","floor":44,"turns":6},{"damage":84,"enemies":"Jaw Worm Horde","floor":47,"turns":6},{"damage":100,"enemies":"Awakened One","floor":50,"turns":4}],"seed_played":"-5634864973697471431","potions_obtained":[{"floor":4,"key":"Strength Potion"},{"floor":12,"key":"Block Potion"},{"floor":13,"key":"AttackPotion"},{"floor":14,"key":"EssenceOfSteel"},{"floor":18,"key":"Swift Potion"},{"floor":28,"key":"Strength Potion"},{"floor":47,"key":"Weak Potion"}],"is_trial":false,"path_per_floor":["M","?","?","M","$","R","E","R","T","M","M","M","M","E","R","B",null,"M","$","?","?","M","R","M","R","T","R","M","?","?","?","R","B",null,"M","?","?","?","?","R","?","R","T","M","?","$","M","$","R","B"],"character_chosen":"IRONCLAD","items_purchased":["Rupture","Strength Potion","Rupture","BloodPotion","Rupture","AttackPotion"],"campfire_rested":7,"item_purchase_floors":[5,19,19,46,48,48],"current_hp_per_floor":[73,57,57,62,62,62,38,62,62,65,49,49,34,27,51,45,80,32,32,32,32,24,48,25,49,49,73,21,27,33,63,90,59,92,48,48,48,48,77,77,77,77,77,10,104,104,52,52,83,0],"gold":170,"neow_bonus":"ONE_RANDOM_RARE_CARD","is_prod":false,"is_daily":false,"chose_seed":false,"campfire_upgraded":3,"win_rate":0,"timestamp":1563247719,"path_taken":["M","?","?","?","$","R","E","R","T","M","M","M","M","E","R","BOSS","M","$","?","?","M","R","M","R","T","R","M","?","?","?","R","BOSS","M","?","?","?","?","R","?","R","T","M","?","?","M","$","R","BOSS"],"build_version":"2019-07-05","purchased_purges":2,"victory":false,"max_hp_per_floor":[80,80,80,80,80,80,80,80,80,80,80,80,80,80,80,80,80,80,80,80,80,80,80,80,80,80,80,80,86,92,92,92,92,92,92,92,92,92,98,98,98,98,98,98,104,104,104,104,104,104],"card_choices":[{"not_picked":["Warcry","Clothesline"],"picked":"Dropkick","floor":1},{"not_picked":["Flame Barrier","Anger"],"picked":"Pommel Strike","floor":4},{"not_picked":["Entrench","Perfected Strike","Anger"],"picked":"SKIP","floor":7},{"not_picked":["Bloodletting","Searing Blow"],"picked":"Disarm","floor":10},{"not_picked":["Pommel Strike","Intimidate"],"picked":"Sword Boomerang","floor":11},{"not_picked":["Cleave","Dropkick","Perfected Strike"],"picked":"SKIP","floor":12},{"not_picked":["Warcry","Hemokinesis"],"picked":"Pommel Strike","floor":13},{"not_picked":["Feel No Pain","Infernal Blade"],"picked":"Reaper","floor":14},{"not_picked":["Fiend Fire","Exhume"],"picked":"Limit Break","floor":16},{"not_picked":["Cleave","Warcry","Sever Soul"],"picked":"SKIP","floor":18},{"not_picked":["Havoc","Body Slam"],"picked":"Headbutt","floor":22},{"not_picked":["Havoc","Warcry","Wild Strike"],"picked":"SKIP","floor":24},{"not_picked":["Warcry+1","Uppercut+1"],"picked":"Heavy Blade","floor":28},{"not_picked":["Offering","Feed"],"picked":"Limit Break","floor":33},{"not_picked":["Blood for Blood","Warcry"],"picked":"Whirlwind","floor":34},{"not_picked":["Ghostly Armor","Shrug It Off"],"picked":"Pommel Strike+1","floor":34},{"not_picked":["Warcry+1","Metallicize+1"],"picked":"Rupture","floor":34},{"not_picked":["Iron Wave","True Grit"],"picked":"Brutality","floor":34},{"not_picked":["Perfected Strike+1","Dual Wield+1"],"picked":"Heavy Blade+1","floor":35},{"not_picked":["Chrysalis","Mayhem"],"picked":"Good Instincts","floor":36},{"not_picked":["Perfected Strike","Shrug It Off+1"],"picked":"Pommel Strike+1","floor":44},{"not_picked":["Hemokinesis","Flex","Perfected Strike+1"],"picked":"SKIP","floor":47}],"player_experience":34656,"relics_obtained":[{"floor":7,"key":"Sundial"},{"floor":9,"key":"Juzu Bracelet"},{"floor":14,"key":"StoneCalendar"},{"floor":26,"key":"Darkstone Periapt"},{"floor":43,"key":"Oddly Smooth Stone"}],"event_choices":[{"damage_healed":0,"gold_gain":0,"player_choice":"Entered Light","damage_taken":16,"max_hp_gain":0,"max_hp_loss":0,"event_name":"Shining Light","floor":2,"gold_loss":0,"cards_upgraded":["Strike_R","Brutality"]},{"cards_removed":["Strike_R"],"damage_healed":0,"gold_gain":0,"player_choice":"Took Card","damage_taken":0,"max_hp_gain":0,"max_hp_loss":0,"event_name":"NoteForYourself","floor":3,"gold_loss":0,"cards_obtained":["Strike_R"]},{"damage_healed":0,"gold_gain":99,"player_choice":"Stole From Cult","damage_taken":0,"max_hp_gain":0,"max_hp_loss":0,"event_name":"Nest","floor":20,"gold_loss":0},{"damage_healed":0,"gold_gain":0,"player_choice":"Ignored","damage_taken":0,"max_hp_gain":0,"max_hp_loss":0,"event_name":"Vampires","floor":21,"gold_loss":0},{"damage_healed":0,"gold_gain":0,"player_choice":"Opened","damage_taken":0,"relics_obtained":["Incense Burner"],"max_hp_gain":0,"max_hp_loss":0,"event_name":"The Mausoleum","floor":29,"gold_loss":0,"cards_obtained":["Writhe"]},{"damage_healed":0,"gold_gain":0,"cards_transformed":["Strike_R","Writhe"],"player_choice":"Became Test Subject","damage_taken":0,"max_hp_gain":0,"max_hp_loss":0,"event_name":"Drug Dealer","floor":30,"gold_loss":0,"cards_obtained":["Rupture","Parasite"]},{"damage_healed":30,"gold_gain":0,"player_choice":"Heal","damage_taken":0,"max_hp_gain":0,"max_hp_loss":0,"event_name":"The Library","floor":31,"gold_loss":0},{"damage_healed":0,"gold_gain":0,"player_choice":"Memory 1","damage_taken":0,"max_hp_gain":0,"max_hp_loss":0,"event_name":"SensoryStone","floor":36,"gold_loss":0},{"damage_healed":0,"gold_gain":0,"player_choice":"Ignored","damage_taken":0,"max_hp_gain":0,"max_hp_loss":0,"event_name":"Mysterious Sphere","floor":37,"gold_loss":0},{"cards_removed":["Defend_R"],"damage_healed":0,"gold_gain":0,"player_choice":"Removed Skill","damage_taken":0,"max_hp_gain":0,"max_hp_loss":0,"event_name":"Falling","floor":38,"gold_loss":0},{"damage_healed":23,"gold_gain":0,"player_choice":"Writhe","damage_taken":0,"max_hp_gain":0,"max_hp_loss":0,"event_name":"Winding Halls","floor":39,"gold_loss":0,"cards_obtained":["Writhe"]},{"damage_healed":0,"gold_gain":0,"player_choice":"Trade","damage_taken":0,"relics_obtained":["GremlinMask"],"max_hp_gain":0,"max_hp_loss":0,"event_name":"FaceTrader","floor":41,"gold_loss":0},{"damage_healed":88,"gold_gain":0,"player_choice":"Heal","damage_taken":0,"max_hp_gain":0,"max_hp_loss":0,"event_name":"MindBloom","floor":45,"gold_loss":0,"cards_obtained":["Doubt"]}],"is_beta":false,"boss_relics":[{"not_picked":["Calling Bell","Runic Pyramid","Empty Cage"]},{"not_picked":["Sozu","Philosopher\u0027s Stone"],"picked":"Orrery"}],"items_purged_floors":[46,48],"is_endless":false,"potions_floor_spawned":[4,12,13,14,18,28,47],"killed_by":"Awakened One","ascension_level":0}