{"gold_per_floor":[111,126,205,220,220,220,236,252,279,279,17,33,33,59,59,59],"floor_reached":16,"playtime":831,"items_purged":[],"score":102,"play_id":"6bff34ef-10db-4db6-95b0-7921c0f1d0eb","local_time":"20190715092604","is_ascension_mode":false,"campfire_choices":[{"data":"Flex","floor":6,"key":"SMITH"},{"data":"Heavy Blade","floor":10,"key":"SMITH"},{"floor":13,"key":"REST"},{"floor":15,"key":"REST"}],"neow_cost":"NONE","seed_source_timestamp":400782558648900,"circlet_count":0,"master_deck":["Strike_R","Strike_R","Strike_R","Strike_R","Strike_R","Defend_R","Defend_R","Defend_R","Defend_R","Bash","Heavy Blade+1","Flex+1","Offering","Heavy Blade","Feel No Pain","Whirlwind","Infernal Blade"],"relics":["Burning Blood","Blood Vial","PreservedInsect","Anchor"],"potions_floor_usage":[12,16,16],"damage_taken":[{"damage":3,"enemies":"Jaw Worm","floor":1,"turns":5},{"damage":10,"enemies":"Cultist","floor":2,"turns":4},{"damage":6,"enemies":"Small Slimes","floor":4,"turns":3},{"damage":10,"enemies":"Looter","floor":7,"turns":3},{"damage":10,"enemies":"Blue Slaver","floor":8,"turns":3},{"damage":29,"enemies":"Exordium Thugs","floor":12,"turns":5},{"damage":32,"enemies":"Gremlin Nob","floor":14,"turns":4},{"damage":87,"enemies":"The Guardian","floor":16,"turns":10}],"seed_played":"7529376436150976314","potions_obtained":[{"floor":7,"key":"Fire Potion"},{"floor":8,"key":"Energy Potion"},{"floor":14,"key":"LiquidBronze"}],"is_trial":false,"path_per_floor":["M","M","?","M","?","R","M","M","T","R","$","M","R","E","R","B"],"character_chosen":"IRONCLAD","items_purchased":["PreservedInsect","Feel No Pain","Whirlwind"],"campfire_rested":2,"item_purchase_floors":[11,11,11],"current_hp_per_floor":[88,84,84,84,84,84,80,76,76,76,76,55,81,57,83,0],"gold":59,"neow_bonus":"TEN_PERCENT_HP_BONUS","is_prod":false,"is_daily":false,"chose_seed":false,"campfire_upgraded":2,"win_rate":0,"timestamp":1563200764,"path_taken":["M","M","?","M","?","R","M","?","T","R","$","M","R","E","R","BOSS"],"build_version":"2019-07-05","purchased_purges":0,"victory":false,"max_hp_per_floor":[88,88,88,88,88,88,88,88,88,88,88,88,88,88,88,88],"card_choices":[{"not_picked":["Clothesline","Cleave"],"picked":"Heavy Blade","floor":1},{"not_picked":["Second Wind","Ghostly Armor","Havoc"],"picked":"SKIP","floor":2},{"not_picked":["Searing Blow","Iron Wave"],"picked":"Flex","floor":4},{"not_picked":["Anger","Ghostly Armor","Exhume"],"picked":"SKIP","floor":7},{"not_picked":["Uppercut","Shrug It Off"],"picked":"Heavy Blade","floor":8},{"not_picked":["Power Through","Warcry","Intimidate"],"picked":"SKIP","floor":12},{"not_picked":["Pommel Strike","Havoc"],"picked":"Infernal Blade","floor":14}],"player_experience":33825,"relics_obtained":[{"floor":9,"key":"Blood Vial"},{"floor":14,"key":"Anchor"}],"event_choices":[{"damage_healed":0,"gold_gain":79,"player_choice":"Gained Gold","damage_taken":0,"max_hp_gain":0,"max_hp_loss":0,"event_name":"Golden Wing","floor":3,"gold_loss":0},{"damage_healed":0,"gold_gain":0,"player_choice":"1 cards matched","damage_taken":0,"max_hp_gain":0,"max_hp_loss":0,"event_name":"Match and Keep!","floor":5,"gold_loss":0,"cards_obtained":["Offering"]},{"damage_healed":0,"gold_gain":0,"player_choice":"1 cards matched","damage_taken":0,"max_hp_gain":0,"max_hp_loss":0,"event_name":"Match and Keep!","floor":5,"gold_loss":0,"cards_obtained":["Offering"]}],"is_beta":false,"boss_relics":[],"items_purged_floors":[],"is_endless":false,"potions_floor_spawned":[7,8,14],"killed_by":"The Guardian","ascension_level":0}