{"gold_per_floor":[110,110,126,0,19,52,52,78,78,78,52,69,34,64,64,160,160,175,175,64,82,97,97,125,143,143,143,143,143,161,178,178,178],"floor_reached":33,"playtime":5181,"items_purged":["Strike_R"],"score":302,"play_id":"5f65e352-eeb0-4764-a18f-cbf6499ece1e","local_time":"20190716184120","is_ascension_mode":false,"campfire_choices":[{"floor":7,"key":"REST"},{"data":"Armaments","floor":10,"key":"SMITH"},{"data":"Whirlwind","floor":15,"key":"SMITH"},{"floor":23,"key":"REST"},{"floor":27,"key":"REST"},{"floor":29,"key":"REST"},{"floor":32,"key":"REST"}],"neow_cost":"NONE","seed_source_timestamp":96333729912366,"circlet_count":0,"master_deck":["Strike_R","Strike_R","Strike_R","Defend_R","Defend_R","Defend_R","Defend_R","Bash","Armaments","Iron Wave","Flame Barrier","Whirlwind+1","Armaments+1","Shrug It Off","Rampage","Dark Embrace","Cleave","Berserk","Flex","Infernal Blade","Armaments","Carnage","Thunderclap","Clothesline+1","RitualDagger","Body Slam","Cleave+1"],"relics":["Burning Blood","PreservedInsect","Juzu Bracelet","Pear","Strawberry","Lizard Tail","Ornamental Fan"],"potions_floor_usage":[16,18,18,22,25,25,33],"damage_taken":[{"damage":10,"enemies":"Jaw Worm","floor":1,"turns":8},{"damage":0,"enemies":"Cultist","floor":3,"turns":4},{"damage":0,"enemies":"Small Slimes","floor":5,"turns":4},{"damage":18,"enemies":"Lagavulin","floor":6,"turns":9},{"damage":23,"enemies":"3 Sentries","floor":8,"turns":12},{"damage":19,"enemies":"Exordium Thugs","floor":11,"turns":5},{"damage":8,"enemies":"Large Slime","floor":12,"turns":7},{"damage":72,"enemies":"Slime Boss","floor":16,"turns":14},{"damage":35,"enemies":"Chosen","floor":18,"turns":9},{"damage":20,"enemies":"3 Byrds","floor":21,"turns":6},{"damage":28,"enemies":"Cultist and Chosen","floor":22,"turns":9},{"damage":70,"enemies":"Slavers","floor":24,"turns":8},{"damage":32,"enemies":"Centurion and Healer","floor":25,"turns":10},{"damage":39,"enemies":"Snecko","floor":30,"turns":9},{"damage":33,"enemies":"Chosen and Byrds","floor":31,"turns":7},{"damage":40,"enemies":"Champ","floor":33,"turns":3}],"seed_played":"-2522424501158484507","potions_obtained":[{"floor":6,"key":"GamblersBrew"},{"floor":8,"key":"Swift Potion"},{"floor":16,"key":"GamblersBrew"},{"floor":21,"key":"Weak Potion"},{"floor":22,"key":"AttackPotion"},{"floor":24,"key":"PowerPotion"},{"floor":30,"key":"Strength Potion"},{"floor":31,"key":"Regen Potion"}],"is_trial":false,"path_per_floor":["M","?","M","$","M","E","R","E","T","R","M","M","?","?","R","B",null,"M","?","$","M","M","R","E","M","T","R","?","R","M","M","R","B"],"character_chosen":"IRONCLAD","items_purchased":["Whirlwind","Armaments","Infernal Blade"],"campfire_rested":5,"item_purchase_floors":[4,4,20],"current_hp_per_floor":[76,76,80,80,80,68,80,73,80,80,67,65,89,89,89,23,97,68,68,68,54,32,61,45,19,19,48,42,71,38,11,40,0],"gold":178,"neow_bonus":"RANDOM_COMMON_RELIC","is_prod":false,"is_daily":false,"chose_seed":false,"campfire_upgraded":2,"win_rate":0.0,"timestamp":1563320480,"path_taken":["M","?","M","?","M","E","R","E","T","R","M","M","?","?","R","BOSS","M","?","$","M","M","R","E","M","T","R","?","R","M","M","R","BOSS"],"build_version":"2019-07-05","purchased_purges":1,"victory":false,"max_hp_per_floor":[80,80,80,80,80,80,80,90,97,97,97,97,97,97,97,97,97,97,97,97,97,97,97,97,97,97,97,97,97,97,97,97,97],"card_choices":[{"not_picked":["Pommel Strike","Intimidate"],"picked":"Armaments","floor":1},{"not_picked":["Cleave","Body Slam"],"picked":"Flame Barrier","floor":3},{"not_picked":["Twin Strike","Feel No Pain"],"picked":"Shrug It Off","floor":5},{"not_picked":["Dual Wield","Sword Boomerang"],"picked":"Rampage","floor":6},{"not_picked":["Flame Barrier","Pommel Strike"],"picked":"Dark Embrace","floor":8},{"not_picked":["True Grit","Clash","Sword Boomerang"],"picked":"SKIP","floor":11},{"not_picked":["Bloodletting","Power Through"],"picked":"Cleave","floor":12},{"not_picked":["Bludgeon","Fiend Fire"],"picked":"Berserk","floor":16},{"not_picked":["Armaments","Warcry+1"],"picked":"Flex","floor":18},{"not_picked":["True Grit","Body Slam"],"picked":"Armaments","floor":21},{"not_picked":["Dark Embrace","Perfected Strike"],"picked":"Carnage","floor":22},{"not_picked":["Clash+1","Sword Boomerang"],"picked":"Thunderclap","floor":24},{"not_picked":["Perfected Strike","Headbutt"],"picked":"Clothesline+1","floor":25},{"not_picked":["Clash","Entrench+1"],"picked":"Body Slam","floor":30},{"not_picked":["Thunderclap","Demon Form"],"picked":"Cleave+1","floor":31}],"player_experience":4015,"relics_obtained":[{"floor":6,"key":"Juzu Bracelet"},{"floor":8,"key":"Pear"},{"floor":9,"key":"Strawberry"},{"floor":24,"key":"Ornamental Fan"}],"event_choices":[{"cards_removed":["Strike_R"],"damage_healed":0,"gold_gain":0,"player_choice":"Took Card","damage_taken":0,"max_hp_gain":0,"max_hp_loss":0,"event_name":"NoteForYourself","floor":2,"gold_loss":0,"cards_obtained":["Iron Wave"]},{"damage_healed":24,"gold_gain":0,"player_choice":"Healed","damage_taken":0,"max_hp_gain":0,"max_hp_loss":0,"event_name":"The Cleric","floor":13,"gold_loss":35},{"damage_healed":0,"gold_gain":30,"player_choice":"Searched \u00272\u0027 times","damage_taken":0,"max_hp_gain":0,"max_hp_loss":0,"event_name":"Dead Adventurer","floor":14,"gold_loss":0},{"damage_healed":0,"gold_gain":0,"player_choice":"Ignored","damage_taken":0,"max_hp_gain":0,"max_hp_loss":0,"event_name":"Ghosts","floor":19,"gold_loss":0},{"damage_healed":0,"gold_gain":0,"player_choice":"Joined the Cult","damage_taken":6,"max_hp_gain":0,"max_hp_loss":0,"event_name":"Nest","floor":28,"gold_loss":0,"cards_obtained":["RitualDagger"]}],"is_beta":false,"boss_relics":[{"not_picked":["Black Star","Mark of Pain"],"picked":"Lizard Tail"}],"items_purged_floors":[20],"is_endless":false,"potions_floor_spawned":[6,8,16,21,22,24,30,31],"killed_by":"Champ","ascension_level":0}