{"gold_per_floor":[117,132,146,10,21,21,21,40,40,40,40,17,70,83,83,184,184,196,196,181,181,181,181,96,109,109,109,127,52,66,78,78,175,175,186,199,199,219,18,18,18,34,34,52,0,14,27,43,43,43],"floor_reached":50,"playtime":5276,"items_purged":[],"score":515,"play_id":"148779c7-69ff-4ae3-ac61-dab117dc2ea5","local_time":"20190708122919","is_ascension_mode":false,"campfire_choices":[{"floor":6,"key":"REST"},{"data":"Anger","floor":10,"key":"SMITH"},{"data":"Trip","floor":15,"key":"SMITH"},{"floor":23,"key":"REST"},{"data":"Dual Wield","floor":27,"key":"SMITH"},{"floor":32,"key":"REST"},{"floor":40,"key":"REST"},{"floor":49,"key":"REST"}],"neow_cost":"NONE","seed_source_timestamp":144633628889800,"circlet_count":0,"master_deck":["Strike_R+1","Strike_R+1","Strike_R+1","Strike_R+1","Defend_R+1","Defend_R+1","Defend_R+1","Defend_R+1","Bash","Trip+1","Dropkick","Anger+1","Infernal Blade","Shrug It Off","Inflame","Headbutt","Iron Wave","Clothesline","Anger","Clash","Shrug It Off+1","Dual Wield+1","Pommel Strike+1","Cleave","Perfected Strike","Brutality","Ghostly Armor+1","Warcry+1","Perfected Strike+1","Armaments","Discovery","Headbutt+1","Inflame+1","Armaments+1","Anger","Anger+1"],"relics":["Burning Blood","Happy Flower","Centennial Puzzle","Black Star","Bottled Lightning","Potion Belt","Meat on the Bone","Runic Cube","Shuriken","Red Mask"],"potions_floor_usage":[16,16,30,33,35,46,46,48,50,50,50],"damage_taken":[{"damage":5,"enemies":"2 Louse","floor":1,"turns":3},{"damage":6,"enemies":"Cultist","floor":2,"turns":3},{"damage":10,"enemies":"Small Slimes","floor":3,"turns":3},{"damage":19,"enemies":"Exordium Thugs","floor":5,"turns":6},{"damage":19,"enemies":"3 Louse","floor":8,"turns":4},{"damage":3,"enemies":"Large Slime","floor":14,"turns":3},{"damage":53,"enemies":"Slime Boss","floor":16,"turns":10},{"damage":2,"enemies":"Spheric Guardian","floor":18,"turns":3},{"damage":10,"enemies":"2 Thieves","floor":20,"turns":4},{"damage":11,"enemies":"Centurion and Healer","floor":25,"turns":7},{"damage":42,"enemies":"Chosen and Byrds","floor":28,"turns":7},{"damage":8,"enemies":"Cultist and Chosen","floor":30,"turns":7},{"damage":20,"enemies":"Shelled Parasite and Fungi","floor":31,"turns":3},{"damage":84,"enemies":"Champ","floor":33,"turns":10},{"damage":34,"enemies":"3 Darklings","floor":35,"turns":5},{"damage":7,"enemies":"Orb Walker","floor":36,"turns":3},{"damage":25,"enemies":"Maw","floor":38,"turns":8},{"damage":39,"enemies":"3 Darklings","floor":42,"turns":5},{"damage":18,"enemies":"Jaw Worm Horde","floor":44,"turns":5},{"damage":48,"enemies":"Sphere and 2 Shapes","floor":46,"turns":5},{"damage":21,"enemies":"Transient","floor":47,"turns":5},{"damage":27,"enemies":"3 Darklings","floor":48,"turns":6},{"damage":54,"enemies":"Awakened One","floor":50,"turns":5}],"seed_played":"-8391495948210619945","potions_obtained":[{"floor":3,"key":"Explosive Potion"},{"floor":5,"key":"GamblersBrew"},{"floor":11,"key":"FairyPotion"},{"floor":11,"key":"Block Potion"},{"floor":20,"key":"Dexterity Potion"},{"floor":25,"key":"FearPotion"},{"floor":31,"key":"SteroidPotion"},{"floor":33,"key":"Explosive Potion"},{"floor":36,"key":"Swift Potion"},{"floor":42,"key":"FearPotion"},{"floor":46,"key":"EssenceOfSteel"},{"floor":47,"key":"SteroidPotion"},{"floor":48,"key":"AttackPotion"}],"is_trial":false,"path_per_floor":["M","M","M","$","M","R","?","M","T","R","?","$","T","M","R","B",null,"M","?","M","?","T","R","?","M","T","R","M","?","M","M","R","B",null,"M","M","?","M","$","R","?","M","T","M","?","M","M","M","R","B"],"character_chosen":"IRONCLAD","items_purchased":["Shrug It Off","Inflame","AttackPotion","Anger","Armaments","Discovery","Strength Potion"],"campfire_rested":5,"item_purchase_floors":[4,4,4,12,39,39,39],"current_hp_per_floor":[80,80,76,76,63,80,80,67,67,67,67,67,67,70,70,23,80,80,65,61,61,61,85,85,80,80,80,56,56,54,52,77,26,85,57,56,56,49,49,74,95,62,62,62,62,32,29,20,48,0],"gold":43,"neow_bonus":"RANDOM_COLORLESS","is_prod":false,"is_daily":false,"chose_seed":false,"campfire_upgraded":3,"win_rate":0.0,"timestamp":1562606959,"path_taken":["M","M","M","$","M","R","?","?","T","R","?","$","?","M","R","BOSS","M","?","M","?","?","R","?","?","T","R","M","?","M","M","R","BOSS","M","M","?","M","$","R","?","?","T","M","?","M","M","M","R","BOSS"],"build_version":"2019-07-05","purchased_purges":0,"victory":false,"max_hp_per_floor":[80,80,80,80,80,80,80,80,80,80,80,80,80,80,80,80,80,80,85,85,85,85,85,85,85,85,85,85,85,85,85,85,85,85,85,85,85,85,85,85,95,95,95,95,95,95,95,95,95,95],"card_choices":[{"not_picked":["Thunderclap","Corruption"],"picked":"Dropkick","floor":1},{"not_picked":["Flex","Warcry"],"picked":"Anger","floor":2},{"not_picked":["Sword Boomerang","Headbutt"],"picked":"Infernal Blade","floor":3},{"not_picked":["Warcry","Twin Strike"],"picked":"Headbutt","floor":5},{"not_picked":["Carnage","Pummel"],"picked":"Clothesline","floor":8},{"not_picked":["Bloodletting","Iron Wave"],"picked":"Clash","floor":14},{"not_picked":["Fiend Fire","Juggernaut"],"picked":"Dark Embrace","floor":16},{"not_picked":["Warcry","Sword Boomerang+1"],"picked":"Shrug It Off+1","floor":18},{"not_picked":["Clash","Armaments"],"picked":"Dual Wield","floor":20},{"not_picked":["Reckless Charge","Iron Wave"],"picked":"Pommel Strike+1","floor":25},{"not_picked":["Iron Wave","Headbutt"],"picked":"Impervious","floor":28},{"not_picked":["Sword Boomerang","Combust"],"picked":"Cleave","floor":30},{"not_picked":["Sword Boomerang+1","Pommel Strike"],"picked":"Perfected Strike","floor":31},{"not_picked":["Fiend Fire","Impervious"],"picked":"Brutality","floor":33},{"not_picked":["Infernal Blade+1","Anger+1"],"picked":"Ghostly Armor+1","floor":35},{"not_picked":["Headbutt","Perfected Strike"],"picked":"Warcry+1","floor":36},{"not_picked":["Twin Strike","Power Through"],"picked":"Perfected Strike+1","floor":38},{"not_picked":["Carnage","Flex"],"picked":"Headbutt+1","floor":42},{"not_picked":["Twin Strike","Reaper"],"picked":"Inflame+1","floor":44},{"not_picked":["Sword Boomerang","Disarm"],"picked":"Armaments+1","floor":46},{"not_picked":["Clothesline+1","Body Slam+1"],"picked":"Anger","floor":47},{"not_picked":["Burning Pact+1","Headbutt+1"],"picked":"Anger+1","floor":48}],"player_experience":2709,"relics_obtained":[{"floor":9,"key":"Happy Flower"},{"floor":13,"key":"Centennial Puzzle"},{"floor":22,"key":"Bottled Lightning"},{"floor":26,"key":"Meat on the Bone"},{"floor":43,"key":"Shuriken"}],"event_choices":[{"cards_removed":["Strike_R"],"damage_healed":0,"gold_gain":0,"player_choice":"Took Card","damage_taken":0,"max_hp_gain":0,"max_hp_loss":0,"event_name":"NoteForYourself","floor":7,"gold_loss":0,"cards_obtained":["Iron Wave"]},{"damage_healed":0,"gold_gain":0,"player_choice":"Got Potions","damage_taken":0,"max_hp_gain":0,"max_hp_loss":0,"event_name":"Lab","floor":11,"gold_loss":0},{"damage_healed":0,"gold_gain":0,"player_choice":"Shed Blood","damage_taken":20,"max_hp_gain":5,"max_hp_loss":0,"event_name":"Forgotten Altar","floor":19,"gold_loss":0},{"damage_healed":0,"gold_gain":0,"player_choice":"Simplicity","damage_taken":0,"max_hp_gain":0,"max_hp_loss":0,"event_name":"Back to Basics","floor":21,"gold_loss":0,"cards_upgraded":["Strike_R","Strike_R","Strike_R","Strike_R","Defend_R","Defend_R","Defend_R","Defend_R"]},{"damage_healed":0,"gold_gain":0,"player_choice":"Obtained Relic","damage_taken":0,"relics_obtained":["Potion Belt"],"max_hp_gain":0,"max_hp_loss":0,"event_name":"Addict","floor":24,"gold_loss":85},{"cards_removed":["Dark Embrace"],"damage_healed":0,"gold_gain":0,"player_choice":"Gave Gold","damage_taken":0,"max_hp_gain":0,"max_hp_loss":0,"event_name":"Beggar","floor":29,"gold_loss":75},{"damage_healed":0,"gold_gain":0,"player_choice":"Ignored","damage_taken":0,"max_hp_gain":0,"max_hp_loss":0,"event_name":"Mysterious Sphere","floor":37,"gold_loss":0},{"cards_removed":["Impervious"],"damage_healed":11,"gold_gain":0,"player_choice":"Offered Rare","damage_taken":0,"max_hp_gain":10,"max_hp_loss":0,"event_name":"Bonfire Elementals","floor":41,"gold_loss":0},{"damage_healed":0,"gold_gain":0,"player_choice":"Paid","damage_taken":0,"relics_obtained":["Red Mask"],"max_hp_gain":0,"max_hp_loss":0,"event_name":"Tomb of Lord Red Mask","floor":45,"gold_loss":52}],"is_beta":false,"boss_relics":[{"not_picked":["Eternal Feather","Coffee Dripper"],"picked":"Black Star"},{"not_picked":["Philosopher\u0027s Stone","Lizard Tail"],"picked":"Runic Cube"}],"items_purged_floors":[],"is_endless":false,"potions_floor_spawned":[3,5,20,25,31,33,36,42,46,47,48],"killed_by":"Awakened One","ascension_level":0}