{"gold_per_floor":[110,110,121,121,121,156,167,167,167,177,26,26,26,36,36,133,133,114,133,133,147,62,62,79,79,79,98,112,112,112],"floor_reached":30,"playtime":1183,"items_purged":["Regret"],"score":232,"play_id":"6416c506-5375-4a1c-b184-11ff33c86ec8","local_time":"20190716175749","is_ascension_mode":false,"campfire_choices":[{"floor":8,"key":"REST"},{"floor":15,"key":"REST"},{"floor":23,"key":"REST"},{"floor":25,"key":"REST"}],"neow_cost":"NONE","seed_source_timestamp":517549462736500,"circlet_count":0,"master_deck":["Strike_R","Strike_R","Strike_R","Strike_R","Defend_R","Defend_R","Defend_R","Defend_R","Bash","Madness","Disarm","Flex","Dark Embrace","Inflame","Flex","Corruption+1","Sever Soul","Fiend Fire","Clumsy","Decay","Havoc","Ghostly Armor","Iron Wave","Writhe","Sentinel+1","Headbutt+1","Havoc","Purity"],"relics":["Burning Blood","Dodecahedron","Pantograph","Kunai","Calipers","Calling Bell","PreservedInsect","Meat on the Bone","Nunchaku","Champion Belt","Molten Egg 2"],"potions_floor_usage":[16,18,19,21,27],"damage_taken":[{"damage":1,"enemies":"Jaw Worm","floor":1,"turns":5},{"damage":6,"enemies":"Small Slimes","floor":3,"turns":4},{"damage":54,"enemies":"3 Sentries","floor":6,"turns":11},{"damage":10,"enemies":"2 Louse","floor":7,"turns":3},{"damage":19,"enemies":"Looter","floor":10,"turns":4},{"damage":17,"enemies":"Large Slime","floor":14,"turns":7},{"damage":44,"enemies":"Slime Boss","floor":16,"turns":13},{"damage":42,"enemies":"2 Thieves","floor":18,"turns":4},{"damage":35,"enemies":"3 Byrds","floor":19,"turns":7},{"damage":29,"enemies":"Snecko","floor":21,"turns":7},{"damage":5,"enemies":"Snake Plant","floor":24,"turns":5},{"damage":51,"enemies":"Shelled Parasite and Fungi","floor":27,"turns":7},{"damage":3,"enemies":"Snecko","floor":28,"turns":3},{"damage":33,"enemies":"Sentry and Sphere","floor":30,"turns":4}],"seed_played":"6176589027973489626","potions_obtained":[{"floor":3,"key":"EssenceOfSteel"},{"floor":16,"key":"EntropicBrew"},{"floor":18,"key":"Block Potion"},{"floor":24,"key":"Poison Potion"},{"floor":27,"key":"Poison Potion"}],"is_trial":false,"path_per_floor":["M","?","M","?","T","E","M","R","T","M","$","?","$","M","R","B",null,"M","M","?","M","?","R","M","R","T","M","M","?","M"],"character_chosen":"IRONCLAD","items_purchased":["Corruption"],"campfire_rested":4,"item_purchase_floors":[11],"current_hp_per_floor":[80,80,80,80,80,32,28,52,52,39,39,39,39,28,52,39,80,56,39,39,28,28,52,53,77,77,44,47,31,0],"gold":112,"neow_bonus":"RANDOM_COLORLESS","is_prod":false,"is_daily":false,"chose_seed":false,"campfire_upgraded":0,"win_rate":0,"timestamp":1563317869,"path_taken":["M","?","M","?","?","E","M","R","T","M","$","?","?","M","R","BOSS","M","M","?","M","?","R","M","R","T","M","M","?","?"],"build_version":"2019-07-05","purchased_purges":1,"victory":false,"max_hp_per_floor":[80,80,80,80,80,80,80,80,80,80,80,80,80,80,80,80,80,80,80,80,80,80,80,80,80,80,80,80,80,80],"card_choices":[{"not_picked":["Anger","Clash"],"picked":"Disarm","floor":1},{"not_picked":["Warcry","Rage"],"picked":"Flex","floor":3},{"not_picked":["Carnage","Battle Trance"],"picked":"Dark Embrace","floor":6},{"not_picked":["Cleave","Body Slam"],"picked":"Inflame","floor":7},{"not_picked":["Armaments","Fire Breathing"],"picked":"Flex","floor":10},{"not_picked":["Wild Strike","Iron Wave"],"picked":"Sever Soul","floor":14},{"not_picked":["Bludgeon","Brutality"],"picked":"Fiend Fire","floor":16},{"not_picked":["Thunderclap","Rampage"],"picked":"Havoc","floor":18},{"not_picked":["Warcry","Twin Strike+1"],"picked":"Ghostly Armor","floor":19},{"not_picked":["True Grit","Uppercut"],"picked":"Sentinel+1","floor":21},{"not_picked":["Body Slam","Clothesline","Thunderclap"],"picked":"SKIP","floor":24},{"not_picked":["Reaper+1","Flex"],"picked":"Headbutt+1","floor":27},{"not_picked":["Iron Wave+1","Spot Weakness+1"],"picked":"Havoc","floor":28}],"player_experience":37742,"relics_obtained":[{"floor":5,"key":"Pantograph"},{"floor":6,"key":"Kunai"},{"floor":9,"key":"Calipers"},{"floor":17,"key":"PreservedInsect"},{"floor":17,"key":"Meat on the Bone"},{"floor":17,"key":"Nunchaku"},{"floor":26,"key":"Molten Egg 2"}],"event_choices":[{"damage_healed":0,"gold_gain":0,"player_choice":"Leave","damage_taken":0,"max_hp_gain":0,"max_hp_loss":0,"event_name":"The Cleric","floor":2,"gold_loss":0},{"damage_healed":0,"gold_gain":0,"player_choice":"Box","damage_taken":0,"relics_obtained":["Dodecahedron"],"max_hp_gain":0,"max_hp_loss":0,"event_name":"Big Fish","floor":4,"gold_loss":0,"cards_obtained":["Regret"]},{"damage_healed":0,"gold_gain":0,"player_choice":"Grow","damage_taken":0,"max_hp_gain":0,"max_hp_loss":0,"event_name":"Living Wall","floor":12,"gold_loss":0,"cards_upgraded":["Corruption"]},{"damage_healed":0,"gold_gain":0,"cards_transformed":["Strike_R","Regret"],"player_choice":"Became Test Subject","damage_taken":0,"max_hp_gain":0,"max_hp_loss":0,"event_name":"Drug Dealer","floor":20,"gold_loss":0,"cards_obtained":["Iron Wave","Writhe"]},{"damage_healed":0,"gold_gain":0,"player_choice":"Obtained Relic","damage_taken":0,"relics_obtained":["Champion Belt"],"max_hp_gain":0,"max_hp_loss":0,"event_name":"Addict","floor":22,"gold_loss":85},{"damage_healed":0,"gold_gain":0,"player_choice":"CARD ","damage_taken":16,"max_hp_gain":0,"max_hp_loss":0,"event_name":"Knowing Skull","floor":29,"potions_obtained":[],"gold_loss":0,"cards_obtained":["Purity"]}],"is_beta":false,"boss_relics":[{"not_picked":["Lizard Tail","Sozu"],"picked":"Calling Bell"}],"items_purged_floors":[11],"is_endless":false,"potions_floor_spawned":[3,16,18,24,27],"killed_by":"Sentry and Sphere","ascension_level":0}