{"gold_per_floor":[110,126,301,315,265,294,294,294,294,372,372,372,384,253,253,353,353,364,3,3,3,3,3,3,22,22,33,46,46,46,46],"floor_reached":31,"playtime":1919,"items_purged":[],"score":256,"play_id":"0e689494-7c8c-4233-bdc8-6019870f2d4f","local_time":"20190710204125","is_ascension_mode":false,"campfire_choices":[{"floor":12,"key":"REST"},{"floor":15,"key":"REST"},{"floor":24,"key":"REST"},{"floor":29,"key":"REST"}],"neow_cost":"NONE","seed_source_timestamp":8188360140300,"circlet_count":0,"master_deck":["Strike_R","Strike_R","Strike_R","Strike_R","Strike_R","Defend_R","Defend_R","Defend_R","Defend_R","Bash","Armaments","Iron Wave","Shrug It Off","Inflame","Armaments","Metallicize","Flex","Demon Form","Metallicize","Apotheosis","Armaments","Heavy Blade","Heavy Blade","Armaments+1","Metallicize+1","Barricade"],"relics":["Burning Blood","NeowsBlessing","Pear","Torii","Ornamental Fan","Question Card","White Beast Statue","Dream Catcher","Enchiridion","Gremlin Horn"],"potions_floor_usage":[6,16,16,27,28,28,28,30],"damage_taken":[{"damage":0,"enemies":"2 Louse","floor":1,"turns":1},{"damage":0,"enemies":"Small Slimes","floor":2,"turns":1},{"damage":0,"enemies":"Cultist","floor":4,"turns":1},{"damage":78,"enemies":"Gremlin Nob","floor":6,"turns":7},{"damage":18,"enemies":"Large Slime","floor":13,"turns":8},{"damage":66,"enemies":"Hexaghost","floor":16,"turns":16},{"damage":35,"enemies":"Spheric Guardian","floor":18,"turns":8},{"damage":21,"enemies":"Chosen","floor":25,"turns":7},{"damage":2,"enemies":"Snecko","floor":27,"turns":4},{"damage":39,"enemies":"3 Cultists","floor":28,"turns":7},{"damage":48,"enemies":"Colosseum Slavers","floor":30,"turns":10},{"damage":52,"enemies":"Cultist and Chosen","floor":31,"turns":6}],"seed_played":"-1721423381767622544","potions_obtained":[{"floor":2,"key":"Energy Potion"},{"floor":11,"key":"SmokeBomb"},{"floor":11,"key":"SneckoOil"},{"floor":11,"key":"Swift Potion"},{"floor":16,"key":"SkillPotion"},{"floor":18,"key":"BloodPotion"},{"floor":25,"key":"Fire Potion"},{"floor":27,"key":"Energy Potion"},{"floor":28,"key":"Regen Potion"}],"is_trial":false,"path_per_floor":["M","M","?","M","?","E","?","?","T","T","?","R","M","$","R","B",null,"M","$","?","$","?","?","R","M","T","M","M","R","?","M"],"character_chosen":"IRONCLAD","items_purchased":["Metallicize","Flex","Apotheosis","Dream Catcher","Armaments"],"campfire_rested":4,"item_purchase_floors":[14,14,19,19,19],"current_hp_per_floor":[80,80,80,80,80,18,48,36,36,36,36,63,51,51,78,18,90,61,61,45,45,45,45,72,57,57,83,50,77,50,0],"gold":46,"neow_bonus":"THREE_ENEMY_KILL","is_prod":false,"is_daily":false,"chose_seed":false,"campfire_upgraded":0,"win_rate":0,"timestamp":1562809285,"path_taken":["M","M","?","M","?","E","?","?","T","?","?","R","?","$","R","BOSS","M","$","?","$","?","?","R","M","T","M","M","R","?","M"],"build_version":"2019-07-05","purchased_purges":0,"victory":false,"max_hp_per_floor":[80,80,80,80,80,90,90,90,90,90,90,90,90,90,90,90,90,90,90,90,90,90,90,90,90,90,90,90,90,90,90],"card_choices":[{"not_picked":["Headbutt","Power Through"],"picked":"Armaments","floor":1},{"not_picked":["Body Slam","Evolve"],"picked":"Iron Wave","floor":2},{"not_picked":["Warcry","Dropkick"],"picked":"Shrug It Off","floor":4},{"not_picked":["Bloodletting","Iron Wave"],"picked":"Inflame","floor":6},{"not_picked":["Shrug It Off","Searing Blow","Perfected Strike"],"picked":"Armaments","floor":13},{"not_picked":["Dark Embrace","Offering","Berserk"],"picked":"Demon Form","floor":16},{"not_picked":["Heavy Blade","Body Slam","Twin Strike"],"picked":"Metallicize","floor":18},{"not_picked":["True Grit+1","Rupture","Searing Blow"],"picked":"Heavy Blade","floor":24},{"not_picked":["Infernal Blade","Anger","Burning Pact"],"picked":"Heavy Blade","floor":25},{"not_picked":["Shockwave","Cleave","Heavy Blade"],"picked":"Armaments+1","floor":27},{"not_picked":["Sword Boomerang","Rage+1","Spot Weakness+1"],"picked":"Metallicize+1","floor":28},{"not_picked":["Flame Barrier","Armaments","Perfected Strike"],"picked":"Barricade","floor":29}],"player_experience":20261,"relics_obtained":[{"floor":6,"key":"Pear"},{"floor":9,"key":"Ornamental Fan"},{"floor":10,"key":"Question Card"},{"floor":20,"key":"Enchiridion"},{"floor":26,"key":"Gremlin Horn"}],"event_choices":[{"damage_healed":0,"gold_gain":175,"player_choice":"AGREE","damage_taken":0,"max_hp_gain":0,"max_hp_loss":0,"event_name":"Liars Game","floor":3,"gold_loss":0,"cards_obtained":["Doubt"]},{"cards_removed":["Doubt"],"damage_healed":0,"gold_gain":0,"player_choice":"Card Removal","damage_taken":0,"max_hp_gain":0,"max_hp_loss":0,"event_name":"The Cleric","floor":5,"gold_loss":50},{"damage_healed":30,"gold_gain":0,"player_choice":"Banana","damage_taken":0,"max_hp_gain":0,"max_hp_loss":0,"event_name":"Big Fish","floor":7,"gold_loss":0},{"damage_healed":0,"gold_gain":0,"player_choice":"Success","damage_taken":12,"relics_obtained":["Torii"],"max_hp_gain":0,"max_hp_loss":0,"event_name":"Scrap Ooze","floor":8,"gold_loss":0},{"damage_healed":0,"gold_gain":0,"player_choice":"Got Potions","damage_taken":0,"max_hp_gain":0,"max_hp_loss":0,"event_name":"Lab","floor":11,"gold_loss":0},{"damage_healed":0,"gold_gain":0,"player_choice":"Obtained Book","damage_taken":16,"max_hp_gain":0,"max_hp_loss":0,"event_name":"Cursed Tome","floor":20,"gold_loss":0},{"damage_healed":0,"gold_gain":0,"player_choice":"Ignored","damage_taken":0,"max_hp_gain":0,"max_hp_loss":0,"event_name":"Vampires","floor":23,"gold_loss":0},{"damage_healed":0,"gold_gain":0,"player_choice":"Fight","damage_taken":0,"max_hp_gain":0,"max_hp_loss":0,"event_name":"Colosseum","floor":30,"gold_loss":0},{"damage_healed":0,"gold_gain":0,"player_choice":"Fled From Nobs","damage_taken":0,"max_hp_gain":0,"max_hp_loss":0,"event_name":"Colosseum","floor":30,"gold_loss":0}],"is_beta":false,"boss_relics":[{"not_picked":["Astrolabe","Ectoplasm"],"picked":"White Beast Statue"}],"items_purged_floors":[],"is_endless":false,"potions_floor_spawned":[2,16,18,25,27,28,30],"killed_by":"Cultist and Chosen","ascension_level":0}