{"gold_per_floor":[11,11,86,104,54,54,54,29,29,29,43,64,64,84,84,213,276,297,297,321,321,321],"floor_reached":22,"playtime":3108,"items_purged":[],"score":174,"play_id":"d9186fcf-46e4-48b5-8352-813aca34f26a","local_time":"20190713155458","is_ascension_mode":false,"campfire_choices":[{"data":"Double Energy","floor":6,"key":"SMITH"},{"floor":13,"key":"REST"},{"floor":15,"key":"REST"}],"neow_cost":"NO_GOLD","seed_source_timestamp":308903249842500,"circlet_count":0,"master_deck":["Strike_B","Strike_B","Defend_B","Defend_B","Defend_B","Defend_B","Zap+1","Dualcast","Dark Shackles","Trip","Hologram","Double Energy+1","Turbo","Chill","Go for the Eyes","Rebound","Echo Form","Sweeping Beam","Steam Power+1","Auto Shields"],"relics":["Cracked Core","Golden Idol","Matryoshka","Tiny House","Incense Burner"],"potions_floor_usage":[16,16,16,22],"damage_taken":[{"damage":0,"enemies":"Jaw Worm","floor":1,"turns":3},{"damage":0,"enemies":"Small Slimes","floor":4,"turns":2},{"damage":0,"enemies":"2 Louse","floor":11,"turns":3},{"damage":19,"enemies":"Large Slime","floor":12,"turns":10},{"damage":1,"enemies":"Looter","floor":14,"turns":3},{"damage":69,"enemies":"The Guardian","floor":16,"turns":16},{"damage":5,"enemies":"2 Thieves","floor":18,"turns":4},{"damage":24,"enemies":"3 Byrds","floor":20,"turns":5},{"damage":60,"enemies":"3 Cultists","floor":22,"turns":6}],"seed_played":"-5407440533400809212","potions_obtained":[{"floor":1,"key":"Weak Potion"},{"floor":11,"key":"Weak Potion"},{"floor":12,"key":"Regen Potion"},{"floor":17,"key":"Regen Potion"},{"floor":18,"key":"Fire Potion"}],"is_trial":false,"path_per_floor":["M","?","?","M","?","R","?","$","T","$","M","M","R","M","R","B",null,"M","?","M","?","M"],"character_chosen":"DEFECT","items_purchased":["Turbo"],"campfire_rested":2,"item_purchase_floors":[8],"current_hp_per_floor":[75,57,46,46,46,46,39,39,39,39,39,20,42,41,63,6,80,75,75,51,51,0],"gold":321,"neow_bonus":"RANDOM_COLORLESS_2","is_prod":false,"is_daily":false,"chose_seed":false,"campfire_upgraded":1,"win_rate":0.0,"timestamp":1563047698,"path_taken":["M","?","?","M","?","R","?","?","T","$","M","M","R","M","R","BOSS","M","?","M","?","M"],"build_version":"2019-07-05","purchased_purges":0,"victory":false,"max_hp_per_floor":[75,75,75,75,75,75,75,75,75,75,75,75,75,75,75,75,80,80,80,80,80,80],"card_choices":[{"not_picked":["Cold Snap","Sweeping Beam"],"picked":"Hologram","floor":1},{"not_picked":["Force Field","Stack"],"picked":"Double Energy","floor":4},{"not_picked":["Rebound","Barrage"],"picked":"Chill","floor":11},{"not_picked":["Genetic Algorithm","Rebound"],"picked":"Go for the Eyes","floor":12},{"not_picked":["Steam","Hologram"],"picked":"Rebound","floor":14},{"not_picked":["Reboot","Buffer"],"picked":"Echo Form","floor":16},{"not_picked":["Steam","Leap"],"picked":"Sweeping Beam","floor":17},{"not_picked":["Consume","Stack+1","Steam"],"picked":"SKIP","floor":18},{"not_picked":["Conserve Battery+1","Ball Lightning"],"picked":"Steam Power+1","floor":20}],"player_experience":69842,"relics_obtained":[{"floor":9,"key":"Matryoshka"}],"event_choices":[{"damage_healed":0,"gold_gain":0,"player_choice":"Take Damage","damage_taken":18,"relics_obtained":["Golden Idol"],"max_hp_gain":0,"max_hp_loss":0,"event_name":"Golden Idol","floor":2,"gold_loss":0},{"damage_healed":0,"gold_gain":75,"player_choice":"Gather Gold","damage_taken":11,"max_hp_gain":0,"max_hp_loss":0,"event_name":"World of Goop","floor":3,"gold_loss":0},{"cards_removed":["Strike_B"],"damage_healed":0,"gold_gain":0,"player_choice":"Card Removal","damage_taken":0,"max_hp_gain":0,"max_hp_loss":0,"event_name":"The Cleric","floor":5,"gold_loss":50},{"cards_removed":["Strike_B"],"damage_healed":0,"gold_gain":0,"player_choice":"Card Removal","damage_taken":7,"max_hp_gain":0,"max_hp_loss":0,"event_name":"Golden Wing","floor":7,"gold_loss":0},{"damage_healed":0,"gold_gain":0,"player_choice":"Opened","damage_taken":0,"relics_obtained":["Incense Burner"],"max_hp_gain":0,"max_hp_loss":0,"event_name":"The Mausoleum","floor":19,"gold_loss":0},{"damage_healed":0,"gold_gain":0,"player_choice":"Read","damage_taken":0,"max_hp_gain":0,"max_hp_loss":0,"event_name":"The Library","floor":21,"gold_loss":0,"cards_obtained":["Auto Shields"]}],"is_beta":false,"boss_relics":[{"not_picked":["Snecko Eye","White Beast Statue"],"picked":"Tiny House"}],"items_purged_floors":[],"is_endless":false,"potions_floor_spawned":[1,11,12,14,18],"killed_by":"3 Cultists","ascension_level":0}