{"gold_per_floor":[13,13,13,13,25,25,39,87,87,87,105,118,118,128,128,223,223,242,0,19,19,19,19,33,33,33,33,52,72,72,88,88,189,189,209,221,221,1220,1220,1220,987,1005,1005,1005,1018,1018,1032,1047,1047,1047],"floor_reached":51,"playtime":6128,"items_purged":["Normality"],"score":666,"play_id":"3668b9d2-8a67-4413-9690-1ff5f6ac20be","local_time":"20190709225743","is_ascension_mode":false,"campfire_choices":[{"data":"Perfected Strike","floor":6,"key":"SMITH"},{"data":"Perfected Strike","floor":15,"key":"SMITH"},{"data":"Perfected Strike","floor":23,"key":"SMITH"},{"data":"Pommel Strike","floor":27,"key":"SMITH"},{"data":"Shrug It Off","floor":32,"key":"SMITH"},{"floor":46,"key":"REST"},{"data":"Strike_R","floor":49,"key":"SMITH"}],"neow_cost":"NO_GOLD","seed_source_timestamp":468306557595300,"circlet_count":0,"master_deck":["Strike_R","Strike_R","Strike_R","Strike_R","Strike_R+1","Defend_R","Defend_R","Shrug It Off+1","Reckless Charge+1","Iron Wave+1","Reaper","Perfected Strike+1","Perfected Strike+1","Inflame","Shrug It Off+1","Perfected Strike+1","Pommel Strike+1","Bloodletting+1","Flex+1","Flex+1","Perfected Strike+1","Shrug It Off+1","Madness+1","Madness+1","Normality","Purity+1","Dual Wield+1","Forethought+1","Infernal Blade+1"],"relics":["Burning Blood","Bag of Marbles","Toxic Egg 2","Philosopher\u0027s Stone","Red Skull","Frozen Egg 2","Kunai","Runic Pyramid","Charon\u0027s Ashes"],"potions_floor_usage":[13,16,16,31,33,50,50,50],"damage_taken":[{"damage":15,"enemies":"Jaw Worm","floor":1,"turns":4},{"damage":0,"enemies":"2 Louse","floor":5,"turns":3},{"damage":0,"enemies":"Cultist","floor":7,"turns":2},{"damage":0,"enemies":"Exordium Thugs","floor":11,"turns":3},{"damage":1,"enemies":"2 Fungi Beasts","floor":12,"turns":3},{"damage":0,"enemies":"Large Slime","floor":14,"turns":3},{"damage":62,"enemies":"The Guardian","floor":16,"turns":9},{"damage":11,"enemies":"Shell Parasite","floor":18,"turns":3},{"damage":4,"enemies":"Spheric Guardian","floor":20,"turns":3},{"damage":16,"enemies":"Snake Plant","floor":24,"turns":2},{"damage":0,"enemies":"Snecko","floor":28,"turns":2},{"damage":11,"enemies":"Cultist and Chosen","floor":29,"turns":4},{"damage":5,"enemies":"3 Cultists","floor":31,"turns":4},{"damage":60,"enemies":"Collector","floor":33,"turns":4},{"damage":22,"enemies":"3 Darklings","floor":35,"turns":4},{"damage":3,"enemies":"3 Shapes","floor":36,"turns":2},{"damage":8,"enemies":"Writhing Mass","floor":42,"turns":2},{"damage":0,"enemies":"Sphere and 2 Shapes","floor":45,"turns":3},{"damage":15,"enemies":"Jaw Worm Horde","floor":47,"turns":2},{"damage":3,"enemies":"4 Shapes","floor":48,"turns":3},{"damage":87,"enemies":"Awakened One","floor":50,"turns":9}],"seed_played":"7739980704147541089","potions_obtained":[{"floor":7,"key":"Explosive Potion"},{"floor":11,"key":"BloodPotion"},{"floor":13,"key":"Fire Potion"},{"floor":13,"key":"Fruit Juice"},{"floor":13,"key":"BloodPotion"},{"floor":16,"key":"GamblersBrew"},{"floor":18,"key":"FearPotion"},{"floor":28,"key":"Regen Potion"},{"floor":31,"key":"SpeedPotion"},{"floor":42,"key":"Explosive Potion"},{"floor":48,"key":"Dexterity Potion"}],"is_trial":false,"path_per_floor":["M","?","$","?","M","R","M","T","T","?","M","M","?","M","R","B",null,"M","?","M","?","$","R","M","?","T","R","M","M","T","M","R","B",null,"M","M","?","?","?","?","$","M","T","?","M","R","M","M","R","B",null],"character_chosen":"IRONCLAD","items_purchased":["Dual Wield+1","Forethought+1"],"campfire_rested":1,"item_purchase_floors":[41,41],"current_hp_per_floor":[71,71,71,71,80,80,80,80,80,80,80,80,85,85,85,56,85,80,80,82,85,85,85,75,75,75,75,81,76,76,85,85,31,85,69,72,61,61,61,61,61,59,59,59,65,85,76,85,85,9],"gold":1047,"neow_bonus":"TRANSFORM_TWO_CARDS","is_prod":false,"is_daily":false,"chose_seed":false,"campfire_upgraded":6,"win_rate":0.0,"timestamp":1562727463,"path_taken":["M","?","$","?","M","R","?","?","T","?","M","?","?","M","R","BOSS","M","?","M","?","$","R","?","?","T","R","?","M","?","?","R","BOSS","M","M","?","?","?","?","$","M","T","?","M","R","?","M","R","BOSS"],"build_version":"2019-07-05","purchased_purges":1,"victory":true,"max_hp_per_floor":[80,80,80,80,80,80,80,80,80,80,80,80,85,85,85,85,85,85,85,85,85,85,85,85,85,85,85,85,85,85,85,85,85,85,85,85,85,85,85,85,85,85,85,85,85,85,85,85,85,85],"card_choices":[{"not_picked":["Perfected Strike","Disarm"],"picked":"Iron Wave","floor":1},{"not_picked":["Entrench","Body Slam"],"picked":"Perfected Strike","floor":5},{"not_picked":["Sever Soul","Twin Strike"],"picked":"Perfected Strike","floor":7},{"not_picked":["Flex+1","Clothesline"],"picked":"Inflame","floor":11},{"not_picked":["Whirlwind","Dropkick"],"picked":"Carnage","floor":12},{"not_picked":["Iron Wave","Thunderclap"],"picked":"Shrug It Off+1","floor":14},{"not_picked":["Warcry+1","Pommel Strike"],"picked":"Perfected Strike","floor":18},{"not_picked":["Rage+1","Dual Wield+1"],"picked":"Pommel Strike","floor":20},{"not_picked":["Uppercut+1","Barricade"],"picked":"Bloodletting+1","floor":24},{"not_picked":["Sword Boomerang","Intimidate+1"],"picked":"Flex+1","floor":28},{"not_picked":["Dropkick","Iron Wave","Headbutt"],"picked":"SKIP","floor":29},{"not_picked":["Twin Strike","Headbutt"],"picked":"Flex+1","floor":31},{"not_picked":["Fiend Fire","Feed"],"picked":"Berserk+1","floor":33},{"not_picked":["Pummel+1","Spot Weakness+1"],"picked":"Perfected Strike+1","floor":35},{"not_picked":["Thunderclap","Combust+1"],"picked":"Shrug It Off+1","floor":36},{"not_picked":["Deep Breath+1","Finesse+1"],"picked":"Purity+1","floor":39},{"not_picked":["Body Slam+1","Pommel Strike","Flex+1"],"picked":"SKIP","floor":42},{"not_picked":["Fire Breathing+1","Flex+1","Power Through+1"],"picked":"SKIP","floor":45},{"not_picked":["Warcry+1","Iron Wave+1","Body Slam+1"],"picked":"SKIP","floor":47},{"not_picked":["Twin Strike","Flame Barrier+1"],"picked":"Infernal Blade+1","floor":48}],"player_experience":19682,"relics_obtained":[{"floor":8,"key":"Bag of Marbles"},{"floor":9,"key":"Toxic Egg 2"},{"floor":26,"key":"Frozen Egg 2"},{"floor":30,"key":"Kunai"},{"floor":43,"key":"Charon\u0027s Ashes"}],"event_choices":[{"damage_healed":0,"gold_gain":0,"cards_transformed":["Defend_R"],"player_choice":"Change","damage_taken":0,"max_hp_gain":0,"max_hp_loss":0,"event_name":"Living Wall","floor":2,"gold_loss":0,"cards_obtained":["Reaper"]},{"damage_healed":0,"gold_gain":0,"player_choice":"Upgraded","damage_taken":0,"max_hp_gain":0,"max_hp_loss":0,"event_name":"Upgrade Shrine","floor":4,"gold_loss":0,"cards_upgraded":["Iron Wave"]},{"damage_healed":0,"gold_gain":0,"player_choice":"Ignored","damage_taken":0,"max_hp_gain":0,"max_hp_loss":0,"event_name":"Liars Game","floor":10,"gold_loss":0},{"damage_healed":0,"gold_gain":0,"player_choice":"Got Potions","damage_taken":0,"max_hp_gain":0,"max_hp_loss":0,"event_name":"Lab","floor":13,"gold_loss":0},{"damage_healed":0,"gold_gain":0,"player_choice":"Paid Fearfully","damage_taken":0,"max_hp_gain":0,"max_hp_loss":0,"event_name":"Masked Bandits","floor":19,"gold_loss":242},{"cards_removed":["Carnage"],"damage_healed":3,"gold_gain":0,"player_choice":"Offered Uncommon","damage_taken":0,"max_hp_gain":0,"max_hp_loss":0,"event_name":"Bonfire Elementals","floor":21,"gold_loss":0},{"damage_healed":0,"gold_gain":0,"player_choice":"Gave Potion","damage_taken":0,"relics_obtained":["Red Skull"],"max_hp_gain":0,"max_hp_loss":0,"event_name":"WeMeetAgain","floor":25,"gold_loss":0},{"damage_healed":0,"gold_gain":0,"player_choice":"Embrace Madness","damage_taken":11,"max_hp_gain":0,"max_hp_loss":0,"event_name":"Winding Halls","floor":37,"gold_loss":0,"cards_obtained":["Madness","Madness"]},{"damage_healed":0,"gold_gain":999,"player_choice":"Gold","damage_taken":0,"max_hp_gain":0,"max_hp_loss":0,"event_name":"MindBloom","floor":38,"gold_loss":0,"cards_obtained":["Normality","Normality"]},{"damage_healed":0,"gold_gain":0,"player_choice":"Memory 1","damage_taken":0,"max_hp_gain":0,"max_hp_loss":0,"event_name":"SensoryStone","floor":39,"gold_loss":0},{"cards_removed":["Berserk"],"damage_healed":0,"gold_gain":0,"player_choice":"Removed Power","damage_taken":0,"max_hp_gain":0,"max_hp_loss":0,"event_name":"Falling","floor":40,"gold_loss":0},{"damage_healed":0,"gold_gain":0,"player_choice":"Forge","damage_taken":0,"max_hp_gain":0,"max_hp_loss":0,"event_name":"Accursed Blacksmith","floor":44,"gold_loss":0,"cards_upgraded":["Reckless Charge"]}],"is_beta":false,"boss_relics":[{"not_picked":["Black Star","Runic Dome"],"picked":"Philosopher\u0027s Stone"},{"not_picked":["Fusion Hammer","Black Blood"],"picked":"Runic Pyramid"}],"items_purged_floors":[41],"is_endless":false,"potions_floor_spawned":[7,11,16,18,20,28,31,42,48],"ascension_level":0}