{"gold_per_floor":[114,114,130,130,130,157,157,169,194,227,31,50,99,274,274,378,378,393,393,492,502,412,412,327,327,327,327,345,49,60,10,10,114,164,182,131,148,148,17,17,32,48,74,74,94,94,94,94,94,94],"floor_reached":51,"playtime":2311,"items_purged":[],"score":651,"play_id":"3aef5239-7dff-4291-833e-b163ae7e00d5","local_time":"20190713112741","is_ascension_mode":false,"campfire_choices":[{"data":"Twin Strike","floor":7,"key":"SMITH"},{"floor":15,"key":"REST"},{"floor":23,"key":"REST"},{"data":"Sword Boomerang","floor":25,"key":"SMITH"},{"data":"Writhe","floor":27,"key":"PURGE"},{"data":"Limit Break","floor":32,"key":"SMITH"},{"floor":40,"key":"REST"},{"floor":44,"key":"REST"},{"floor":46,"key":"REST"},{"data":"Writhe","floor":49,"key":"PURGE"}],"neow_cost":"NONE","seed_source_timestamp":233773503574900,"circlet_count":0,"master_deck":["Strike_R","Strike_R","Strike_R+1","Strike_R","Strike_R","Defend_R","Defend_R","Defend_R+1","Defend_R","Bash","Double Tap+1","Armaments+1","Dropkick","Twin Strike+1","Sword Boomerang+1","Inflame+1","Enlightenment+1","Hologram+1","Double Energy+1","Limit Break+1","Burst","Skim+1","Twin Strike","Jack Of All Trades+1","Whirlwind","Backflip+1","Dark Shackles"],"relics":["Burning Blood","Sundial","Juzu Bracelet","Ancient Tea Set","Lantern","PrismaticShard","Vajra","Astrolabe","Bag of Marbles","Oddly Smooth Stone","Peace Pipe","PreservedInsect","Tiny House","Happy Flower"],"potions_floor_usage":[6,10,33,33,33,35,35,41,50,50,50],"damage_taken":[{"damage":1,"enemies":"Cultist","floor":1,"turns":3},{"damage":6,"enemies":"Jaw Worm","floor":3,"turns":4},{"damage":46,"enemies":"Gremlin Nob","floor":6,"turns":5},{"damage":6,"enemies":"2 Louse","floor":8,"turns":2},{"damage":17,"enemies":"Lagavulin","floor":10,"turns":6},{"damage":6,"enemies":"Large Slime","floor":12,"turns":3},{"damage":31,"enemies":"Slime Boss","floor":16,"turns":8},{"damage":19,"enemies":"Shell Parasite","floor":18,"turns":4},{"damage":15,"enemies":"2 Thieves","floor":21,"turns":4},{"damage":4,"enemies":"Chosen and Byrds","floor":28,"turns":3},{"damage":21,"enemies":"3 Cultists","floor":30,"turns":5},{"damage":74,"enemies":"Automaton","floor":33,"turns":8},{"damage":56,"enemies":"3 Darklings","floor":35,"turns":5},{"damage":11,"enemies":"3 Shapes","floor":37,"turns":4},{"damage":21,"enemies":"Transient","floor":41,"turns":5},{"damage":44,"enemies":"Jaw Worm Horde","floor":42,"turns":6},{"damage":5,"enemies":"Maw","floor":45,"turns":4},{"damage":54,"enemies":"Time Eater","floor":50,"turns":6}],"seed_played":"-6624244513128134506","potions_obtained":[{"floor":3,"key":"BloodPotion"},{"floor":8,"key":"PowerPotion"},{"floor":16,"key":"BloodPotion"},{"floor":28,"key":"EssenceOfSteel"},{"floor":33,"key":"SkillPotion"},{"floor":34,"key":"Regen Potion"},{"floor":41,"key":"Energy Potion"},{"floor":42,"key":"Strength Potion"}],"is_trial":false,"path_per_floor":["M","T","M","$","?","E","R","M","T","E","$","M","T","?","R","B",null,"M","?","?","M","?","R","?","R","T","R","M","$","M","$","R","B",null,"M","$","M","?","$","R","M","M","T","R","M","R","?","?","R","B",null],"character_chosen":"IRONCLAD","items_purchased":["PrismaticShard","Limit Break","PreservedInsect","Energy Potion","FearPotion","Whirlwind","SteroidPotion"],"campfire_rested":5,"item_purchase_floors":[11,29,29,31,36,39,39],"current_hp_per_floor":[80,80,80,80,64,44,44,44,44,33,33,33,33,33,57,32,80,67,67,67,58,58,80,80,80,80,80,80,80,65,65,65,17,85,47,47,42,63,63,85,70,32,32,57,58,83,83,83,83,35],"gold":94,"neow_bonus":"ONE_RANDOM_RARE_CARD","is_prod":false,"is_daily":false,"chose_seed":false,"campfire_upgraded":3,"win_rate":0,"timestamp":1563035261,"path_taken":["M","?","?","?","?","E","R","M","T","E","$","M","?","?","R","BOSS","M","?","?","M","?","R","?","R","T","R","M","$","M","$","R","BOSS","M","$","M","?","$","R","M","M","T","R","M","R","?","?","R","BOSS"],"build_version":"2019-07-05","purchased_purges":0,"victory":true,"max_hp_per_floor":[80,80,80,80,80,80,80,80,80,80,80,80,80,80,80,80,80,80,80,80,80,80,80,80,80,80,80,80,80,80,80,80,80,85,85,85,85,85,85,85,85,85,85,85,85,85,85,85,85,85],"card_choices":[{"not_picked":["Clash","Shrug It Off"],"picked":"Armaments","floor":1},{"not_picked":["Metallicize","Twin Strike"],"picked":"Dropkick","floor":3},{"not_picked":["Iron Wave","Clash"],"picked":"Twin Strike","floor":6},{"not_picked":["Carnage","Hemokinesis","Iron Wave"],"picked":"SKIP","floor":8},{"not_picked":["Intimidate","Twin Strike"],"picked":"Sword Boomerang","floor":10},{"not_picked":["Steam Power","Finesse"],"picked":"Poisoned Stab","floor":12},{"not_picked":["Impervious","Fission"],"picked":"Master of Strategy","floor":16},{"not_picked":["Corruption+1","Flex"],"picked":"Hologram+1","floor":18},{"not_picked":["Heavy Blade","White Noise"],"picked":"Double Energy+1","floor":21},{"not_picked":["Leap","Redo+1","Slice"],"picked":"SKIP","floor":28},{"not_picked":["Sucker Punch","Masterful Stab+1","Blur+1"],"picked":"SKIP","floor":30},{"not_picked":["Brutality","Dark Embrace"],"picked":"Burst","floor":33},{"not_picked":["Ball Lightning","Anger+1"],"picked":"Skim+1","floor":34},{"not_picked":["Intimidate+1","Panacea+1"],"picked":"Twin Strike","floor":35},{"not_picked":["Prepared+1","Slice"],"picked":"Jack Of All Trades+1","floor":37},{"not_picked":["Deadly Poison","Coolheaded+1"],"picked":"Backflip+1","floor":41},{"not_picked":["Clash","Carnage+1","Power Through+1"],"picked":"SKIP","floor":42},{"not_picked":["Machine Learning","Eviscerate","Warcry+1"],"picked":"SKIP","floor":45},{"not_picked":["HandOfGreed","Panacea"],"picked":"Dark Shackles","floor":47}],"player_experience":29754,"relics_obtained":[{"floor":2,"key":"Sundial"},{"floor":6,"key":"Juzu Bracelet"},{"floor":9,"key":"Ancient Tea Set"},{"floor":10,"key":"Lantern"},{"floor":13,"key":"Vajra"},{"floor":26,"key":"Peace Pipe"},{"floor":43,"key":"Happy Flower"}],"event_choices":[{"damage_healed":0,"gold_gain":0,"player_choice":"Entered Light","damage_taken":16,"max_hp_gain":0,"max_hp_loss":0,"event_name":"Shining Light","floor":5,"gold_loss":0,"cards_upgraded":["Double Tap","Armaments"]},{"damage_healed":0,"gold_gain":175,"player_choice":"AGREE","damage_taken":0,"max_hp_gain":0,"max_hp_loss":0,"event_name":"Liars Game","floor":14,"gold_loss":0,"cards_obtained":["Doubt"]},{"damage_healed":0,"gold_gain":0,"player_choice":"Opened","damage_taken":0,"relics_obtained":["Bag of Marbles"],"max_hp_gain":0,"max_hp_loss":0,"event_name":"The Mausoleum","floor":19,"gold_loss":0,"cards_obtained":["Writhe"]},{"damage_healed":0,"gold_gain":99,"player_choice":"Stole From Cult","damage_taken":0,"max_hp_gain":0,"max_hp_loss":0,"event_name":"Nest","floor":20,"gold_loss":0},{"cards_removed":["Shame"],"damage_healed":0,"gold_gain":0,"player_choice":"Upgrade and Remove","damage_taken":0,"max_hp_gain":0,"max_hp_loss":0,"event_name":"Designer","floor":22,"gold_loss":90,"cards_upgraded":["Defend_R"]},{"damage_healed":0,"gold_gain":0,"player_choice":"Obtained Relic","damage_taken":0,"relics_obtained":["Oddly Smooth Stone"],"max_hp_gain":0,"max_hp_loss":0,"event_name":"Addict","floor":24,"gold_loss":85},{"damage_healed":21,"gold_gain":0,"player_choice":"Writhe","damage_taken":0,"max_hp_gain":0,"max_hp_loss":0,"event_name":"Winding Halls","floor":38,"gold_loss":0,"cards_obtained":["Writhe"]},{"damage_healed":0,"gold_gain":0,"player_choice":"Memory 1","damage_taken":0,"max_hp_gain":0,"max_hp_loss":0,"event_name":"SensoryStone","floor":47,"gold_loss":0},{"damage_healed":0,"gold_gain":0,"player_choice":"Ignored","damage_taken":0,"max_hp_gain":0,"max_hp_loss":0,"event_name":"Tomb of Lord Red Mask","floor":48,"gold_loss":0}],"is_beta":false,"boss_relics":[{"not_picked":["Busted Crown","Fusion Hammer"],"picked":"Astrolabe"},{"not_picked":["Lizard Tail","Calling Bell"],"picked":"Tiny House"}],"items_purged_floors":[],"is_endless":false,"potions_floor_spawned":[3,8,16,28,33,41,42],"ascension_level":0}