{"gold_per_floor":[117,117,42,42,117,117,135,135,160,179,179,104,164,45,45,147,147,163,163,78,88,88,88,187,207,207,16,16,43,61,87,87,183,183,195,195,195,210,15,15,25,25,25,38,138,168,44,63,63,63,63,63,13,43,43],"floor_reached":55,"playtime":9809,"items_purged":["Regret","Choke","Parasite","All Out Attack"],"score":719,"play_id":"807876ee-b3ff-455e-9104-35e22687c6c7","local_time":"20190716010543","is_ascension_mode":false,"campfire_choices":[{"data":"Footwork","floor":6,"key":"SMITH"},{"floor":8,"key":"RECALL"},{"data":"Well Laid Plans","floor":11,"key":"SMITH"},{"floor":15,"key":"REST"},{"data":"Adrenaline","floor":23,"key":"SMITH"},{"floor":28,"key":"REST"},{"data":"Night Terror","floor":32,"key":"SMITH"},{"data":"Adrenaline","floor":40,"key":"SMITH"},{"floor":42,"key":"REST"},{"data":"Blade Dance","floor":49,"key":"SMITH"},{"data":"Blade Dance","floor":52,"key":"SMITH"}],"neow_cost":"NONE","seed_source_timestamp":508041785352800,"circlet_count":0,"master_deck":["Survivor","Neutralize","Blade Dance+1","Footwork+1","Well Laid Plans+1","Accuracy","Footwork","Blade Dance+1","Night Terror+1","Terror","Distraction","Infinite Blades","Adrenaline+1","Blur","Deflect","Venomology","Backflip+1","Backstab+1","Backstab+1","Finesse","Cloak And Dagger","Endless Agony+1","Endless Agony+1","Adrenaline+1","Dodge and Roll+1","Night Terror+1","Endless Agony+1","Footwork+1","Deadly Poison+1","Accuracy","Deadly Poison+1"],"relics":["WristBlade","Kunai","Matryoshka","Pandora\u0027s Box","Snake Skull","Molten Egg 2","Girya","Smiling Mask","Pantograph","Paper Crane","Bottled Tornado","Philosopher\u0027s Stone","Strange Spoon","Mercury Hourglass","The Specimen","Question Card","Sundial"],"potions_floor_usage":[18,21,25,29,29,31,33,35,38,41,41,44,45,45,48,48,50,50,54,54,55,55],"damage_taken":[{"damage":0,"enemies":"Jaw Worm","floor":1,"turns":3},{"damage":1,"enemies":"Small Slimes","floor":7,"turns":3},{"damage":0,"enemies":"2 Louse","floor":10,"turns":3},{"damage":11,"enemies":"Lagavulin Event","floor":13,"turns":9},{"damage":32,"enemies":"The Guardian","floor":16,"turns":13},{"damage":15,"enemies":"Chosen","floor":18,"turns":5},{"damage":16,"enemies":"Spheric Guardian","floor":21,"turns":4},{"damage":0,"enemies":"3 Cultists","floor":25,"turns":3},{"damage":0,"enemies":"Gremlin Leader","floor":29,"turns":5},{"damage":10,"enemies":"Chosen and Byrds","floor":30,"turns":3},{"damage":12,"enemies":"Book of Stabbing","floor":31,"turns":4},{"damage":8,"enemies":"Automaton","floor":33,"turns":12},{"damage":0,"enemies":"3 Darklings","floor":35,"turns":3},{"damage":8,"enemies":"Orb Walker","floor":38,"turns":3},{"damage":24,"enemies":"Spire Growth","floor":41,"turns":4},{"damage":7,"enemies":"Writhing Mass","floor":44,"turns":4},{"damage":0,"enemies":"Mind Bloom Boss Battle","floor":45,"turns":4},{"damage":17,"enemies":"Giant Head","floor":46,"turns":6},{"damage":0,"enemies":"4 Shapes","floor":48,"turns":3},{"damage":23,"enemies":"Awakened One","floor":50,"turns":8},{"damage":17,"enemies":"Shield and Spear","floor":54,"turns":6},{"damage":67,"enemies":"The Heart","floor":55,"turns":3}],"seed_played":"-4309910717525702082","potions_obtained":[{"floor":16,"key":"EssenceOfSteel"},{"floor":21,"key":"Regen Potion"},{"floor":29,"key":"SteroidPotion"},{"floor":33,"key":"Swift Potion"},{"floor":38,"key":"SpeedPotion"},{"floor":46,"key":"Strength Potion"},{"floor":48,"key":"Regen Potion"},{"floor":54,"key":"Poison Potion"}],"is_trial":false,"path_per_floor":["M","?","$","?","?","R","M","R","T","M","R","$","?","$","R","B",null,"M","T","?","M","?","R","?","M","T","$","R","E","M","E","R","B",null,"M","?","?","M","$","R","M","R","T","M","?","E","$","M","R","B",null,"R","$","E","B"],"character_chosen":"THE_SILENT","items_purchased":["Footwork","Footwork","Blade Dance","Finesse","Cloak And Dagger","Strange Spoon","Accuracy"],"campfire_rested":3,"item_purchase_floors":[3,14,14,27,27,39,47],"current_hp_per_floor":[70,70,70,70,59,59,58,58,58,58,58,58,47,47,68,36,70,55,55,55,39,39,39,39,44,44,44,65,65,55,43,43,60,70,70,70,70,62,62,62,38,59,59,52,70,53,53,53,53,59,67,67,67,50,0],"gold":43,"neow_bonus":"BOSS_RELIC","is_prod":false,"is_daily":false,"chose_seed":false,"campfire_upgraded":7,"win_rate":0,"timestamp":1563253543,"path_taken":["M","?","$","?","?","R","M","R","T","M","R","$","?","?","R","BOSS","M","?","?","M","?","R","?","M","T","?","R","E","M","E","R","BOSS","M","?","?","M","$","R","M","R","T","?","?","E","$","M","R","BOSS","R","$","E","BOSS"],"build_version":"2019-07-05","purchased_purges":4,"victory":false,"max_hp_per_floor":[70,70,70,70,70,70,70,70,70,70,70,70,70,70,70,70,70,70,70,70,70,70,70,70,70,70,70,70,70,70,70,70,70,70,70,70,70,70,70,70,70,70,70,70,70,70,67,67,67,67,67,67,67,67,67],"card_choices":[{"not_picked":["Endless Agony","Prepared"],"picked":"Blade Dance","floor":1},{"not_picked":["Deadly Poison","PiercingWail","Poisoned Stab"],"picked":"SKIP","floor":7},{"not_picked":["Deadly Poison","Slice"],"picked":"Well Laid Plans","floor":10},{"not_picked":["Masterful Stab","All Out Attack"],"picked":"Accuracy","floor":13},{"not_picked":["Corpse Explosion","Glass Knife"],"picked":"Night Terror","floor":16},{"not_picked":["Dodge and Roll","Predator+1"],"picked":"Backflip+1","floor":18},{"not_picked":["Slice+1","Dagger Spray+1"],"picked":"Backstab+1","floor":21},{"not_picked":["Bane+1","Dagger Spray+1"],"picked":"Backstab+1","floor":25},{"not_picked":["Die Die Die+1","Skewer+1"],"picked":"Endless Agony+1","floor":29},{"not_picked":["All Out Attack+1","Crippling Poison","Quick Slash+1"],"picked":"SKIP","floor":30},{"not_picked":["Dash+1","Tools of the Trade"],"picked":"Endless Agony+1","floor":31},{"not_picked":["Wraith Form v2","Night Terror"],"picked":"Adrenaline","floor":33},{"not_picked":["Quick Slash+1","Masterful Stab+1"],"picked":"Dodge and Roll+1","floor":35},{"not_picked":["Expertise+1","Eviscerate+1","Quick Slash+1"],"picked":"SKIP","floor":38},{"not_picked":["Bane+1","Terror+1"],"picked":"Endless Agony+1","floor":41},{"not_picked":["Infinite Blades+1","Tactician"],"picked":"Footwork+1","floor":44},{"not_picked":["PiercingWail","Flying Knee+1"],"picked":"Deadly Poison+1","floor":45},{"not_picked":["All Out Attack+1","Crippling Poison+1","Backflip+1"],"picked":"SKIP","floor":46},{"not_picked":["All Out Attack+1","Crippling Poison+1","Backflip+1"],"picked":"SKIP","floor":46},{"not_picked":["Underhanded Strike+1","Flying Knee+1","Blur+1","Reflex"],"picked":"SKIP","floor":48},{"not_picked":["Storm of Steel","All Out Attack+1","Poisoned Stab+1"],"picked":"Deadly Poison+1","floor":54}],"player_experience":187470,"relics_obtained":[{"floor":13,"key":"Matryoshka"},{"floor":19,"key":"Snake Skull"},{"floor":19,"key":"Molten Egg 2"},{"floor":26,"key":"Smiling Mask"},{"floor":26,"key":"Pantograph"},{"floor":29,"key":"Paper Crane"},{"floor":31,"key":"Bottled Tornado"},{"floor":43,"key":"Mercury Hourglass"},{"floor":45,"key":"The Specimen"},{"floor":46,"key":"Question Card"},{"floor":54,"key":"Sundial"}],"event_choices":[{"damage_healed":0,"gold_gain":0,"player_choice":"Box","damage_taken":0,"relics_obtained":["Kunai"],"max_hp_gain":0,"max_hp_loss":0,"event_name":"Big Fish","floor":2,"gold_loss":0,"cards_obtained":["Regret"]},{"damage_healed":0,"gold_gain":0,"player_choice":"Ignored","damage_taken":0,"max_hp_gain":0,"max_hp_loss":0,"event_name":"Liars Game","floor":4,"gold_loss":0},{"damage_healed":0,"gold_gain":75,"player_choice":"Gather Gold","damage_taken":11,"max_hp_gain":0,"max_hp_loss":0,"event_name":"World of Goop","floor":5,"gold_loss":0},{"damage_healed":0,"gold_gain":0,"player_choice":"Searched \u00271\u0027 times","damage_taken":0,"max_hp_gain":0,"max_hp_loss":0,"event_name":"Dead Adventurer","floor":13,"gold_loss":0},{"damage_healed":0,"gold_gain":0,"player_choice":"Obtained Relic","damage_taken":0,"relics_obtained":["Girya"],"max_hp_gain":0,"max_hp_loss":0,"event_name":"Addict","floor":20,"gold_loss":85},{"cards_removed":["Wraith Form v2"],"damage_healed":0,"gold_gain":0,"player_choice":"Elegance","damage_taken":0,"max_hp_gain":0,"max_hp_loss":0,"event_name":"Back to Basics","floor":22,"gold_loss":0},{"damage_healed":0,"gold_gain":99,"player_choice":"Stole From Cult","damage_taken":0,"max_hp_gain":0,"max_hp_loss":0,"event_name":"Nest","floor":24,"gold_loss":0},{"damage_healed":0,"gold_gain":0,"player_choice":"Ignored","damage_taken":0,"max_hp_gain":0,"max_hp_loss":0,"event_name":"Tomb of Lord Red Mask","floor":36,"gold_loss":0},{"damage_healed":0,"gold_gain":0,"player_choice":"Copied","damage_taken":0,"max_hp_gain":0,"max_hp_loss":0,"event_name":"Duplicator","floor":37,"gold_loss":0,"cards_obtained":["Night Terror"]},{"damage_healed":0,"gold_gain":0,"player_choice":"Fight","damage_taken":0,"max_hp_gain":0,"max_hp_loss":0,"event_name":"MindBloom","floor":45,"gold_loss":0}],"is_beta":false,"boss_relics":[{"not_picked":["HoveringKite","Runic Pyramid"],"picked":"Pandora\u0027s Box"},{"not_picked":["Snecko Eye","Busted Crown"],"picked":"Philosopher\u0027s Stone"}],"items_purged_floors":[12,27,47,53],"is_endless":false,"potions_floor_spawned":[16,21,29,30,33,38,46,48,54],"killed_by":"The Heart","ascension_level":0}