{"gold_per_floor":[114,126,126,144,156,188,188,208,208,208,218,235,269,69,69,69],"floor_reached":16,"playtime":2465,"items_purged":["Corruption"],"score":114,"play_id":"04a0c76d-43f4-4075-9929-a0148efb5dc4","local_time":"20190708213454","is_ascension_mode":false,"campfire_choices":[{"floor":7,"key":"REST"},{"floor":15,"key":"REST"}],"neow_cost":"","seed_source_timestamp":0,"circlet_count":0,"master_deck":["Strike_R","Strike_R","Strike_R","Strike_R","Strike_R","Defend_R","Defend_R","Defend_R","Defend_R","Bash","Armaments+1","Sever Soul","Cleave","Rage","Burning Pact","Anger","Pommel Strike","Dual Wield","Fire Breathing","Deep Breath"],"special_seed":0,"relics":["Burning Blood","Strawberry","Question Card","Bottled Lightning"],"potions_floor_usage":[13],"damage_taken":[{"damage":4,"enemies":"Cultist","floor":1,"turns":4},{"damage":11,"enemies":"Jaw Worm","floor":2,"turns":3},{"damage":10,"enemies":"2 Louse","floor":4,"turns":4},{"damage":14,"enemies":"Blue Slaver","floor":5,"turns":3},{"damage":35,"enemies":"3 Sentries","floor":6,"turns":6},{"damage":12,"enemies":"2 Fungi Beasts","floor":8,"turns":4},{"damage":8,"enemies":"Red Slaver","floor":11,"turns":3},{"damage":22,"enemies":"Exordium Wildlife","floor":12,"turns":6},{"damage":37,"enemies":"Lagavulin","floor":13,"turns":6},{"damage":50,"enemies":"The Guardian","floor":16,"turns":8}],"seed_played":"-1552733754096691205","potions_obtained":[{"floor":4,"key":"Dexterity Potion"},{"floor":5,"key":"Ancient Potion"},{"floor":6,"key":"Poison Potion"},{"floor":11,"key":"Dexterity Potion"},{"floor":12,"key":"Block Potion"},{"floor":13,"key":"LiquidBronze"}],"is_trial":false,"path_per_floor":["M","M","?","M","M","E","R","M","T","?","M","M","E","$","R","B"],"character_chosen":"IRONCLAD","items_purchased":["Fire Breathing","Deep Breath"],"campfire_rested":2,"item_purchase_floors":[14,14],"current_hp_per_floor":[80,75,80,76,68,46,72,66,66,66,64,48,17,17,43,0],"gold":69,"neow_bonus":"","is_prod":false,"is_daily":false,"chose_seed":false,"campfire_upgraded":0,"win_rate":0.0,"timestamp":1562636094,"path_taken":["M","M","?","M","M","E","R","?","T","?","M","M","E","$","R","BOSS"],"build_version":"2019-07-05","purchased_purges":1,"victory":false,"max_hp_per_floor":[80,80,80,80,80,87,87,87,87,87,87,87,87,87,87,87],"card_choices":[{"not_picked":["Headbutt","Anger"],"picked":"Armaments","floor":1},{"not_picked":["Clothesline","Rampage"],"picked":"Corruption","floor":2},{"not_picked":["Infernal Blade","Carnage"],"picked":"Sever Soul","floor":4},{"not_picked":["Flame Barrier","Entrench"],"picked":"Cleave","floor":5},{"not_picked":["Blood for Blood","Rupture"],"picked":"Rage","floor":6},{"not_picked":["Rage","Reckless Charge"],"picked":"Burning Pact","floor":8},{"not_picked":["Warcry","Hemokinesis","True Grit"],"picked":"Anger","floor":11},{"not_picked":["Inflame","Thunderclap","Clothesline"],"picked":"Pommel Strike","floor":12},{"not_picked":["Flex","Juggernaut","Searing Blow"],"picked":"Dual Wield","floor":13}],"player_experience":0,"relics_obtained":[{"floor":6,"key":"Strawberry"},{"floor":9,"key":"Question Card"},{"floor":13,"key":"Bottled Lightning"}],"event_choices":[{"damage_healed":5,"gold_gain":0,"player_choice":"Full Heal","damage_taken":0,"max_hp_gain":0,"max_hp_loss":0,"event_name":"Wheel of Change","floor":3,"gold_loss":0},{"damage_healed":0,"gold_gain":0,"player_choice":"Grow","damage_taken":0,"max_hp_gain":0,"max_hp_loss":0,"event_name":"Living Wall","floor":10,"gold_loss":0,"cards_upgraded":["Armaments"]}],"is_beta":false,"boss_relics":[],"items_purged_floors":[14],"is_endless":false,"potions_floor_spawned":[4,5,6,11,12,13],"killed_by":"The Guardian","ascension_level":0}