{"gold_per_floor":[115,129,129,145,164,197,212,232,256,291,308,327,362,55,55,132,132,150,150,162,177,16,51,51,83,108,108,108,120,138,10,10,10],"floor_reached":33,"playtime":4199,"items_purged":["Strike_R"],"score":513,"play_id":"ce3f5013-6205-4669-be92-71ffe616518c","local_time":"20190517181132","is_ascension_mode":true,"campfire_choices":[{"floor":15,"key":"REST"},{"floor":24,"key":"REST"},{"data":"Demon Form","floor":27,"key":"SMITH"},{"floor":32,"key":"REST"}],"neow_cost":"NONE","seed_source_timestamp":94987660093108,"circlet_count":0,"master_deck":["AscendersBane","Strike_R","Strike_R","Strike_R","Defend_R","Defend_R","Defend_R","Defend_R","Bash","Cleave","Metallicize","Feel No Pain","Impervious","Heavy Blade","Second Wind","Power Through+1","Warcry+1","Demon Form+1","Shockwave+1","Metamorphosis+1","Immolate","Burning Pact+1","Body Slam","Flame Barrier+1","Disarm+1","Inflame","Battle Trance+1","True Grit+1","Disarm+1","Havoc+1","True Grit+1"],"relics":["Burning Blood","Ancient Tea Set","Boot","Bronze Scales","Toxic Egg 2","Happy Flower","Mark of Pain","Juzu Bracelet","Nunchaku","Art of War"],"potions_floor_usage":[10,10,11,16,16,23],"damage_taken":[{"damage":1,"enemies":"Cultist","floor":1,"turns":4},{"damage":9,"enemies":"2 Louse","floor":2,"turns":4},{"damage":5,"enemies":"Jaw Worm","floor":4,"turns":5},{"damage":34,"enemies":"Gremlin Gang","floor":5,"turns":5},{"damage":21,"enemies":"3 Sentries","floor":6,"turns":10},{"damage":3,"enemies":"3 Louse","floor":7,"turns":4},{"damage":15,"enemies":"Large Slime","floor":8,"turns":8},{"damage":32,"enemies":"Lagavulin","floor":10,"turns":9},{"damage":5,"enemies":"Exordium Wildlife","floor":11,"turns":5},{"damage":0,"enemies":"Blue Slaver","floor":12,"turns":5},{"damage":14,"enemies":"3 Sentries","floor":13,"turns":9},{"damage":24,"enemies":"Slime Boss","floor":16,"turns":9},{"damage":21,"enemies":"Spheric Guardian","floor":18,"turns":5},{"damage":22,"enemies":"Colosseum Slavers","floor":19,"turns":4},{"damage":6,"enemies":"3 Byrds","floor":20,"turns":3},{"damage":17,"enemies":"Centurion and Healer","floor":21,"turns":4},{"damage":4,"enemies":"Gremlin Leader","floor":23,"turns":7},{"damage":9,"enemies":"Book of Stabbing","floor":25,"turns":4},{"damage":8,"enemies":"Snake Plant","floor":29,"turns":3},{"damage":19,"enemies":"Snecko","floor":30,"turns":6},{"damage":71,"enemies":"Automaton","floor":33,"turns":6}],"seed_played":"-2331196344228763279","potions_obtained":[{"floor":5,"key":"Energy Potion"},{"floor":7,"key":"Fire Potion"},{"floor":8,"key":"Regen Potion"},{"floor":10,"key":"Block Potion"},{"floor":13,"key":"SpeedPotion"},{"floor":16,"key":"Fruit Juice"},{"floor":21,"key":"Ancient Potion"},{"floor":29,"key":"SpeedPotion"}],"is_trial":false,"path_per_floor":["M","?","M","?","?"],"character_chosen":"IRONCLAD","items_purchased":["Demon Form","Shockwave+1","Metamorphosis+1","Disarm+1","Inflame","AttackPotion","True Grit+1"],"campfire_rested":3,"item_purchase_floors":[14,14,14,22,22,22,31],"current_hp_per_floor":[77,74,74,75,47,32,35,26,26,15,16,22,14,14,38,25,70,55,39,39,28,28,30,55,52,52,52,52,50,37,37,62,0],"gold":10,"neow_bonus":"RANDOM_COMMON_RELIC","is_prod":false,"is_daily":false,"chose_seed":false,"campfire_upgraded":1,"win_rate":0,"timestamp":1558131092,"path_taken":["M","?","?","M","?","E","M","M","T","E","M","M","E","$","R","BOSS","M","?","M","M","$","E","R","E","T","R","?","M","M","$","R","BOSS"],"build_version":"2019-01-23","purchased_purges":1,"victory":false,"max_hp_per_floor":[80,80,80,80,80,80,80,80,80,80,80,80,80,80,80,85,85,85,85,85,85,85,85,85,85,85,85,85,85,85,85,85,85],"card_choices":[{"not_picked":["Sword Boomerang","Reckless Charge"],"picked":"Cleave","floor":1},{"not_picked":["Cleave","Searing Blow","Sword Boomerang"],"picked":"SKIP","floor":2},{"not_picked":["True Grit","Cleave"],"picked":"Metallicize","floor":4},{"not_picked":["Cleave","Rampage"],"picked":"Feel No Pain","floor":5},{"not_picked":["Clash","Reckless Charge"],"picked":"Impervious","floor":6},{"not_picked":["Havoc","Thunderclap"],"picked":"Heavy Blade","floor":7},{"not_picked":["Anger","Twin Strike"],"picked":"Second Wind","floor":8},{"not_picked":["Sword Boomerang","Clash","Twin Strike"],"picked":"SKIP","floor":10},{"not_picked":["Headbutt","Rupture"],"picked":"Power Through+1","floor":11},{"not_picked":["Searing Blow","Thunderclap","Power Through+1"],"picked":"SKIP","floor":12},{"not_picked":["Searing Blow","Thunderclap","Power Through+1"],"picked":"SKIP","floor":12},{"not_picked":["Headbutt","Second Wind+1"],"picked":"Warcry+1","floor":13},{"not_picked":["Fiend Fire","Dark Embrace"],"picked":"Immolate","floor":16},{"not_picked":["Reckless Charge","Havoc+1"],"picked":"Burning Pact+1","floor":18},{"not_picked":["Sword Boomerang","Blood for Blood"],"picked":"Body Slam","floor":20},{"not_picked":["Perfected Strike","Wild Strike"],"picked":"Flame Barrier+1","floor":21},{"not_picked":["Seeing Red+1","Pommel Strike"],"picked":"Battle Trance+1","floor":23},{"not_picked":["Second Wind+1","Body Slam"],"picked":"True Grit+1","floor":25},{"not_picked":["Twin Strike","Body Slam"],"picked":"Disarm+1","floor":29},{"not_picked":["Inflame+1","Clash"],"picked":"Havoc+1","floor":30}],"player_experience":515637,"relics_obtained":[{"floor":6,"key":"Boot"},{"floor":9,"key":"Bronze Scales"},{"floor":10,"key":"Toxic Egg 2"},{"floor":13,"key":"Happy Flower"},{"floor":23,"key":"Juzu Bracelet"},{"floor":25,"key":"Nunchaku"},{"floor":26,"key":"Art of War"}],"event_choices":[{"cards_removed":["Strike_R"],"damage_healed":0,"gold_gain":0,"player_choice":"Offered Basic","damage_taken":0,"max_hp_gain":0,"max_hp_loss":0,"event_name":"Bonfire Elementals","floor":3,"gold_loss":0},{"damage_healed":0,"gold_gain":0,"player_choice":"Fight","damage_taken":0,"max_hp_gain":0,"max_hp_loss":0,"event_name":"Colosseum","floor":19,"gold_loss":0},{"damage_healed":0,"gold_gain":0,"player_choice":"Fled From Nobs","damage_taken":0,"max_hp_gain":0,"max_hp_loss":0,"event_name":"Colosseum","floor":19,"gold_loss":0},{"damage_healed":0,"gold_gain":0,"player_choice":"Ignored","damage_taken":0,"max_hp_gain":0,"max_hp_loss":0,"event_name":"Ghosts","floor":28,"gold_loss":0}],"is_beta":false,"boss_relics":[{"not_picked":["White Beast Statue","Coffee Dripper"],"picked":"Mark of Pain"}],"items_purged_floors":[31],"is_endless":false,"potions_floor_spawned":[5,7,8,10,13,16,21,29,30],"killed_by":"Automaton","ascension_level":13}