{"gold_per_floor":[117,42,42,56,30,55,70,70,151,151,175,205,231,250,250,353,353,373,324,249,349,349,349,384,384,407,439,455,469,164,179,179,281,281,301,313,332,332,348,377,377,116,116,116,91,91,0,25,25,25],"floor_reached":51,"playtime":4178,"items_purged":["Strike_G","Strike_G","Parasite"],"score":786,"play_id":"4e0f7057-7277-4a0c-8b62-2ec06fc6f7fd","local_time":"20190527011827","is_ascension_mode":true,"campfire_choices":[{"data":"Catalyst","floor":8,"key":"SMITH"},{"data":"Noxious Fumes","floor":15,"key":"SMITH"},{"floor":23,"key":"REST"},{"floor":25,"key":"REST"},{"floor":32,"key":"REST"},{"data":"Corpse Explosion","floor":44,"key":"SMITH"},{"floor":49,"key":"REST"}],"neow_cost":"NONE","seed_source_timestamp":30377404277220,"circlet_count":0,"master_deck":["Defend_G","Defend_G","Defend_G","Defend_G","Strike_G","Survivor","Neutralize","Blade Dance","Flying Knee","Deadly Poison","Noxious Fumes+1","Catalyst+1","Backstab","Poisoned Stab","Backflip+1","Poisoned Stab","Deadly Poison+1","Leg Sweep","All Out Attack+1","Sucker Punch","Adrenaline","Corpse Explosion+1","Panache","Flying Knee+1","Bane"],"relics":["Ring of the Serpent","NeowsBlessing","Lantern","Blood Vial","Tiny Chest","Orichalcum","The Specimen","Letter Opener","Strawberry","Centennial Puzzle","Ninja Scroll","TwistedFunnel","Juzu Bracelet","MawBank","Bronze Scales","Paper Crane","Red Mask","Mercury Hourglass"],"potions_floor_usage":[16,21,21,27,27,27,27,27,27,27,29,29,33,33,39,50,50],"damage_taken":[{"damage":0,"enemies":"Small Slimes","floor":1,"turns":1},{"damage":0,"enemies":"2 Louse","floor":4,"turns":1},{"damage":0,"enemies":"3 Sentries","floor":6,"turns":1},{"damage":0,"enemies":"Jaw Worm","floor":7,"turns":4},{"damage":14,"enemies":"Gremlin Nob","floor":13,"turns":4},{"damage":1,"enemies":"Looter","floor":14,"turns":2},{"damage":23,"enemies":"The Guardian","floor":16,"turns":7},{"damage":3,"enemies":"Shell Parasite","floor":18,"turns":4},{"damage":23,"enemies":"Colosseum Slavers","floor":21,"turns":4},{"damage":15,"enemies":"Colosseum Nobs","floor":21,"turns":4},{"damage":46,"enemies":"Slavers","floor":24,"turns":4},{"damage":30,"enemies":"Gremlin Leader","floor":27,"turns":5},{"damage":5,"enemies":"3 Byrds","floor":28,"turns":4},{"damage":4,"enemies":"Centurion and Healer","floor":29,"turns":3},{"damage":2,"enemies":"Snecko","floor":31,"turns":3},{"damage":32,"enemies":"Collector","floor":33,"turns":5},{"damage":0,"enemies":"3 Shapes","floor":35,"turns":3},{"damage":15,"enemies":"3 Darklings","floor":36,"turns":3},{"damage":1,"enemies":"Writhing Mass","floor":37,"turns":3},{"damage":1,"enemies":"4 Shapes","floor":39,"turns":4},{"damage":19,"enemies":"Giant Head","floor":40,"turns":6},{"damage":25,"enemies":"Nemesis","floor":48,"turns":5},{"damage":49,"enemies":"Donu and Deca","floor":50,"turns":6}],"seed_played":"1636568426491662712","potions_obtained":[{"floor":4,"key":"AttackPotion"},{"floor":13,"key":"Fire Potion"},{"floor":14,"key":"Explosive Potion"},{"floor":16,"key":"SpeedPotion"},{"floor":21,"key":"Ancient Potion"},{"floor":22,"key":"Poison Potion"},{"floor":22,"key":"FearPotion"},{"floor":22,"key":"GamblersBrew"},{"floor":24,"key":"EntropicBrew"},{"floor":27,"key":"Energy Potion"},{"floor":29,"key":"EssenceOfSteel"},{"floor":35,"key":"SpeedPotion"},{"floor":36,"key":"SpeedPotion"},{"floor":37,"key":"SteroidPotion"}],"is_trial":false,"path_per_floor":["M","$","?","M","$","E","M","R","T","?","T","?","E","M","R","B",null,"M","$","?","?","?","R","E","R","T","E","M","M","$","M","R","B",null,"M","M","M","?","M","E","T","$","T","R","$","?","?","E","R","B",null],"character_chosen":"THE_SILENT","items_purchased":["Deadly Poison","Poisoned Stab","TwistedFunnel","Bronze Scales","Bane"],"campfire_rested":4,"item_purchase_floors":[5,19,30,42,45],"current_hp_per_floor":[70,70,63,63,63,63,63,63,63,68,68,43,31,32,32,11,75,72,72,72,38,38,60,23,47,47,19,16,26,26,26,50,20,82,82,67,68,68,69,52,52,52,52,52,52,52,52,29,52,5],"gold":25,"neow_bonus":"THREE_ENEMY_KILL","is_prod":false,"is_daily":false,"chose_seed":false,"campfire_upgraded":3,"win_rate":0,"timestamp":1558945107,"path_taken":["M","$","?","M","$","E","M","R","T","?","?","?","E","M","R","BOSS","M","$","?","?","?","R","E","R","T","E","M","?","$","M","R","BOSS","M","M","M","?","M","E","?","$","T","R","$","?","?","E","R","BOSS"],"build_version":"2019-01-23","purchased_purges":3,"victory":true,"max_hp_per_floor":[70,70,70,70,70,70,70,70,70,75,75,75,75,75,75,75,75,75,75,75,75,75,75,82,82,82,82,82,82,82,82,82,82,82,82,82,82,82,82,82,82,79,79,79,79,79,79,79,79,79],"card_choices":[{"not_picked":["Outmaneuver","Cloak And Dagger"],"picked":"Blade Dance","floor":1},{"not_picked":["Heel Hook","Predator"],"picked":"Flying Knee","floor":4},{"not_picked":["Blade Dance","Masterful Stab"],"picked":"Noxious Fumes","floor":6},{"not_picked":["Caltrops","Poisoned Stab"],"picked":"Catalyst","floor":7},{"not_picked":["Deflect","Accuracy"],"picked":"Backstab","floor":13},{"not_picked":["Acrobatics","Dash"],"picked":"Poisoned Stab","floor":14},{"not_picked":["Finisher","Endless Agony"],"picked":"Backflip+1","floor":18},{"not_picked":["Flying Knee","Acrobatics+1","Prepared"],"picked":"SKIP","floor":24},{"not_picked":["Caltrops","Poisoned Stab"],"picked":"Deadly Poison+1","floor":27},{"not_picked":["Dodge and Roll","Slice"],"picked":"Leg Sweep","floor":28},{"not_picked":["Adrenaline","Reflex+1"],"picked":"All Out Attack+1","floor":29},{"not_picked":["Deadly Poison","Outmaneuver"],"picked":"Sucker Punch","floor":31},{"not_picked":["Tools of the Trade","Unload"],"picked":"Adrenaline","floor":33},{"not_picked":["Acrobatics","Dagger Spray","Deadly Poison+1"],"picked":"SKIP","floor":35},{"not_picked":["Dash","Dodge and Roll+1"],"picked":"Corpse Explosion","floor":36},{"not_picked":["Slice+1","Dash+1","Blade Dance+1"],"picked":"SKIP","floor":37},{"not_picked":["Impatience","Purity"],"picked":"Panache","floor":38},{"not_picked":["Skewer+1","Dagger Spray","Flying Knee"],"picked":"SKIP","floor":39},{"not_picked":["Caltrops","Deadly Poison+1"],"picked":"Flying Knee+1","floor":40},{"not_picked":["Eviscerate","Finisher","Quick Slash+1"],"picked":"SKIP","floor":48}],"player_experience":119556,"relics_obtained":[{"floor":6,"key":"Lantern"},{"floor":11,"key":"Blood Vial"},{"floor":13,"key":"Orichalcum"},{"floor":21,"key":"The Specimen"},{"floor":21,"key":"Letter Opener"},{"floor":24,"key":"Strawberry"},{"floor":26,"key":"Centennial Puzzle"},{"floor":27,"key":"Ninja Scroll"},{"floor":40,"key":"Juzu Bracelet"},{"floor":41,"key":"MawBank"},{"floor":43,"key":"Paper Crane"},{"floor":48,"key":"Mercury Hourglass"}],"event_choices":[{"cards_removed":["Defend_G"],"damage_healed":0,"gold_gain":0,"player_choice":"Card Removal","damage_taken":7,"max_hp_gain":0,"max_hp_loss":0,"event_name":"Golden Wing","floor":3,"gold_loss":0},{"damage_healed":0,"gold_gain":0,"player_choice":"Donut","damage_taken":0,"max_hp_gain":5,"max_hp_loss":0,"event_name":"Big Fish","floor":10,"gold_loss":0},{"damage_healed":0,"gold_gain":0,"player_choice":"Success","damage_taken":25,"relics_obtained":["Tiny Chest"],"max_hp_gain":0,"max_hp_loss":0,"event_name":"Scrap Ooze","floor":12,"gold_loss":0},{"cards_removed":["Strike_G"],"damage_healed":0,"gold_gain":0,"player_choice":"Gave Gold","damage_taken":0,"max_hp_gain":0,"max_hp_loss":0,"event_name":"Beggar","floor":20,"gold_loss":75},{"damage_healed":0,"gold_gain":0,"player_choice":"Fight","damage_taken":0,"max_hp_gain":0,"max_hp_loss":0,"event_name":"Colosseum","floor":21,"gold_loss":0},{"damage_healed":0,"gold_gain":0,"player_choice":"Fought Nobs","damage_taken":0,"max_hp_gain":0,"max_hp_loss":0,"event_name":"Colosseum","floor":21,"gold_loss":0},{"damage_healed":0,"gold_gain":0,"player_choice":"Got Potions","damage_taken":0,"max_hp_gain":0,"max_hp_loss":0,"event_name":"Lab","floor":22,"gold_loss":0},{"damage_healed":0,"gold_gain":0,"player_choice":"Memory 1","damage_taken":0,"max_hp_gain":0,"max_hp_loss":0,"event_name":"SensoryStone","floor":38,"gold_loss":0},{"cards_removed":["Strike_G"],"damage_healed":0,"gold_gain":0,"player_choice":"Removed Attack","damage_taken":0,"max_hp_gain":0,"max_hp_loss":0,"event_name":"Falling","floor":46,"gold_loss":0},{"damage_healed":0,"gold_gain":0,"player_choice":"Paid","damage_taken":0,"relics_obtained":["Red Mask"],"max_hp_gain":0,"max_hp_loss":0,"event_name":"Tomb of Lord Red Mask","floor":47,"gold_loss":91}],"is_beta":false,"boss_relics":[{"not_picked":["White Beast Statue","Empty Cage"],"picked":"Ring of the Serpent"},{"not_picked":["Cursed Key","Orrery","Astrolabe"]}],"items_purged_floors":[2,30,42],"is_endless":false,"potions_floor_spawned":[4,13,14,16,21,24,27,29,35,36,37],"ascension_level":1}