{"gold_per_floor":[111,130,38,58,34,62,62,93,119,119,135,135,145,158,158,257,257,268,63,75,0,0,0,30,46,46,46],"floor_reached":27,"playtime":1375,"items_purged":[],"score":267,"play_id":"9c500c7a-ed3c-48d0-b31c-6f3efe9df071","local_time":"20181007223000","is_ascension_mode":true,"campfire_choices":[{"data":"Crippling Poison","floor":7,"key":"SMITH"},{"floor":10,"key":"REST"},{"data":"Neutralize","floor":15,"key":"SMITH"},{"floor":23,"key":"REST"}],"neow_cost":"NONE","seed_source_timestamp":376497079031973,"circlet_count":0,"master_deck":["Defend_G+1","Defend_G+1","Defend_G+1","Defend_G+1","Defend_G+1","Strike_G+1","Strike_G+1","Strike_G+1","Strike_G+1","Survivor","Neutralize+1","Deadly Poison","Backflip","Terror","Poisoned Stab","Crippling Poison+1","Cloak And Dagger","Cloak And Dagger","Tools of the Trade","Deadly Poison","Deadly Poison","Backflip","Dagger Spray","Burst","Expertise","Flechettes","Dramatic Entrance","Distraction","Predator","Dagger Throw+1","Footwork"],"relics":["Ring of the Snake","Blood Vial","Orichalcum","Bronze Scales","Eternal Feather","Shuriken","Nunchaku"],"potions_floor_usage":[6,16,24,27],"damage_taken":[{"damage":0,"enemies":"Cultist","floor":1,"turns":4},{"damage":1,"enemies":"Jaw Worm","floor":2,"turns":3},{"damage":6,"enemies":"Small Slimes","floor":4,"turns":3},{"damage":16,"enemies":"3 Sentries","floor":6,"turns":8},{"damage":22,"enemies":"Gremlin Nob","floor":8,"turns":4},{"damage":3,"enemies":"Looter","floor":11,"turns":3},{"damage":0,"enemies":"2 Fungi Beasts","floor":13,"turns":2},{"damage":0,"enemies":"3 Louse","floor":14,"turns":2},{"damage":29,"enemies":"The Guardian","floor":16,"turns":8},{"damage":25,"enemies":"3 Byrds","floor":18,"turns":4},{"damage":28,"enemies":"2 Thieves","floor":20,"turns":4},{"damage":34,"enemies":"Slavers","floor":24,"turns":4},{"damage":24,"enemies":"Snake Plant","floor":25,"turns":4},{"damage":4,"enemies":"Cultist and Chosen","floor":27,"turns":3}],"seed_played":"918189129962502487","potions_obtained":[{"floor":1,"key":"Swift Potion"},{"floor":2,"key":"Dexterity Potion"},{"floor":4,"key":"SkillPotion"},{"floor":8,"key":"Explosive Potion"},{"floor":13,"key":"Energy Potion"},{"floor":20,"key":"Swift Potion"},{"floor":25,"key":"FearPotion"}],"is_trial":false,"path_per_floor":["M","M","$","M","$","E","R","E","T","R","M","?","M","M","R","B",null,"M","$","M","?","?","R","E","M","T"],"character_chosen":"THE_SILENT","items_purchased":["Poisoned Stab","Crippling Poison","Cloak And Dagger","Flechettes","Dramatic Entrance","Distraction"],"campfire_rested":2,"item_purchase_floors":[3,3,5,19,19,19],"current_hp_per_floor":[70,69,69,63,63,47,47,27,27,48,47,47,49,51,51,24,70,45,45,19,19,19,55,23,1,1,0],"gold":46,"neow_bonus":"THREE_CARDS","is_prod":false,"is_daily":false,"chose_seed":false,"campfire_upgraded":2,"win_rate":0,"timestamp":1538965800,"path_taken":["M","?","$","?","$","E","R","E","T","R","M","?","M","M","R","BOSS","M","$","M","?","?","R","E","?","T","M"],"build_version":"2018-09-06","purchased_purges":0,"victory":false,"max_hp_per_floor":[70,70,70,70,70,70,70,70,70,70,70,70,70,70,70,70,70,70,70,70,70,70,70,70,70,70,70],"card_choices":[{"not_picked":["Dagger Spray","Acrobatics"],"picked":"Deadly Poison","floor":0},{"not_picked":["All Out Attack","Riddle With Holes"],"picked":"Backflip","floor":1},{"not_picked":["Tactician","Prepared"],"picked":"Terror","floor":2},{"not_picked":["Dodge and Roll","PiercingWail"],"picked":"Cloak And Dagger","floor":4},{"not_picked":["Endless Agony","Dagger Spray"],"picked":"Tools of the Trade","floor":6},{"not_picked":["Dagger Spray","Quick Slash"],"picked":"Deadly Poison","floor":8},{"not_picked":["All Out Attack","Cloak And Dagger"],"picked":"Deadly Poison","floor":11},{"not_picked":["Blur","PiercingWail"],"picked":"Backflip","floor":13},{"not_picked":["Blade Dance","Infinite Blades"],"picked":"Dagger Spray","floor":14},{"not_picked":["Unload","After Image"],"picked":"Burst","floor":16},{"not_picked":["Backflip","Dagger Spray"],"picked":"Expertise","floor":18},{"not_picked":["Endless Agony","Well Laid Plans"],"picked":"Predator","floor":20},{"not_picked":["Backflip","Envenom"],"picked":"Dagger Throw+1","floor":24},{"not_picked":["Slice","Dodge and Roll"],"picked":"Footwork","floor":25}],"player_experience":62812,"relics_obtained":[{"floor":6,"key":"Blood Vial"},{"floor":8,"key":"Orichalcum"},{"floor":9,"key":"Bronze Scales"},{"floor":24,"key":"Shuriken"},{"floor":26,"key":"Nunchaku"}],"event_choices":[{"event_name":"Purifier","player_choice":"One Purge","floor":12,"damage_taken":0},{"event_name":"Masked Bandits","player_choice":"Paid Fearfully","floor":21,"damage_taken":0},{"event_name":"Back to Basics","player_choice":"Simplicity","floor":22,"damage_taken":0}],"is_beta":false,"boss_relics":[{"not_picked":["Pandora\u0027s Box","Ectoplasm"],"picked":"Eternal Feather"}],"items_purged_floors":[],"is_endless":false,"potions_floor_spawned":[1,2,4,8,13,20,25],"killed_by":"Cultist and Chosen","ascension_level":2}