{"gold_per_floor":[110,122,122,137,147,181,181,197,197,197,197,224,235,235,235,339,339,324,324,324,337,352,352],"floor_reached":23,"playtime":2297,"items_purged":[],"score":257,"play_id":"45699350-9665-4c8d-b36d-0ed696780090","local_time":"20190424002135","is_ascension_mode":true,"campfire_choices":[{"data":"Shrug It Off","floor":7,"key":"SMITH"},{"floor":11,"key":"REST"},{"floor":15,"key":"REST"}],"neow_cost":"NONE","seed_source_timestamp":3058482543976837,"circlet_count":0,"master_deck":["Strike_R","Strike_R","Strike_R","Strike_R","Strike_R","Defend_R+1","Defend_R","Defend_R","Defend_R","Bash","Brutality+1","Armaments+1","Fire Breathing","Shrug It Off+1","Shrug It Off","Shrug It Off","Iron Wave","Pommel Strike+1","Warcry","Fiend Fire+1","Clothesline+1","Ghostly","Ghostly","Ghostly","Ghostly","Ghostly","Pommel Strike+1","Blood for Blood+1"],"relics":["Burning Blood","Potion Belt","Molten Egg 2","Odd Mushroom","Matryoshka","White Beast Statue"],"potions_floor_usage":[16,16,18,21,21,22,22,23,23,23,23,23,23,23],"damage_taken":[{"damage":3,"enemies":"Small Slimes","floor":1,"turns":3},{"damage":7,"enemies":"Jaw Worm","floor":2,"turns":4},{"damage":11,"enemies":"2 Louse","floor":4,"turns":4},{"damage":27,"enemies":"Exordium Thugs","floor":5,"turns":6},{"damage":26,"enemies":"3 Sentries","floor":6,"turns":11},{"damage":7,"enemies":"3 Louse","floor":8,"turns":6},{"damage":13,"enemies":"The Mushroom Lair","floor":12,"turns":6},{"damage":1,"enemies":"Red Slaver","floor":13,"turns":4},{"damage":35,"enemies":"The Guardian","floor":16,"turns":17},{"damage":2,"enemies":"2 Thieves","floor":18,"turns":4},{"damage":9,"enemies":"Shell Parasite","floor":21,"turns":10},{"damage":10,"enemies":"Centurion and Healer","floor":22,"turns":7},{"damage":43,"enemies":"Slavers","floor":23,"turns":9}],"seed_played":"-5216282209998608150","potions_obtained":[{"floor":5,"key":"Dexterity Potion"},{"floor":6,"key":"Swift Potion"},{"floor":12,"key":"Poison Potion"},{"floor":13,"key":"PowerPotion"},{"floor":16,"key":"EssenceOfSteel"},{"floor":18,"key":"AttackPotion"},{"floor":20,"key":"EssenceOfSteel"},{"floor":20,"key":"EntropicBrew"},{"floor":20,"key":"LiquidBronze"},{"floor":21,"key":"Explosive Potion"},{"floor":22,"key":"Strength Potion"}],"is_trial":false,"path_per_floor":["M","M","?","M","M","E","R","M","T","?","R","?","M","?","R","B",null,"M","?","?","M","M","E"],"character_chosen":"IRONCLAD","items_purchased":[],"campfire_rested":2,"item_purchase_floors":[],"current_hp_per_floor":[80,79,79,74,53,33,33,32,32,16,40,33,38,38,62,33,80,80,40,40,37,33,0],"gold":352,"neow_bonus":"ONE_RANDOM_RARE_CARD","is_prod":false,"is_daily":false,"chose_seed":false,"campfire_upgraded":1,"win_rate":0,"timestamp":1556079695,"path_taken":["M","M","?","M","M","E","R","M","T","?","R","?","?","?","R","BOSS","M","?","?","M","?","E"],"build_version":"2018-11-15","purchased_purges":0,"victory":false,"max_hp_per_floor":[80,80,80,80,80,80,80,80,80,80,80,80,80,80,80,80,80,80,40,40,40,40,40],"card_choices":[{"not_picked":["Sword Boomerang","Clothesline"],"picked":"Armaments","floor":1},{"not_picked":["Exhume","Cleave"],"picked":"Fire Breathing","floor":2},{"not_picked":["Bloodletting","Wild Strike"],"picked":"Shrug It Off","floor":4},{"not_picked":["Armaments","Sentinel"],"picked":"Shrug It Off","floor":5},{"not_picked":["Sword Boomerang","Exhume"],"picked":"Shrug It Off","floor":6},{"not_picked":["Cleave","Warcry"],"picked":"Iron Wave","floor":8},{"not_picked":["Perfected Strike+1","Havoc"],"picked":"Pommel Strike+1","floor":12},{"not_picked":["Power Through","Anger+1"],"picked":"Warcry","floor":13},{"not_picked":["Berserk","Exhume"],"picked":"Fiend Fire+1","floor":16},{"not_picked":["Thunderclap+1","Body Slam+1"],"picked":"Clothesline+1","floor":18},{"not_picked":["Fire Breathing","Heavy Blade+1"],"picked":"Pommel Strike+1","floor":21},{"not_picked":["Heavy Blade+1","Pommel Strike+1"],"picked":"Blood for Blood+1","floor":22}],"player_experience":152367,"relics_obtained":[{"floor":6,"key":"Potion Belt"},{"floor":9,"key":"Molten Egg 2"},{"floor":12,"key":"Odd Mushroom"}],"event_choices":[{"damage_healed":0,"gold_gain":0,"player_choice":"Grow","damage_taken":0,"max_hp_gain":0,"max_hp_loss":0,"event_name":"Living Wall","floor":3,"gold_loss":0,"cards_upgraded":["Armaments"]},{"damage_healed":0,"gold_gain":0,"player_choice":"Entered Light","damage_taken":16,"max_hp_gain":0,"max_hp_loss":0,"event_name":"Shining Light","floor":10,"gold_loss":0,"cards_upgraded":["Brutality","Defend_R"]},{"damage_healed":0,"gold_gain":0,"player_choice":"Fought Mushrooms","damage_taken":0,"max_hp_gain":0,"max_hp_loss":0,"event_name":"Mushrooms","floor":12,"gold_loss":0},{"damage_healed":0,"gold_gain":0,"player_choice":"Gave Potion","damage_taken":0,"relics_obtained":["Matryoshka"],"max_hp_gain":0,"max_hp_loss":0,"event_name":"WeMeetAgain","floor":14,"gold_loss":0},{"damage_healed":0,"gold_gain":0,"player_choice":"Became a Ghost","damage_taken":0,"max_hp_gain":0,"max_hp_loss":40,"event_name":"Ghosts","floor":19,"gold_loss":0,"cards_obtained":["Ghostly","Ghostly","Ghostly","Ghostly","Ghostly"]},{"damage_healed":0,"gold_gain":0,"player_choice":"Got Potions","damage_taken":0,"max_hp_gain":0,"max_hp_loss":0,"event_name":"Lab","floor":20,"gold_loss":0}],"is_beta":false,"boss_relics":[{"not_picked":["Snecko Eye","Philosopher\u0027s Stone"],"picked":"White Beast Statue"}],"items_purged_floors":[],"is_endless":false,"potions_floor_spawned":[5,6,12,13,16,18,21,22],"killed_by":"Slavers","ascension_level":4}