{"gold_per_floor":[117,117,134,152,152,184,184,258,283,297,204,231,244,263,263,361,361,378,378,378,395,411,411,426,437,437,71,71,100,73,86,86,184,184,199,29,29,49,67,94,94,106,106,136,136,156,156,172,172,172],"floor_reached":51,"playtime":5112,"items_purged":["Writhe"],"score":858,"play_id":"c308cdbb-bab1-46d4-ace1-971878fa4905","local_time":"20181013020352","is_ascension_mode":true,"campfire_choices":[{"data":"Uppercut","floor":7,"key":"SMITH"},{"floor":15,"key":"REST"},{"floor":23,"key":"REST"},{"floor":32,"key":"REST"},{"floor":41,"key":"REST"},{"floor":47,"key":"REST"},{"floor":49,"key":"REST"}],"neow_cost":"NONE","seed_source_timestamp":246770902246995,"circlet_count":0,"master_deck":["Strike_R","Strike_R","Strike_R","Strike_R","Strike_R","Defend_R","Defend_R","Defend_R","Defend_R","Bash","Body Slam+1","Uppercut+1","Pommel Strike","Disarm","True Grit","Blind","Cleave","Reaper","Feed","Pommel Strike+1","Battle Trance","Body Slam","Flame Barrier+1","Iron Wave","Metallicize","Metallicize","Master of Strategy","Armaments","Hemokinesis","Armaments","Shrug It Off","Juggernaut","Shrug It Off+1","Transmutation","Headbutt","Headbutt+1","Uppercut+1","Exhume","Disarm+1","Clothesline","Spot Weakness+1"],"relics":["Burning Blood","Blood Vial","Regal Pillow","Sundial","PreservedInsect","Pen Nib","Fusion Hammer","The Courier","Peace Pipe","MawBank","Velvet Choker","Orichalcum","Ornamental Fan","Ancient Tea Set"],"potions_floor_usage":[10,22,29,33,33,40,50],"damage_taken":[{"damage":0,"enemies":"2 Louse","floor":1,"turns":3},{"damage":6,"enemies":"Cultist","floor":3,"turns":3},{"damage":0,"enemies":"Small Slimes","floor":4,"turns":3},{"damage":45,"enemies":"Lagavulin","floor":6,"turns":6},{"damage":11,"enemies":"Exordium Thugs","floor":10,"turns":4},{"damage":9,"enemies":"Blue Slaver","floor":13,"turns":5},{"damage":9,"enemies":"Looter","floor":14,"turns":3},{"damage":31,"enemies":"Slime Boss","floor":16,"turns":9},{"damage":17,"enemies":"Chosen","floor":18,"turns":5},{"damage":17,"enemies":"2 Thieves","floor":21,"turns":4},{"damage":30,"enemies":"Snecko","floor":22,"turns":6},{"damage":14,"enemies":"3 Cultists","floor":24,"turns":5},{"damage":34,"enemies":"Snake Plant","floor":25,"turns":5},{"damage":45,"enemies":"Gremlin Leader","floor":29,"turns":6},{"damage":29,"enemies":"Cultist and Chosen","floor":31,"turns":7},{"damage":41,"enemies":"Collector","floor":33,"turns":13},{"damage":34,"enemies":"3 Darklings","floor":35,"turns":7},{"damage":8,"enemies":"3 Shapes","floor":38,"turns":4},{"damage":47,"enemies":"Sphere and 2 Shapes","floor":39,"turns":7},{"damage":26,"enemies":"Giant Head","floor":40,"turns":8},{"damage":31,"enemies":"3 Darklings","floor":42,"turns":5},{"damage":19,"enemies":"2 Orb Walkers","floor":44,"turns":5},{"damage":27,"enemies":"Transient","floor":46,"turns":5},{"damage":22,"enemies":"Reptomancer","floor":48,"turns":7},{"damage":57,"enemies":"Awakened One","floor":50,"turns":14}],"seed_played":"2178829636131855725","potions_obtained":[{"floor":1,"key":"PowerPotion"},{"floor":3,"key":"Poison Potion"},{"floor":4,"key":"AttackPotion"},{"floor":21,"key":"AttackPotion"},{"floor":29,"key":"SteroidPotion"},{"floor":31,"key":"Strength Potion"},{"floor":39,"key":"Dexterity Potion"},{"floor":40,"key":"FearPotion"},{"floor":42,"key":"Weak Potion"},{"floor":46,"key":"Block Potion"}],"is_trial":false,"path_per_floor":["M","?","M","M","?","E","R","T","T","M","$","T","M","M","R","B",null,"M","?","?","M","M","R","M","M","T","$","?","E","$","M","R","B",null,"M","$","?","M","M","E","R","M","T","E","?","M","R","M","R","B"],"character_chosen":"IRONCLAD","items_purchased":["Blind","Metallicize","Master of Strategy","Armaments","Dark Shackles","Armaments","Transmutation"],"campfire_rested":6,"item_purchase_floors":[11,27,27,27,27,30,36],"current_hp_per_floor":[80,80,80,80,85,46,46,46,46,46,46,46,45,44,85,65,88,77,77,77,71,52,94,89,67,67,67,48,26,26,8,54,39,105,88,88,88,95,64,46,95,76,76,69,69,50,97,92,108,78],"gold":172,"neow_bonus":"RANDOM_COMMON_RELIC","is_prod":false,"is_daily":false,"chose_seed":false,"campfire_upgraded":1,"win_rate":0,"timestamp":1539410632,"path_taken":["M","?","M","M","?","E","R","?","T","M","?","?","M","M","R","BOSS","M","?","?","M","M","R","M","M","T","$","?","E","?","M","R","BOSS","M","?","?","M","?","E","R","M","T","E","?","M","R","M","R","BOSS"],"build_version":"2018-09-06","purchased_purges":1,"victory":true,"max_hp_per_floor":[80,80,80,80,85,85,85,85,85,88,88,88,88,88,88,88,88,88,88,88,91,94,94,97,97,97,97,102,102,102,105,105,105,105,108,108,108,111,114,114,114,114,114,114,108,108,108,108,108,111],"card_choices":[{"not_picked":["Second Wind","Thunderclap"],"picked":"Body Slam","floor":1},{"not_picked":["Ghostly Armor","Cleave"],"picked":"Uppercut","floor":3},{"not_picked":["Perfected Strike","Iron Wave"],"picked":"Pommel Strike","floor":4},{"not_picked":["Anger","Thunderclap"],"picked":"Disarm","floor":6},{"not_picked":["Corruption","Twin Strike"],"picked":"True Grit","floor":10},{"not_picked":["Flame Barrier","Evolve"],"picked":"Cleave","floor":13},{"not_picked":["Iron Wave","Wild Strike"],"picked":"Reaper","floor":14},{"not_picked":["Offering","Exhume"],"picked":"Feed","floor":16},{"not_picked":["Perfected Strike+1","Clash"],"picked":"Pommel Strike+1","floor":18},{"not_picked":["Iron Wave","Warcry"],"picked":"Body Slam","floor":21},{"not_picked":["Clash","Flex"],"picked":"Flame Barrier+1","floor":22},{"not_picked":["Cleave","Heavy Blade"],"picked":"Iron Wave","floor":24},{"not_picked":["Offering","Headbutt"],"picked":"Metallicize","floor":25},{"not_picked":["Rampage","Dropkick"],"picked":"Hemokinesis","floor":29},{"not_picked":["Perfected Strike","Thunderclap"],"picked":"Shrug It Off","floor":31},{"not_picked":["Berserk","Limit Break"],"picked":"Juggernaut","floor":33},{"not_picked":["Uppercut","Anger+1"],"picked":"Shrug It Off+1","floor":35},{"not_picked":["Clash+1","Heavy Blade+1"],"picked":"Headbutt","floor":38},{"not_picked":["Wild Strike","Flex"],"picked":"Headbutt+1","floor":39},{"not_picked":["Flex","Rage"],"picked":"Uppercut+1","floor":40},{"not_picked":["Thunderclap+1","Anger+1"],"picked":"Exhume","floor":42},{"not_picked":["Anger","Intimidate"],"picked":"Disarm+1","floor":44},{"not_picked":["Sword Boomerang","Twin Strike+1"],"picked":"Clothesline","floor":46},{"not_picked":["Intimidate+1","Pommel Strike"],"picked":"Spot Weakness+1","floor":48}],"player_experience":102225,"relics_obtained":[{"floor":6,"key":"Regal Pillow"},{"floor":8,"key":"Sundial"},{"floor":9,"key":"PreservedInsect"},{"floor":12,"key":"Pen Nib"},{"floor":26,"key":"Peace Pipe"},{"floor":29,"key":"MawBank"},{"floor":40,"key":"Orichalcum"},{"floor":43,"key":"Ornamental Fan"},{"floor":44,"key":"Ancient Tea Set"}],"event_choices":[{"event_name":"Upgrade Shrine","player_choice":"Upgraded","floor":2,"damage_taken":0},{"event_name":"Big Fish","player_choice":"Donut","floor":5,"damage_taken":0},{"event_name":"The Mausoleum","player_choice":"Yes","floor":19,"damage_taken":0},{"event_name":"The Library","player_choice":"Read","floor":20,"damage_taken":0},{"event_name":"Forgotten Altar","player_choice":"Shed Blood","floor":28,"damage_taken":0},{"event_name":"Falling","player_choice":"Removed Skill","floor":37,"damage_taken":0},{"event_name":"Winding Halls","player_choice":"Max HP","floor":45,"damage_taken":0}],"is_beta":false,"boss_relics":[{"not_picked":["Lizard Tail","Philosopher\u0027s Stone"],"picked":"Fusion Hammer"},{"not_picked":["Astrolabe","Tiny House"],"picked":"Velvet Choker"}],"items_purged_floors":[27],"is_endless":false,"potions_floor_spawned":[1,3,4,21,29,31,39,40,42,46,48],"ascension_level":3}