{"gold_per_floor":[110,110,127,146,321,354,369,369,449,468,468,480,514,526,538,550],"floor_reached":16,"playtime":1322,"items_purged":[],"score":112,"play_id":"745c588c-4a83-4e1a-81ec-3ad42b43da34","local_time":"20190529180307","is_ascension_mode":false,"campfire_choices":[{"floor":8,"key":"REST"},{"data":"Backstab","floor":11,"key":"SMITH"},{"floor":15,"key":"REST"}],"neow_cost":"NONE","seed_source_timestamp":993268123000436,"circlet_count":0,"master_deck":["Defend_G","Defend_G","Defend_G","Defend_G","Defend_G+1","Strike_G","Strike_G","Strike_G+1","Strike_G","Strike_G","Survivor","Neutralize","Corpse Explosion","Backstab+1","Deflect","Burst","Doubt","Flying Knee","Acrobatics","Blade Dance","Poisoned Stab+1"],"relics":["Ring of the Snake","Ice Cream","Molten Egg 2","MawBank"],"potions_floor_usage":[6,13,13,13,13,13,13],"damage_taken":[{"damage":4,"enemies":"Cultist","floor":1,"turns":6},{"damage":1,"enemies":"Small Slimes","floor":3,"turns":3},{"damage":0,"enemies":"Jaw Worm","floor":4,"turns":3},{"damage":29,"enemies":"3 Sentries","floor":6,"turns":17},{"damage":2,"enemies":"Large Slime","floor":7,"turns":6},{"damage":0,"enemies":"Exordium Wildlife","floor":10,"turns":3},{"damage":0,"enemies":"2 Fungi Beasts","floor":12,"turns":1},{"damage":14,"enemies":"Lagavulin","floor":13,"turns":6},{"damage":49,"enemies":"Slime Boss","floor":16,"turns":11}],"seed_played":"5845750756466018932","potions_obtained":[{"floor":1,"key":"SkillPotion"},{"floor":6,"key":"EntropicBrew"},{"floor":7,"key":"EssenceOfSteel"},{"floor":10,"key":"Swift Potion"}],"is_trial":false,"path_per_floor":["M","?","M","M","?","E","M","R","T","M","R","M","E","$","R","B"],"character_chosen":"THE_SILENT","items_purchased":[],"campfire_rested":2,"item_purchase_floors":[],"current_hp_per_floor":[66,52,51,51,51,22,20,41,41,41,41,41,27,27,48,0],"gold":550,"neow_bonus":"ONE_RANDOM_RARE_CARD","is_prod":false,"is_daily":false,"chose_seed":false,"campfire_upgraded":1,"win_rate":0.0,"timestamp":1559174587,"path_taken":["M","?","M","M","?","E","M","R","T","M","R","M","E","?","R","BOSS"],"build_version":"2019-01-23","purchased_purges":0,"victory":false,"max_hp_per_floor":[70,70,70,70,70,70,70,70,70,70,70,70,70,70,70,70],"card_choices":[{"not_picked":["Deflect","Quick Slash"],"picked":"Backstab","floor":1},{"not_picked":["Blur","Prepared"],"picked":"Deflect","floor":3},{"not_picked":["Backflip","Underhanded Strike"],"picked":"Burst","floor":4},{"not_picked":["Backflip","Caltrops"],"picked":"Flying Knee","floor":6},{"not_picked":["Flechettes","Expertise"],"picked":"Acrobatics","floor":7},{"not_picked":["Reflex","Tactician","Acrobatics"],"picked":"SKIP","floor":10},{"not_picked":["Dagger Spray+1","Heel Hook+1"],"picked":"Blade Dance","floor":12},{"not_picked":["Reflex","Caltrops"],"picked":"Poisoned Stab+1","floor":13}],"player_experience":11523,"relics_obtained":[{"floor":6,"key":"Ice Cream"},{"floor":9,"key":"Molten Egg 2"},{"floor":13,"key":"MawBank"}],"event_choices":[{"damage_healed":0,"gold_gain":0,"player_choice":"Entered Light","damage_taken":14,"max_hp_gain":0,"max_hp_loss":0,"event_name":"Shining Light","floor":2,"gold_loss":0,"cards_upgraded":["Strike_G","Defend_G"]},{"damage_healed":0,"gold_gain":175,"player_choice":"AGREE","damage_taken":0,"max_hp_gain":0,"max_hp_loss":0,"event_name":"Liars Game","floor":5,"gold_loss":0,"cards_obtained":["Doubt"]}],"is_beta":false,"boss_relics":[],"items_purged_floors":[],"is_endless":false,"potions_floor_spawned":[1,6,7,10],"killed_by":"Slime Boss","ascension_level":0}