{"gold_per_floor":[218,168,187,112,112,12,38,38,61,61,72,72,107,118,118,217,217,234,247,267,267,278,278,278,278,278,278],"floor_reached":27,"playtime":2073,"items_purged":["Strike_R","Strike_R"],"score":253,"play_id":"34de9336-4746-4a01-83af-402819fc7ec3","local_time":"20190223000950","is_ascension_mode":true,"campfire_choices":[{"floor":8,"key":"REST"},{"data":"Spot Weakness","floor":10,"key":"SMITH"},{"floor":15,"key":"REST"},{"floor":24,"key":"REST"}],"neow_cost":"NONE","seed_source_timestamp":108209547206,"circlet_count":0,"master_deck":["Strike_R","Strike_R+1","Defend_R+1","Defend_R","Bash","Spot Weakness+1","Shrug It Off","Iron Wave+1","Iron Wave+1","Feed+1","Shrug It Off+1","Thunderclap+1"],"relics":["Burning Blood","Molten Egg 2","Orichalcum","Magic Flower","Empty Cage","Prayer Wheel","Blue Candle"],"potions_floor_usage":[23,23,23],"damage_taken":[{"damage":8,"enemies":"Jaw Worm","floor":1,"turns":4},{"damage":2,"enemies":"2 Louse","floor":3,"turns":3},{"damage":31,"enemies":"Lagavulin","floor":7,"turns":6},{"damage":0,"enemies":"Small Slimes","floor":11,"turns":2},{"damage":23,"enemies":"Gremlin Nob","floor":13,"turns":5},{"damage":2,"enemies":"Looter","floor":14,"turns":3},{"damage":39,"enemies":"Hexaghost","floor":16,"turns":9},{"damage":9,"enemies":"3 Byrds","floor":18,"turns":7},{"damage":0,"enemies":"Shell Parasite","floor":19,"turns":7},{"damage":17,"enemies":"Centurion and Healer","floor":20,"turns":7},{"damage":41,"enemies":"Cultist and Chosen","floor":22,"turns":10},{"damage":37,"enemies":"Book of Stabbing","floor":23,"turns":7},{"damage":57,"enemies":"Gremlin Leader","floor":27,"turns":7}],"seed_played":"-3846683392299428123","potions_obtained":[{"floor":3,"key":"SmokeBomb"},{"floor":11,"key":"Weak Potion"},{"floor":18,"key":"SkillPotion"},{"floor":19,"key":"Dexterity Potion"}],"is_trial":false,"path_per_floor":["M","?","M","$","?","$","E","R","T","R","M","$","E","M","R","B",null,"M","M","M","?","M","E","R","?","T","E"],"character_chosen":"IRONCLAD","items_purchased":[],"campfire_rested":3,"item_purchase_floors":[],"current_hp_per_floor":[78,78,80,80,64,64,39,63,63,63,69,69,52,59,80,50,80,80,84,82,82,56,28,55,55,55,0],"gold":278,"neow_bonus":"HUNDRED_GOLD","is_prod":false,"is_daily":false,"chose_seed":false,"campfire_upgraded":1,"win_rate":0,"timestamp":1550909390,"path_taken":["M","?","M","$","?","$","E","R","T","R","M","?","E","M","R","BOSS","M","M","M","?","M","E","R","?","T","E"],"build_version":"2019-01-23","purchased_purges":2,"victory":false,"max_hp_per_floor":[80,80,80,80,80,80,80,80,80,80,80,80,80,80,80,80,80,80,84,88,88,92,92,92,92,92,92],"card_choices":[{"not_picked":["Iron Wave","Sword Boomerang"],"picked":"Spot Weakness","floor":1},{"not_picked":["Clothesline","Pummel"],"picked":"Shrug It Off","floor":3},{"not_picked":["Body Slam","Uppercut","Thunderclap"],"picked":"SKIP","floor":7},{"not_picked":["Corruption","Dropkick+1"],"picked":"Iron Wave+1","floor":11},{"not_picked":["Pummel+1","Power Through","Clash+1"],"picked":"SKIP","floor":13},{"not_picked":["Reckless Charge+1","Sword Boomerang+1"],"picked":"Iron Wave+1","floor":14},{"not_picked":["Fiend Fire+1","Berserk"],"picked":"Feed+1","floor":16},{"not_picked":["Second Wind","Body Slam+1"],"picked":"Shrug It Off+1","floor":18},{"not_picked":["Havoc","Pummel+1","Twin Strike+1"],"picked":"SKIP","floor":19},{"not_picked":["Armaments","True Grit","Seeing Red"],"picked":"SKIP","floor":20},{"not_picked":["Searing Blow+1","Feel No Pain"],"picked":"Thunderclap+1","floor":22},{"not_picked":["Flex","Shrug It Off","Perfected Strike+1"],"picked":"SKIP","floor":22}],"player_experience":101064,"relics_obtained":[{"floor":7,"key":"Molten Egg 2"},{"floor":9,"key":"Orichalcum"},{"floor":13,"key":"Magic Flower"},{"floor":26,"key":"Blue Candle"}],"event_choices":[{"cards_removed":["Defend_R"],"damage_healed":0,"gold_gain":0,"player_choice":"Card Removal","damage_taken":0,"max_hp_gain":0,"max_hp_loss":0,"event_name":"The Cleric","floor":2,"gold_loss":50},{"damage_healed":0,"gold_gain":0,"player_choice":"Entered Light","damage_taken":16,"max_hp_gain":0,"max_hp_loss":0,"event_name":"Shining Light","floor":5,"gold_loss":0,"cards_upgraded":["Strike_R","Defend_R"]},{"damage_healed":0,"gold_gain":0,"player_choice":"Opened","damage_taken":0,"relics_obtained":["Prayer Wheel"],"max_hp_gain":0,"max_hp_loss":0,"event_name":"The Mausoleum","floor":21,"gold_loss":0,"cards_obtained":["Writhe"]},{"cards_removed":["Writhe"],"damage_healed":0,"gold_gain":0,"player_choice":"Removed Curses","damage_taken":0,"max_hp_gain":0,"max_hp_loss":0,"event_name":"Fountain of Cleansing","floor":25,"gold_loss":0}],"is_beta":false,"boss_relics":[{"not_picked":["Runic Pyramid","Busted Crown"],"picked":"Empty Cage"}],"items_purged_floors":[4,6],"is_endless":false,"potions_floor_spawned":[3,11,18,19],"killed_by":"Gremlin Leader","ascension_level":1}