{"gold_per_floor":[109,15,34,34,54,92,110,110,189,189,28,48,66,90,90,90],"floor_reached":16,"playtime":825,"items_purged":[],"score":114,"play_id":"9a701ce2-6563-4014-942a-3639e876a3ac","local_time":"20181009031317","is_ascension_mode":true,"campfire_choices":[{"floor":8,"key":"REST"},{"data":"Havoc","floor":10,"key":"SMITH"},{"floor":15,"key":"REST"}],"neow_cost":"","seed_source_timestamp":480442632591197,"circlet_count":0,"master_deck":["Strike_R","Strike_R","Strike_R","Strike_R","Strike_R","Defend_R","Defend_R","Defend_R","Defend_R","Bash","Sword Boomerang","Havoc+1","Disarm","True Grit","Exhume","Pummel","Battle Trance","Fiend Fire","Flash of Steel","Seeing Red","Sever Soul","Shrug It Off"],"relics":["Burning Blood","Golden Idol","Torii","Sundial"],"potions_floor_usage":[12],"damage_taken":[{"damage":6,"enemies":"Cultist","floor":1,"turns":4},{"damage":6,"enemies":"2 Louse","floor":3,"turns":2},{"damage":0,"enemies":"Small Slimes","floor":5,"turns":5},{"damage":48,"enemies":"3 Sentries","floor":6,"turns":11},{"damage":13,"enemies":"2 Fungi Beasts","floor":7,"turns":4},{"damage":19,"enemies":"Exordium Thugs","floor":12,"turns":5},{"damage":2,"enemies":"Red Slaver","floor":13,"turns":3},{"damage":8,"enemies":"3 Louse","floor":14,"turns":2},{"damage":54,"enemies":"The Guardian","floor":16,"turns":5}],"seed_played":"-1185938376617750040","potions_obtained":[{"floor":6,"key":"Poison Potion"},{"floor":13,"key":"Swift Potion"}],"is_trial":false,"path_per_floor":["M","$","M","?","M","E","M","R","T","R","$","M","M","M","R"],"character_chosen":"IRONCLAD","items_purchased":["Havoc","Disarm","Fiend Fire","Flash of Steel"],"campfire_rested":2,"item_purchase_floors":[2,2,11,11],"current_hp_per_floor":[80,80,80,60,66,24,17,41,41,41,41,28,32,30,54,0],"gold":90,"neow_bonus":"","is_prod":false,"is_daily":false,"chose_seed":false,"campfire_upgraded":1,"win_rate":0,"timestamp":1539069197,"path_taken":["M","?","M","?","?","E","M","R","T","R","$","M","?","M","R","BOSS"],"build_version":"2018-09-06","purchased_purges":0,"victory":false,"max_hp_per_floor":[80,80,80,80,80,80,80,80,80,80,80,80,80,80,80,80],"card_choices":[{"not_picked":["Feel No Pain","Thunderclap"],"picked":"Sword Boomerang","floor":1},{"not_picked":["Anger","Sever Soul"],"picked":"True Grit","floor":3},{"not_picked":["Twin Strike","Pommel Strike"],"picked":"Exhume","floor":5},{"not_picked":["True Grit","Heavy Blade"],"picked":"Pummel","floor":6},{"not_picked":["Entrench","True Grit"],"picked":"Battle Trance","floor":7},{"not_picked":["Clash","Warcry"],"picked":"Seeing Red","floor":12},{"not_picked":["True Grit","Intimidate"],"picked":"Sever Soul","floor":13},{"not_picked":["Iron Wave","Rampage"],"picked":"Shrug It Off","floor":14}],"player_experience":76266,"relics_obtained":[{"floor":6,"key":"Torii"},{"floor":9,"key":"Sundial"}],"event_choices":[{"event_name":"Golden Idol","player_choice":"Take Damage","floor":4,"damage_taken":0}],"is_beta":false,"boss_relics":[],"items_purged_floors":[],"is_endless":false,"potions_floor_spawned":[6,13],"killed_by":"The Guardian","ascension_level":2}