{"gold_per_floor":[113,129,146,164,229,260,260,295,295,320,334,334,345,376,376,477,477,496,44,44,63,63,93,93,113,113,131,141,141],"floor_reached":29,"playtime":2367,"items_purged":[],"score":416,"play_id":"cea60709-7aed-439a-8092-e72c9a803ca1","local_time":"20190513162839","is_ascension_mode":true,"campfire_choices":[{"floor":7,"key":"REST"},{"floor":12,"key":"REST"},{"floor":15,"key":"REST"},{"floor":24,"key":"REST"}],"neow_cost":"NONE","seed_source_timestamp":9454245724943,"circlet_count":0,"master_deck":["AscendersBane","Zap","Dualcast","Coolheaded","Recycle","Capacitor","Doom and Gloom","Biased Cognition","FTL","Heatsinks","Darkness","Sunder","Loop","Amplify","BootSequence","Seek","Ball Lightning","Doom and Gloom","Steam","Chaos","Recycle","Static Discharge","Chill","Magnetism","Hello World","Consume","Hello World+1","Mind Blast","Coolheaded","Blizzard","Sunder+1","Defragment","Conserve Battery","Double Energy"],"relics":["Cracked Core","Bottled Lightning","Mummified Hand","Cables","Blue Candle","Boot","Pandora\u0027s Box","Runic Capacitor","Dream Catcher","Incense Burner"],"potions_floor_usage":[8,10,11,14,25,29],"damage_taken":[{"damage":0,"enemies":"Small Slimes","floor":1,"turns":3},{"damage":0,"enemies":"2 Louse","floor":2,"turns":5},{"damage":0,"enemies":"Cultist","floor":3,"turns":4},{"damage":15,"enemies":"Large Slime","floor":4,"turns":8},{"damage":29,"enemies":"3 Sentries","floor":6,"turns":7},{"damage":13,"enemies":"Gremlin Nob","floor":8,"turns":4},{"damage":27,"enemies":"3 Sentries","floor":10,"turns":6},{"damage":0,"enemies":"2 Fungi Beasts","floor":11,"turns":3},{"damage":14,"enemies":"Lots of Slimes","floor":13,"turns":5},{"damage":8,"enemies":"Gremlin Nob","floor":14,"turns":5},{"damage":31,"enemies":"Slime Boss","floor":16,"turns":9},{"damage":0,"enemies":"Chosen","floor":18,"turns":4},{"damage":7,"enemies":"Spheric Guardian","floor":21,"turns":4},{"damage":46,"enemies":"Slavers","floor":23,"turns":4},{"damage":12,"enemies":"Snake Plant","floor":25,"turns":3},{"damage":7,"enemies":"Centurion and Healer","floor":27,"turns":3},{"damage":14,"enemies":"Snecko","floor":28,"turns":4},{"damage":9,"enemies":"Colosseum Slavers","floor":29,"turns":1}],"seed_played":"-6007189721077997989","potions_obtained":[{"floor":4,"key":"Weak Potion"},{"floor":8,"key":"Strength Potion"},{"floor":10,"key":"AttackPotion"},{"floor":11,"key":"FocusPotion"},{"floor":14,"key":"Ancient Potion"},{"floor":16,"key":"AttackPotion"},{"floor":18,"key":"Weak Potion"},{"floor":23,"key":"LiquidBronze"}],"is_trial":false,"path_per_floor":["?","?","?","M","?"],"character_chosen":"DEFECT","items_purchased":["Magnetism","Runic Capacitor","Hello World"],"campfire_rested":4,"item_purchase_floors":[19,19,19],"current_hp_per_floor":[75,75,75,60,60,31,55,42,42,15,15,39,25,17,41,10,64,64,64,64,57,57,11,35,23,23,16,2,0],"gold":141,"neow_bonus":"TEN_PERCENT_HP_BONUS","is_prod":false,"is_daily":false,"chose_seed":false,"campfire_upgraded":0,"win_rate":0,"timestamp":1557779319,"path_taken":["M","M","M","M","?","E","R","E","T","E","M","R","M","E","R","BOSS","M","$","?","M","?","E","R","?","T","M","M","?"],"build_version":"2019-01-23","purchased_purges":0,"victory":false,"max_hp_per_floor":[82,82,82,82,82,82,82,82,82,82,82,82,82,82,82,82,82,82,82,82,82,82,82,82,82,82,82,82,82],"card_choices":[{"not_picked":["Turbo","Doom and Gloom"],"picked":"Coolheaded","floor":1},{"not_picked":["Rebound","Gash"],"picked":"Recycle","floor":2},{"not_picked":["Barrage","Steam"],"picked":"Capacitor","floor":3},{"not_picked":["Recycle","Compile Driver"],"picked":"Doom and Gloom","floor":4},{"not_picked":["Capacitor","Rip and Tear"],"picked":"Biased Cognition","floor":6},{"not_picked":["Conserve Battery","Beam Cell"],"picked":"FTL","floor":8},{"not_picked":["Cold Snap","Redo"],"picked":"Heatsinks","floor":10},{"not_picked":["Coolheaded","Steam"],"picked":"Darkness","floor":11},{"not_picked":["Auto Shields","Lockon"],"picked":"Sunder","floor":13},{"not_picked":["Amplify","White Noise"],"picked":"Loop","floor":14},{"not_picked":["Machine Learning","Multi-Cast"],"picked":"Amplify","floor":16},{"not_picked":["Ball Lightning","Coolheaded"],"picked":"Chill","floor":18},{"not_picked":["Cold Snap","Leap+1"],"picked":"Hello World+1","floor":21},{"not_picked":["Beam Cell","Redo"],"picked":"Blizzard","floor":23},{"not_picked":["Storm","Hologram"],"picked":"Sunder+1","floor":24},{"not_picked":["Darkness","Streamline+1"],"picked":"Defragment","floor":25},{"not_picked":["Leap+1","Skim"],"picked":"Conserve Battery","floor":27},{"not_picked":["Melter","Barrage"],"picked":"Double Energy","floor":28}],"player_experience":453170,"relics_obtained":[{"floor":6,"key":"Bottled Lightning"},{"floor":8,"key":"Mummified Hand"},{"floor":9,"key":"Cables"},{"floor":10,"key":"Blue Candle"},{"floor":14,"key":"Boot"},{"floor":23,"key":"Dream Catcher"},{"floor":26,"key":"Incense Burner"}],"event_choices":[{"damage_healed":0,"gold_gain":65,"player_choice":"Gained Gold","damage_taken":0,"max_hp_gain":0,"max_hp_loss":0,"event_name":"Golden Wing","floor":5,"gold_loss":0},{"damage_healed":0,"gold_gain":0,"player_choice":"Read","damage_taken":0,"max_hp_gain":0,"max_hp_loss":0,"event_name":"The Library","floor":20,"gold_loss":0,"cards_obtained":["Consume"]},{"damage_healed":0,"gold_gain":0,"player_choice":"2 cards matched","damage_taken":0,"max_hp_gain":0,"max_hp_loss":0,"event_name":"Match and Keep!","floor":22,"gold_loss":0,"cards_obtained":["Mind Blast","Coolheaded"]},{"damage_healed":0,"gold_gain":0,"player_choice":"Fight","damage_taken":0,"max_hp_gain":0,"max_hp_loss":0,"event_name":"Colosseum","floor":29,"gold_loss":0}],"is_beta":false,"boss_relics":[{"not_picked":["Runic Pyramid","Calling Bell"],"picked":"Pandora\u0027s Box"}],"items_purged_floors":[],"is_endless":false,"potions_floor_spawned":[4,8,10,11,14,16,18,23],"killed_by":"Colosseum Slavers","ascension_level":10}