{"gold_per_floor":[414,414,427,427,427,427,443,469,469,469,488,488],"floor_reached":12,"playtime":224,"items_purged":[],"score":148,"play_id":"a1664a36-4a26-415b-8a81-22b321156217","local_time":"20190529140845","is_ascension_mode":true,"campfire_choices":[{"floor":6,"key":"REST"},{"floor":10,"key":"REST"}],"neow_cost":"CURSE","seed_source_timestamp":183928074617227,"circlet_count":0,"master_deck":["AscendersBane","Strike_B+1","Strike_B","Strike_B","Strike_B","Defend_B","Defend_B+1","Defend_B","Defend_B","Zap","Dualcast","Ball Lightning","Cold Snap","Regret","Hologram","Streamline"],"relics":["Cracked Core","Old Coin","Pear","Frozen Egg 2","Matryoshka"],"potions_floor_usage":[],"damage_taken":[{"damage":4,"enemies":"2 Louse","floor":1,"turns":2},{"damage":10,"enemies":"Small Slimes","floor":3,"turns":3},{"damage":10,"enemies":"Jaw Worm","floor":7,"turns":2},{"damage":38,"enemies":"Lagavulin","floor":8,"turns":7},{"damage":23,"enemies":"Exordium Wildlife","floor":11,"turns":6},{"damage":10,"enemies":"Red Slaver","floor":12,"turns":1}],"seed_played":"3630033069038080909","potions_obtained":[{"floor":3,"key":"LiquidBronze"}],"is_trial":false,"path_per_floor":["M","?","M","?","?","R","M","E","T","R","M","M"],"character_chosen":"DEFECT","items_purchased":[],"campfire_rested":2,"item_purchase_floors":[],"current_hp_per_floor":[60,53,43,53,29,53,43,5,5,29,6,0],"gold":488,"neow_bonus":"ONE_RARE_RELIC","is_prod":false,"is_daily":false,"chose_seed":false,"campfire_upgraded":0,"win_rate":0,"timestamp":1559131725,"path_taken":["M","?","M","?","?","R","M","E","T","R","M","M"],"build_version":"2019-01-23","purchased_purges":0,"victory":false,"max_hp_per_floor":[71,71,71,81,81,81,81,81,81,81,81,81],"card_choices":[{"not_picked":["Recycle","Conserve Battery"],"picked":"Ball Lightning","floor":1},{"not_picked":["Lockon","Leap"],"picked":"Cold Snap","floor":3},{"not_picked":["Recycle","Go for the Eyes"],"picked":"Hologram","floor":7},{"not_picked":["Tempest","Chaos","Static Discharge"],"picked":"SKIP","floor":8},{"not_picked":["Rebound","Storm+1"],"picked":"Streamline","floor":11}],"player_experience":269739,"relics_obtained":[{"floor":8,"key":"Frozen Egg 2"},{"floor":9,"key":"Matryoshka"}],"event_choices":[{"cards_removed":["Writhe"],"damage_healed":0,"gold_gain":0,"player_choice":"Card Removal","damage_taken":7,"max_hp_gain":0,"max_hp_loss":0,"event_name":"Golden Wing","floor":2,"gold_loss":0},{"damage_healed":0,"gold_gain":0,"player_choice":"Box","damage_taken":0,"relics_obtained":["Pear"],"max_hp_gain":0,"max_hp_loss":0,"event_name":"Big Fish","floor":4,"gold_loss":0,"cards_obtained":["Regret"]},{"damage_healed":0,"gold_gain":0,"player_choice":"Entered Light","damage_taken":24,"max_hp_gain":0,"max_hp_loss":0,"event_name":"Shining Light","floor":5,"gold_loss":0,"cards_upgraded":["Strike_B","Defend_B"]}],"is_beta":false,"boss_relics":[],"items_purged_floors":[],"is_endless":false,"potions_floor_spawned":[3],"killed_by":"Red Slaver","ascension_level":18}