{"gold_per_floor":[109,123,198,198,208,241,241,252,275,286,251,251,308,336,336,438,438,454,404,90,103,113,144,144,175,220,220,36,46,46,80,80,178,178,193,247,63,77,77,77,90,109,133,245,257,269,297,325,337,349],"floor_reached":50,"playtime":8257,"items_purged":[],"score":662,"play_id":"0c6364c6-f639-43bd-9ca4-16bc9219141b","local_time":"20190430225313","is_ascension_mode":true,"campfire_choices":[{"data":"Dash","floor":7,"key":"SMITH"},{"data":"Outmaneuver","floor":12,"key":"SMITH"},{"floor":15,"key":"REST"},{"floor":24,"key":"REST"},{"floor":30,"key":"REST"},{"floor":32,"key":"REST"},{"floor":40,"key":"REST"},{"floor":45,"key":"REST"},{"floor":49,"key":"REST"}],"neow_cost":"NONE","seed_source_timestamp":3652006239436358,"circlet_count":0,"master_deck":["Defend_G","Defend_G","Defend_G","Defend_G","Defend_G","Survivor","Neutralize+1","Flechettes","Slice+1","Dash+1","Accuracy","Outmaneuver+1","Backflip","Dodge and Roll","Concentrate","Glass Knife","Dagger Throw","Footwork","Expertise","Sucker Punch","Bane+1","Eviscerate","Poisoned Stab","Blade Dance+1","Bite","Bite","Bite","Bite","Bite","Well Laid Plans","Cloak And Dagger","Discovery","Leg Sweep","PiercingWail","Bullet Time","Acrobatics+1","Dagger Spray","Noxious Fumes","Blur","Calculated Gamble","Dagger Throw","Poisoned Stab+1","Quick Slash","Backflip","Footwork","Noxious Fumes","Finisher"],"relics":["Busted Crown","Regal Pillow","Vajra","Bronze Scales","Whetstone","Philosopher\u0027s Stone","Orichalcum","Bag of Preparation","Smiling Mask","Peace Pipe","Sozu","Tingsha","MawBank","WingedGreaves"],"potions_floor_usage":[13,16,16,23,25,33,36,41],"damage_taken":[{"damage":0,"enemies":"Cultist","floor":1,"turns":4},{"damage":0,"enemies":"Jaw Worm","floor":2,"turns":3},{"damage":4,"enemies":"Small Slimes","floor":5,"turns":3},{"damage":26,"enemies":"Gremlin Nob","floor":6,"turns":5},{"damage":7,"enemies":"3 Louse","floor":8,"turns":3},{"damage":2,"enemies":"Lots of Slimes","floor":10,"turns":4},{"damage":17,"enemies":"Gremlin Nob","floor":13,"turns":3},{"damage":6,"enemies":"3 Sentries","floor":14,"turns":7},{"damage":34,"enemies":"The Guardian","floor":16,"turns":10},{"damage":15,"enemies":"Shell Parasite","floor":18,"turns":5},{"damage":0,"enemies":"Chosen","floor":21,"turns":4},{"damage":19,"enemies":"Snake Plant","floor":22,"turns":4},{"damage":31,"enemies":"Slavers","floor":23,"turns":5},{"damage":27,"enemies":"Gremlin Leader","floor":25,"turns":13},{"damage":22,"enemies":"Snecko","floor":29,"turns":6},{"damage":22,"enemies":"Slavers","floor":31,"turns":5},{"damage":24,"enemies":"Collector","floor":33,"turns":13},{"damage":26,"enemies":"3 Shapes","floor":35,"turns":5},{"damage":51,"enemies":"2 Orb Walkers","floor":36,"turns":5},{"damage":0,"enemies":"Orb Walker","floor":38,"turns":3},{"damage":28,"enemies":"Transient","floor":41,"turns":5},{"damage":23,"enemies":"Maw","floor":42,"turns":8},{"damage":4,"enemies":"Mind Bloom Boss Battle","floor":44,"turns":6},{"damage":0,"enemies":"Spire Growth","floor":47,"turns":4},{"damage":44,"enemies":"Sphere and 2 Shapes","floor":48,"turns":6},{"damage":68,"enemies":"Donu and Deca","floor":50,"turns":6}],"seed_played":"6735639096133779955","potions_obtained":[{"floor":1,"key":"SteroidPotion"},{"floor":6,"key":"Swift Potion"},{"floor":8,"key":"AttackPotion"},{"floor":14,"key":"Swift Potion"},{"floor":16,"key":"SpeedPotion"},{"floor":18,"key":"SteroidPotion"},{"floor":22,"key":"Regen Potion"},{"floor":25,"key":"Poison Potion"},{"floor":31,"key":"Fire Potion"}],"is_trial":false,"path_per_floor":["M","M","?","?","M","E","R","M","T","M","?","R","?","E","R","B",null,"M","?","$","M","M","E","R","E","T","?","$","M","R","E","R","B",null,"M","?","$","M","?","R","M","M","T","?","R","?","M","M","R","B"],"character_chosen":"THE_SILENT","items_purchased":["Footwork","Expertise","Blood Vial","Sucker Punch","Well Laid Plans","Cloak And Dagger","Discovery","Noxious Fumes","Blur","Calculated Gamble"],"campfire_rested":7,"item_purchase_floors":[20,20,20,20,28,28,28,37,37,37],"current_hp_per_floor":[70,70,59,59,55,29,29,22,22,20,37,37,20,14,50,16,70,55,55,55,57,40,25,61,36,36,36,36,22,58,40,70,64,70,50,9,9,11,11,47,27,14,14,20,56,56,58,20,56,0],"gold":349,"neow_bonus":"BOSS_RELIC","is_prod":false,"is_daily":false,"chose_seed":false,"campfire_upgraded":2,"win_rate":0,"timestamp":1556679193,"path_taken":["M","?","?","?","?","E","R","M","T","M","?","R","?","E","R","BOSS","M","?","$","M","?","E","R","E","T","?","$","M","R","E","R","BOSS","M","?","$","M","?","R","M","?","T","?","R","?","M","M","R","BOSS"],"build_version":"2018-11-15","purchased_purges":0,"victory":false,"max_hp_per_floor":[70,70,70,70,70,70,70,70,70,70,70,70,70,70,70,70,70,70,70,70,70,70,70,70,70,70,70,70,70,70,70,70,70,70,70,70,70,70,70,70,70,70,70,70,70,70,70,70,70,70],"card_choices":[{"not_picked":[],"picked":"Flechettes","floor":1},{"not_picked":[],"picked":"Slice","floor":2},{"not_picked":[],"picked":"Dash","floor":5},{"not_picked":[],"picked":"Accuracy","floor":6},{"not_picked":[],"picked":"Outmaneuver","floor":8},{"not_picked":[],"picked":"Backflip","floor":10},{"not_picked":[],"picked":"Dodge and Roll","floor":13},{"not_picked":[],"picked":"Concentrate","floor":14},{"not_picked":[],"picked":"Glass Knife","floor":16},{"not_picked":[],"picked":"Dagger Throw","floor":18},{"not_picked":[],"picked":"Bane+1","floor":21},{"not_picked":[],"picked":"Eviscerate","floor":22},{"not_picked":[],"picked":"Poisoned Stab","floor":23},{"not_picked":[],"picked":"Blade Dance+1","floor":25},{"not_picked":[],"picked":"Leg Sweep","floor":29},{"not_picked":[],"picked":"PiercingWail","floor":31},{"not_picked":[],"picked":"Bullet Time","floor":33},{"not_picked":[],"picked":"Acrobatics+1","floor":35},{"not_picked":[],"picked":"Dagger Spray","floor":36},{"not_picked":[],"picked":"Dagger Throw","floor":38},{"not_picked":[],"picked":"Poisoned Stab+1","floor":41},{"not_picked":[],"picked":"Quick Slash","floor":42},{"not_picked":[],"picked":"Backflip","floor":44},{"not_picked":[],"picked":"Noxious Fumes","floor":47},{"not_picked":[],"picked":"Finisher","floor":48}],"player_experience":171015,"relics_obtained":[{"floor":6,"key":"Regal Pillow"},{"floor":9,"key":"Vajra"},{"floor":14,"key":"Whetstone"},{"floor":23,"key":"Orichalcum"},{"floor":25,"key":"Bag of Preparation"},{"floor":26,"key":"Smiling Mask"},{"floor":31,"key":"Peace Pipe"},{"floor":36,"key":"Tingsha"},{"floor":43,"key":"MawBank"},{"floor":44,"key":"WingedGreaves"}],"event_choices":[{"damage_healed":0,"gold_gain":75,"player_choice":"Gather Gold","damage_taken":11,"max_hp_gain":0,"max_hp_loss":0,"event_name":"World of Goop","floor":3,"gold_loss":0},{"damage_healed":0,"gold_gain":0,"player_choice":"Upgraded","damage_taken":0,"max_hp_gain":0,"max_hp_loss":0,"event_name":"Upgrade Shrine","floor":4,"gold_loss":0,"cards_upgraded":["Neutralize"]},{"damage_healed":17,"gold_gain":0,"player_choice":"Healed","damage_taken":0,"max_hp_gain":0,"max_hp_loss":0,"event_name":"The Cleric","floor":11,"gold_loss":35},{"damage_healed":0,"gold_gain":0,"player_choice":"Searched \u00272\u0027 times","damage_taken":0,"relics_obtained":["Bronze Scales"],"max_hp_gain":0,"max_hp_loss":0,"event_name":"Dead Adventurer","floor":13,"gold_loss":0},{"damage_healed":0,"gold_gain":0,"player_choice":"Bet on Murderer","damage_taken":0,"max_hp_gain":0,"max_hp_loss":0,"event_name":"The Joust","floor":19,"gold_loss":50},{"damage_healed":0,"gold_gain":0,"player_choice":"Became a vampire (Vial)","damage_taken":0,"max_hp_gain":0,"max_hp_loss":0,"event_name":"Vampires","floor":27,"relics_lost":["Blood Vial"],"gold_loss":0,"cards_obtained":["Bite","Bite","Bite","Bite","Bite"]},{"damage_healed":0,"gold_gain":0,"player_choice":"Fight","damage_taken":0,"max_hp_gain":0,"max_hp_loss":0,"event_name":"Mysterious Sphere","floor":36,"gold_loss":0},{"damage_healed":0,"gold_gain":0,"player_choice":"Ignored","damage_taken":0,"max_hp_gain":0,"max_hp_loss":0,"event_name":"SecretPortal","floor":39,"gold_loss":0},{"damage_healed":0,"gold_gain":0,"player_choice":"Fight","damage_taken":0,"max_hp_gain":0,"max_hp_loss":0,"event_name":"MindBloom","floor":44,"gold_loss":0},{"damage_healed":0,"gold_gain":0,"player_choice":"Copied","damage_taken":0,"max_hp_gain":0,"max_hp_loss":0,"event_name":"Duplicator","floor":46,"gold_loss":0,"cards_obtained":["Footwork"]}],"is_beta":false,"boss_relics":[{"not_picked":["Fusion Hammer","Orrery"],"picked":"Philosopher\u0027s Stone"},{"not_picked":["Eternal Feather","Empty Cage"],"picked":"Sozu"}],"items_purged_floors":[],"is_endless":false,"potions_floor_spawned":[1,6,8,10,14,16,18,22,25,31,35,42,44],"killed_by":"Donu and Deca","ascension_level":3}