{"gold_per_floor":[116,191,210,222,242,268,268,268,343,362,372,87,99,128,128,223,223,236,252,252,252,252,252],"floor_reached":23,"playtime":1821,"items_purged":[],"score":203,"play_id":"403e251a-9a6f-465f-95d1-b347a412dcbf","local_time":"20190529184757","is_ascension_mode":false,"campfire_choices":[{"floor":7,"key":"REST"},{"floor":15,"key":"REST"}],"neow_cost":"NONE","seed_source_timestamp":995458993649753,"circlet_count":0,"master_deck":["Defend_G","Defend_G","Defend_G","Defend_G","Defend_G","Strike_G+1","Strike_G","Strike_G","Strike_G","Strike_G+1","Survivor+1","Neutralize","Slice","Dash","Deadly Poison","Dagger Throw","Bane","Backstab","Deflect","Finesse","Deflect","Deadly Poison","Escape Plan","Adrenaline","After Image","Deflect","Dodge and Roll+1","Dagger Spray+1","Necronomicurse","Noxious Fumes"],"relics":["Ring of the Snake","Prayer Wheel","Paper Crane","Whetstone","Anchor","WristBlade","Necronomicon"],"potions_floor_usage":[14,16,19,23,23],"damage_taken":[{"damage":0,"enemies":"Jaw Worm","floor":1,"turns":4},{"damage":0,"enemies":"Small Slimes","floor":3,"turns":3},{"damage":0,"enemies":"Cultist","floor":4,"turns":3},{"damage":0,"enemies":"Looter","floor":5,"turns":3},{"damage":37,"enemies":"Gremlin Nob","floor":6,"turns":5},{"damage":2,"enemies":"Red Slaver","floor":10,"turns":4},{"damage":0,"enemies":"Blue Slaver","floor":11,"turns":2},{"damage":2,"enemies":"Large Slime","floor":13,"turns":7},{"damage":10,"enemies":"3 Sentries","floor":14,"turns":8},{"damage":20,"enemies":"The Guardian","floor":16,"turns":11},{"damage":0,"enemies":"Shell Parasite","floor":18,"turns":5},{"damage":16,"enemies":"Spheric Guardian","floor":19,"turns":6},{"damage":40,"enemies":"Gremlin Leader","floor":23,"turns":4}],"seed_played":"-4917529274510228038","potions_obtained":[{"floor":3,"key":"Explosive Potion"},{"floor":4,"key":"Swift Potion"},{"floor":5,"key":"Swift Potion"},{"floor":14,"key":"FearPotion"},{"floor":16,"key":"SpeedPotion"},{"floor":19,"key":"Fruit Juice"}],"is_trial":false,"path_per_floor":["M","?","M","M","M","E","R","?","T","M","M","$","M","E","R","B",null,"M","M","?","?","?","E"],"character_chosen":"THE_SILENT","items_purchased":["Whetstone","Finesse","Deflect"],"campfire_rested":2,"item_purchase_floors":[12,12,12],"current_hp_per_floor":[70,59,59,59,59,22,43,48,48,46,46,46,44,34,55,35,70,70,59,43,43,36,0],"gold":252,"neow_bonus":"UPGRADE_CARD","is_prod":false,"is_daily":false,"chose_seed":false,"campfire_upgraded":0,"win_rate":0.0,"timestamp":1559177277,"path_taken":["M","?","M","M","M","E","R","?","T","?","M","$","M","E","R","BOSS","M","M","?","?","?","E"],"build_version":"2019-01-23","purchased_purges":0,"victory":false,"max_hp_per_floor":[70,70,70,70,70,70,70,70,70,70,70,70,70,70,70,70,70,70,75,75,75,75,75],"card_choices":[{"not_picked":["Acrobatics","PiercingWail"],"picked":"Slice","floor":1},{"not_picked":["Flying Knee","Dodge and Roll"],"picked":"Dash","floor":3},{"not_picked":["Footwork","Bane"],"picked":"Deadly Poison","floor":4},{"not_picked":["Flying Knee","Escape Plan"],"picked":"Dagger Throw","floor":5},{"not_picked":["Eviscerate","Tactician"],"picked":"Sucker Punch","floor":6},{"not_picked":["Escape Plan","Tactician"],"picked":"Bane","floor":10},{"not_picked":["Prepared","Blade Dance"],"picked":"Backstab","floor":10},{"not_picked":["Leg Sweep","Quick Slash"],"picked":"Deflect","floor":11},{"not_picked":["Prepared","Underhanded Strike","Bane"],"picked":"SKIP","floor":11},{"not_picked":["Backflip","Footwork"],"picked":"Deadly Poison","floor":13},{"not_picked":["Predator","Flechettes"],"picked":"Escape Plan","floor":13},{"not_picked":["Quick Slash","Prepared"],"picked":"Adrenaline","floor":14},{"not_picked":["Tools of the Trade","Wraith Form v2"],"picked":"After Image","floor":16},{"not_picked":["Dagger Throw","Dodge and Roll"],"picked":"Deflect","floor":18},{"not_picked":["Dodge and Roll","Calculated Gamble","Leg Sweep"],"picked":"SKIP","floor":18},{"not_picked":["Terror","PiercingWail"],"picked":"Dodge and Roll+1","floor":19},{"not_picked":["Leg Sweep","Heel Hook"],"picked":"Dagger Spray+1","floor":19}],"player_experience":12845,"relics_obtained":[{"floor":6,"key":"Prayer Wheel"},{"floor":9,"key":"Paper Crane"},{"floor":14,"key":"Anchor"},{"floor":20,"key":"Necronomicon"}],"event_choices":[{"damage_healed":0,"gold_gain":75,"player_choice":"Gather Gold","damage_taken":11,"max_hp_gain":0,"max_hp_loss":0,"event_name":"World of Goop","floor":2,"gold_loss":0},{"cards_removed":["Sucker Punch"],"damage_healed":5,"gold_gain":0,"player_choice":"Offered Common","damage_taken":0,"max_hp_gain":0,"max_hp_loss":0,"event_name":"Bonfire Elementals","floor":8,"gold_loss":0},{"cards_removed":["Sucker Punch"],"damage_healed":5,"gold_gain":0,"player_choice":"Offered Special","damage_taken":0,"max_hp_gain":0,"max_hp_loss":0,"event_name":"Bonfire Elementals","floor":8,"gold_loss":0},{"damage_healed":0,"gold_gain":0,"player_choice":"Obtained Book","damage_taken":16,"max_hp_gain":0,"max_hp_loss":0,"event_name":"Cursed Tome","floor":20,"gold_loss":0},{"damage_healed":0,"gold_gain":0,"player_choice":"Read","damage_taken":0,"max_hp_gain":0,"max_hp_loss":0,"event_name":"The Library","floor":21,"gold_loss":0,"cards_obtained":["Noxious Fumes"]},{"damage_healed":0,"gold_gain":0,"player_choice":"Damaged","damage_taken":7,"max_hp_gain":0,"max_hp_loss":0,"event_name":"Wheel of Change","floor":22,"gold_loss":0}],"is_beta":false,"boss_relics":[{"not_picked":["Snecko Eye","HoveringKite"],"picked":"WristBlade"}],"items_purged_floors":[],"is_endless":false,"potions_floor_spawned":[3,4,5,14,16,19],"killed_by":"Gremlin Leader","ascension_level":0}