{"gold_per_floor":[119,194,194,209,209,240,240,258,258,258,433,454,404,20,20,143,143,126,126,44,44,69,69,113,128,155,355,355,378,378],"floor_reached":30,"playtime":1853,"items_purged":["Injury"],"score":258,"play_id":"e4c2e474-eeed-4005-8c2e-d1e576f973e3","local_time":"20181005212312","is_ascension_mode":true,"campfire_choices":[{"floor":7,"key":"REST"},{"data":"Bouncing Flask","floor":10,"key":"SMITH"},{"data":"Crippling Poison","floor":15,"key":"SMITH"},{"floor":23,"key":"REST"}],"neow_cost":"","seed_source_timestamp":199209839308105,"circlet_count":0,"master_deck":["Defend_G+1","Defend_G+1","Defend_G+1","Defend_G+1","Defend_G+1","Strike_G+1","Strike_G+1","Strike_G+1","Strike_G+1","Strike_G+1","Survivor","Neutralize","Crippling Poison+1","Deflect","Bouncing Flask+1","Bane","Prepared","Venomology","Trip","Quick Slash","Deflect","Burst","Outmaneuver+1","Crippling Poison","Tactician","Acrobatics+1","Expertise+1","Venomology"],"relics":["Ring of the Snake","Golden Idol","Bottled Flame","Darkstone Periapt","Black Star","MutagenicStrength","Letter Opener","Dodecahedron","Centennial Puzzle","Molten Egg 2"],"potions_floor_usage":[6,16,16,16,16,24,24,25,29,30,30,30],"damage_taken":[{"damage":0,"enemies":"Small Slimes","floor":1,"turns":3},{"damage":3,"enemies":"Jaw Worm","floor":4,"turns":4},{"damage":33,"enemies":"Lagavulin","floor":6,"turns":8},{"damage":0,"enemies":"Cultist","floor":8,"turns":3},{"damage":2,"enemies":"Looter","floor":12,"turns":4},{"damage":41,"enemies":"The Guardian","floor":16,"turns":8},{"damage":14,"enemies":"2 Thieves","floor":18,"turns":4},{"damage":29,"enemies":"3 Byrds","floor":22,"turns":5},{"damage":37,"enemies":"Slavers","floor":24,"turns":4},{"damage":14,"enemies":"3 Cultists","floor":25,"turns":6},{"damage":2,"enemies":"Cultist and Chosen","floor":29,"turns":5},{"damage":4,"enemies":"Snake Plant","floor":30,"turns":2}],"seed_played":"-2748682483609648016","potions_obtained":[{"floor":1,"key":"SteroidPotion"},{"floor":3,"key":"Poison Potion"},{"floor":3,"key":"PowerPotion"},{"floor":8,"key":"AttackPotion"},{"floor":16,"key":"PowerPotion"},{"floor":22,"key":"Block Potion"},{"floor":25,"key":"Swift Potion"},{"floor":29,"key":"Weak Potion"}],"is_trial":false,"path_per_floor":["M","?","?","M","?","E","R","M","T","R","?","M","?","$","R","B",null,"M","?","$","?","M","R","E","M","T","?","T","M"],"character_chosen":"THE_SILENT","items_purchased":["Venomology","Trip","Quick Slash","Deflect","Crippling Poison"],"campfire_rested":2,"item_purchase_floors":[14,14,14,14,20],"current_hp_per_floor":[70,59,59,56,56,23,44,44,44,44,50,48,48,48,48,7,76,62,62,62,62,33,55,18,4,4,4,4,2,0],"gold":378,"neow_bonus":"","is_prod":false,"is_daily":false,"chose_seed":false,"campfire_upgraded":2,"win_rate":0,"timestamp":1538788992,"path_taken":["M","?","?","M","?","E","R","M","T","R","?","?","?","$","R","BOSS","M","?","$","?","M","R","E","?","T","?","?","?","M"],"build_version":"2018-09-06","purchased_purges":1,"victory":false,"max_hp_per_floor":[70,70,70,70,70,70,70,70,70,70,76,76,76,76,76,76,76,76,76,76,76,76,76,76,76,76,76,76,76,76],"card_choices":[{"not_picked":["Heel Hook","Sucker Punch"],"picked":"Crippling Poison","floor":1},{"not_picked":["Accuracy","Skewer"],"picked":"Deflect","floor":4},{"not_picked":["Heel Hook","Tactician"],"picked":"Bouncing Flask","floor":6},{"not_picked":["Dagger Throw","Sucker Punch"],"picked":"Bane","floor":8},{"not_picked":["Acrobatics","Bane"],"picked":"Prepared","floor":12},{"not_picked":["Envenom","Storm of Steel"],"picked":"Burst","floor":16},{"not_picked":["Flechettes","Masterful Stab+1"],"picked":"Outmaneuver+1","floor":18},{"not_picked":["Prepared+1","Outmaneuver+1"],"picked":"Tactician","floor":22},{"not_picked":["Flechettes","Cloak And Dagger"],"picked":"Acrobatics+1","floor":24},{"not_picked":["PiercingWail","Dagger Spray"],"picked":"Expertise+1","floor":25},{"not_picked":["Dodge and Roll","Flechettes+1"],"picked":"Venomology","floor":29}],"player_experience":50654,"relics_obtained":[{"floor":6,"key":"Bottled Flame"},{"floor":9,"key":"Darkstone Periapt"},{"floor":24,"key":"Letter Opener"},{"floor":24,"key":"Dodecahedron"},{"floor":26,"key":"Centennial Puzzle"},{"floor":28,"key":"Molten Egg 2"}],"event_choices":[{"event_name":"World of Goop","player_choice":"Gather Gold","floor":2,"damage_taken":0},{"event_name":"The Lab","player_choice":"Got Potions","floor":3,"damage_taken":0},{"event_name":"Golden Idol","player_choice":"Take Wound","floor":5,"damage_taken":0},{"event_name":"Liars Game","player_choice":"agreed","floor":11,"damage_taken":0},{"event_name":"The Cleric","player_choice":"Card Removal","floor":13,"damage_taken":0},{"event_name":"Drug Dealer","player_choice":"Inject Mutagens","floor":19,"damage_taken":0},{"event_name":"Back to Basics","player_choice":"Simplicity","floor":21,"damage_taken":0},{"event_name":"Wheel of Change","player_choice":"Gold","floor":27,"damage_taken":0}],"is_beta":false,"boss_relics":[{"not_picked":["Empty Cage","Sozu"],"picked":"Black Star"}],"items_purged_floors":[14],"is_endless":false,"potions_floor_spawned":[1,8,12,16,22,25,29],"killed_by":"Snake Plant","ascension_level":1}