{"gold_per_floor":[115,0,0,0,0,0,19,19,19,53,31,31,49,87,87,87],"floor_reached":16,"playtime":398,"items_purged":["Strike_R"],"score":180,"play_id":"fdd350d7-fb8f-4516-a46b-0887208cee08","local_time":"20190523113502","is_ascension_mode":true,"campfire_choices":[{"data":"Bash","floor":6,"key":"SMITH"},{"data":"Flame Barrier","floor":8,"key":"SMITH"},{"floor":12,"key":"REST"},{"data":"True Grit","floor":15,"key":"SMITH"}],"neow_cost":"NONE","seed_source_timestamp":246391084803784,"circlet_count":0,"master_deck":["AscendersBane","Strike_R","Strike_R","Strike_R","Defend_R","Defend_R","Defend_R","Defend_R","Bash+1","Cleave","Dropkick","Flame Barrier+1","True Grit+1","Pommel Strike"],"relics":["Burning Blood","Art of War","Golden Idol","Gremlin Horn","Vajra","Dream Catcher"],"potions_floor_usage":[16,16],"damage_taken":[{"damage":1,"enemies":"Cultist","floor":1,"turns":3},{"damage":8,"enemies":"Small Slimes","floor":7,"turns":3},{"damage":40,"enemies":"3 Sentries","floor":10,"turns":10},{"damage":0,"enemies":"Jaw Worm","floor":13,"turns":3},{"damage":8,"enemies":"Lagavulin","floor":14,"turns":5},{"damage":43,"enemies":"Hexaghost","floor":16,"turns":11}],"seed_played":"-3591450516906036784","potions_obtained":[{"floor":10,"key":"Explosive Potion"},{"floor":14,"key":"Poison Potion"}],"is_trial":false,"path_per_floor":["M","$","?","?","?","R","M","R","T","E","$","R","M","E","R","B"],"character_chosen":"IRONCLAD","items_purchased":["Dropkick","Pommel Strike"],"campfire_rested":1,"item_purchase_floors":[2,11],"current_hp_per_floor":[73,73,55,55,48,48,46,46,46,12,12,34,40,38,38,0],"gold":87,"neow_bonus":"RANDOM_COMMON_RELIC","is_prod":false,"is_daily":false,"chose_seed":false,"campfire_upgraded":3,"win_rate":0,"timestamp":1558604102,"path_taken":["M","?","?","?","?","R","?","R","T","E","$","R","M","E","R","BOSS"],"build_version":"2019-01-23","purchased_purges":1,"victory":false,"max_hp_per_floor":[75,75,75,75,75,75,75,75,75,75,75,75,75,75,75,75],"card_choices":[{"not_picked":["Wild Strike","Sword Boomerang"],"picked":"Cleave","floor":1},{"not_picked":["Impervious","Corruption"],"picked":"Flame Barrier","floor":7},{"not_picked":["Sword Boomerang","Twin Strike"],"picked":"True Grit","floor":10},{"not_picked":["Clothesline","Searing Blow","Blood for Blood"],"picked":"SKIP","floor":13},{"not_picked":["Clothesline","Searing Blow","Blood for Blood"],"picked":"SKIP","floor":13},{"not_picked":["Twin Strike","Iron Wave","Flex"],"picked":"SKIP","floor":14}],"player_experience":234510,"relics_obtained":[{"floor":9,"key":"Gremlin Horn"},{"floor":10,"key":"Vajra"},{"floor":14,"key":"Dream Catcher"}],"event_choices":[{"damage_healed":0,"gold_gain":0,"player_choice":"Take Damage","damage_taken":18,"relics_obtained":["Golden Idol"],"max_hp_gain":0,"max_hp_loss":0,"event_name":"Golden Idol","floor":3,"gold_loss":0},{"damage_healed":0,"gold_gain":0,"player_choice":"Leave","damage_taken":0,"max_hp_gain":0,"max_hp_loss":0,"event_name":"The Cleric","floor":4,"gold_loss":0},{"cards_removed":["Strike_R"],"damage_healed":0,"gold_gain":0,"player_choice":"Card Removal","damage_taken":7,"max_hp_gain":0,"max_hp_loss":0,"event_name":"Golden Wing","floor":5,"gold_loss":0}],"is_beta":false,"boss_relics":[],"items_purged_floors":[2],"is_endless":false,"potions_floor_spawned":[10,14],"killed_by":"Hexaghost","ascension_level":14}