{"gold_per_floor":[112,0,0,0,10,39,39,55,82,82],"floor_reached":10,"playtime":554,"items_purged":["Pain"],"score":122,"play_id":"ab4e96e7-8034-46bb-9235-2f8cf2d3222d","local_time":"20190522141024","is_ascension_mode":true,"campfire_choices":[{"floor":7,"key":"REST"}],"neow_cost":"CURSE","seed_source_timestamp":291637103322945,"circlet_count":0,"master_deck":["AscendersBane","Strike_R","Strike_R","Strike_R","Strike_R","Defend_R","Defend_R","Defend_R","Defend_R","Bash","Panacea","Mayhem","Entrench","Corruption","Pain","Armaments","Metallicize","Body Slam"],"relics":["Burning Blood","WarpedTongs","Bag of Marbles","Dream Catcher"],"potions_floor_usage":[6,10,10],"damage_taken":[{"damage":14,"enemies":"Small Slimes","floor":1,"turns":4},{"damage":4,"enemies":"Cultist","floor":5,"turns":3},{"damage":37,"enemies":"Lagavulin","floor":6,"turns":7},{"damage":4,"enemies":"2 Louse","floor":8,"turns":4},{"damage":68,"enemies":"Gremlin Nob","floor":10,"turns":6}],"seed_played":"7833797544264866826","potions_obtained":[{"floor":1,"key":"EssenceOfSteel"},{"floor":5,"key":"EntropicBrew"}],"is_trial":false,"path_per_floor":["?","?"],"character_chosen":"IRONCLAD","items_purchased":["Corruption"],"campfire_rested":1,"item_purchase_floors":[2],"current_hp_per_floor":[60,60,53,53,55,24,46,48,48,0],"gold":82,"neow_bonus":"RANDOM_COLORLESS_2","is_prod":false,"is_daily":false,"chose_seed":false,"campfire_upgraded":0,"win_rate":0,"timestamp":1558548624,"path_taken":["M","$","?","?","M","E","R","M","T","E"],"build_version":"2019-01-23","purchased_purges":1,"victory":false,"max_hp_per_floor":[75,75,75,75,75,75,75,75,75,75],"card_choices":[{"not_picked":["Cleave","Wild Strike"],"picked":"Entrench","floor":1},{"not_picked":["Thunderclap","Iron Wave"],"picked":"Armaments","floor":5},{"not_picked":["Wild Strike","Brutality"],"picked":"Metallicize","floor":6},{"not_picked":["Thunderclap","Clash"],"picked":"Body Slam","floor":8}],"player_experience":624837,"relics_obtained":[{"floor":6,"key":"Bag of Marbles"},{"floor":9,"key":"Dream Catcher"}],"event_choices":[{"cards_removed":["Strike_R"],"damage_healed":0,"gold_gain":0,"player_choice":"Card Removal","damage_taken":7,"max_hp_gain":0,"max_hp_loss":0,"event_name":"Golden Wing","floor":3,"gold_loss":0},{"damage_healed":0,"gold_gain":0,"player_choice":"Rummage","damage_taken":0,"relics_obtained":["WarpedTongs"],"max_hp_gain":0,"max_hp_loss":0,"event_name":"Accursed Blacksmith","floor":4,"gold_loss":0,"cards_obtained":["Pain"]}],"is_beta":false,"boss_relics":[],"items_purged_floors":[2],"is_endless":false,"potions_floor_spawned":[1,5],"killed_by":"Gremlin Nob","ascension_level":17}