{"gold_per_floor":[118,133,144,156,176,207,207,237,237,263,263,291,25,125,125,221,221,240,240,43,43,43,69,69,95,119,119,138,171,189,205,205,303,303,321,376,42,55,55,55,84,84,154,165,175,193,221,239,239,239],"floor_reached":51,"playtime":5639,"items_purged":["Strike_B"],"score":1009,"play_id":"79394b6d-56a6-4cee-a6b4-b370e3b94ba0","local_time":"20190504175557","is_ascension_mode":true,"campfire_choices":[{"floor":7,"key":"REST"},{"floor":11,"key":"REST"},{"floor":15,"key":"REST"},{"floor":24,"key":"REST"},{"data":"Apotheosis","floor":27,"key":"SMITH"},{"floor":32,"key":"REST"},{"floor":40,"key":"REST"},{"data":"Metamorphosis","floor":42,"key":"SMITH"},{"floor":49,"key":"REST"}],"neow_cost":"NONE","seed_source_timestamp":3982374880110364,"circlet_count":0,"master_deck":["Strike_B","Defend_B","Defend_B","Defend_B","Defend_B","Zap","Dualcast","Heatsinks","Hologram","Redo","Redo","Coolheaded","White Noise","Chaos","Undo","Apotheosis+1","Sunder","Buffer","Ball Lightning","Undo","Recycle+1","Loop","Beam Cell+1","Conserve Battery","Coolheaded","Biased Cognition","Double Energy+1","Conserve Battery+1","Loop","Coolheaded","Master of Strategy","Metamorphosis+1","Secret Weapon","Skim+1","Parasite","Undo","Conserve Battery","Machine Learning","Chaos"],"relics":["Cracked Core","Blood Vial","Pantograph","Omamori","Regal Pillow","The Courier","Cursed Key","Bottled Lightning","Shuriken","Symbiotic Virus","Art of War","Ancient Tea Set","Thread and Needle","Nuclear Battery","Ice Cream","Lantern","ClockworkSouvenir","Mummified Hand","Ornamental Fan","Anchor"],"potions_floor_usage":[6,6,12,23,31,31,33,36,50,50],"damage_taken":[{"damage":0,"enemies":"Small Slimes","floor":1,"turns":3},{"damage":1,"enemies":"Cultist","floor":2,"turns":3},{"damage":2,"enemies":"Jaw Worm","floor":3,"turns":4},{"damage":15,"enemies":"Large Slime","floor":4,"turns":6},{"damage":9,"enemies":"Looter","floor":5,"turns":4},{"damage":28,"enemies":"Gremlin Nob","floor":6,"turns":5},{"damage":25,"enemies":"3 Sentries","floor":8,"turns":15},{"damage":28,"enemies":"Lagavulin","floor":10,"turns":9},{"damage":40,"enemies":"Gremlin Nob","floor":12,"turns":5},{"damage":25,"enemies":"Slime Boss","floor":16,"turns":11},{"damage":0,"enemies":"Spheric Guardian","floor":18,"turns":3},{"damage":34,"enemies":"Gremlin Leader","floor":23,"turns":5},{"damage":15,"enemies":"Book of Stabbing","floor":25,"turns":7},{"damage":10,"enemies":"3 Byrds","floor":28,"turns":5},{"damage":36,"enemies":"Slavers","floor":29,"turns":5},{"damage":0,"enemies":"Centurion and Healer","floor":30,"turns":5},{"damage":0,"enemies":"Cultist and Chosen","floor":31,"turns":6},{"damage":11,"enemies":"Collector","floor":33,"turns":11},{"damage":16,"enemies":"3 Shapes","floor":35,"turns":2},{"damage":15,"enemies":"2 Orb Walkers","floor":36,"turns":4},{"damage":0,"enemies":"Orb Walker","floor":38,"turns":2},{"damage":0,"enemies":"Giant Head","floor":41,"turns":8},{"damage":2,"enemies":"4 Shapes","floor":44,"turns":3},{"damage":0,"enemies":"Spire Growth","floor":45,"turns":3},{"damage":11,"enemies":"3 Darklings","floor":46,"turns":5},{"damage":3,"enemies":"Nemesis","floor":47,"turns":5},{"damage":0,"enemies":"Jaw Worm Horde","floor":48,"turns":3},{"damage":0,"enemies":"Awakened One","floor":50,"turns":8}],"seed_played":"-7958589892708881664","potions_obtained":[{"floor":2,"key":"Weak Potion"},{"floor":4,"key":"Regen Potion"},{"floor":8,"key":"Strength Potion"},{"floor":10,"key":"SkillPotion"},{"floor":16,"key":"Strength Potion"},{"floor":29,"key":"SteroidPotion"},{"floor":31,"key":"FearPotion"},{"floor":33,"key":"LiquidBronze"},{"floor":35,"key":"AttackPotion"},{"floor":44,"key":"Ancient Potion"},{"floor":45,"key":"SpeedPotion"}],"is_trial":false,"path_per_floor":["?","?","$","?","?","M","?","?"],"character_chosen":"DEFECT","items_purchased":["Apotheosis","Sunder","Bottled Lightning","Lantern","ClockworkSouvenir","Loop"],"campfire_rested":7,"item_purchase_floors":[13,13,20,37,37,37],"current_hp_per_floor":[82,81,79,64,55,41,65,42,42,16,55,17,17,17,56,57,82,82,82,82,82,82,48,82,67,67,67,59,25,27,29,68,71,82,66,53,53,55,45,82,82,82,82,80,82,71,70,72,82,82],"gold":239,"neow_bonus":"TEN_PERCENT_HP_BONUS","is_prod":false,"is_daily":false,"chose_seed":false,"campfire_upgraded":2,"win_rate":0,"timestamp":1557006957,"path_taken":["M","M","M","M","M","E","R","E","T","E","R","E","$","?","R","BOSS","M","?","?","?","?","E","R","E","T","R","M","E","M","?","R","BOSS","M","?","$","M","?","R","E","R","T","M","M","M","E","M","R","BOSS"],"build_version":"2019-01-23","purchased_purges":1,"victory":true,"max_hp_per_floor":[82,82,82,82,82,82,82,82,82,82,82,82,82,82,82,82,82,82,82,82,82,82,82,82,82,82,82,82,82,82,82,82,82,82,82,82,82,82,82,82,82,82,82,82,82,82,82,82,82,82],"card_choices":[{"not_picked":["Compile Driver","Leap"],"picked":"Heatsinks","floor":1},{"not_picked":["Stack","Doom and Gloom"],"picked":"Hologram","floor":2},{"not_picked":["Barrage","Compile Driver","Stack"],"picked":"SKIP","floor":3},{"not_picked":["Stack","Barrage"],"picked":"Redo","floor":4},{"not_picked":["Lockon","Leap"],"picked":"Redo","floor":5},{"not_picked":["Ball Lightning","Redo"],"picked":"Coolheaded","floor":6},{"not_picked":["Aggregate","Tempest"],"picked":"White Noise","floor":8},{"not_picked":["Gash","Stack"],"picked":"Chaos","floor":10},{"not_picked":["Reprogram","Steam Power"],"picked":"Undo","floor":12},{"not_picked":["Amplify","Thunder Strike"],"picked":"Buffer","floor":16},{"not_picked":["Stack","Chaos"],"picked":"Ball Lightning","floor":18},{"not_picked":["Genetic Algorithm+1","Ball Lightning"],"picked":"Undo","floor":23},{"not_picked":["Barrage+1","Go for the Eyes+1"],"picked":"Recycle+1","floor":25},{"not_picked":["Beam Cell","Go for the Eyes"],"picked":"Loop","floor":28},{"not_picked":["Stack+1","Conserve Battery"],"picked":"Beam Cell+1","floor":29},{"not_picked":["Cold Snap","Compile Driver"],"picked":"Conserve Battery","floor":30},{"not_picked":["Genetic Algorithm","Steam"],"picked":"Coolheaded","floor":31},{"not_picked":["Hyperbeam","Multi-Cast"],"picked":"Biased Cognition","floor":33},{"not_picked":["Ball Lightning","Steam+1"],"picked":"Double Energy+1","floor":35},{"not_picked":["Reprogram","Aggregate"],"picked":"Conserve Battery+1","floor":36},{"not_picked":["Leap+1","Cold Snap"],"picked":"Coolheaded","floor":38},{"not_picked":["Dark Shackles","Flash of Steel"],"picked":"Master of Strategy","floor":39},{"not_picked":["Flash of Steel","Deep Breath"],"picked":"Metamorphosis","floor":39},{"not_picked":["PanicButton","Violence"],"picked":"Secret Weapon","floor":39},{"not_picked":["Compile Driver+1","Rip and Tear+1"],"picked":"Skim+1","floor":41},{"not_picked":["Reprogram","Steam"],"picked":"Undo","floor":44},{"not_picked":["Blizzard","Cold Snap"],"picked":"Conserve Battery","floor":45},{"not_picked":["Rip and Tear","Cold Snap","Steam"],"picked":"SKIP","floor":46},{"not_picked":["Hyperbeam","Redo+1"],"picked":"Machine Learning","floor":47},{"not_picked":["Compile Driver","Melter+1"],"picked":"Chaos","floor":48}],"player_experience":237738,"relics_obtained":[{"floor":6,"key":"Blood Vial"},{"floor":8,"key":"Pantograph"},{"floor":9,"key":"Omamori"},{"floor":10,"key":"Regal Pillow"},{"floor":12,"key":"The Courier"},{"floor":23,"key":"Symbiotic Virus"},{"floor":25,"key":"Art of War"},{"floor":26,"key":"Ancient Tea Set"},{"floor":29,"key":"Thread and Needle"},{"floor":36,"key":"Ice Cream"},{"floor":41,"key":"Mummified Hand"},{"floor":43,"key":"Ornamental Fan"},{"floor":47,"key":"Anchor"}],"event_choices":[{"damage_healed":0,"gold_gain":100,"player_choice":"Pray","damage_taken":0,"max_hp_gain":0,"max_hp_loss":0,"event_name":"Golden Shrine","floor":14,"gold_loss":0},{"cards_removed":["Strike_B"],"damage_healed":0,"gold_gain":0,"player_choice":"Purged","damage_taken":0,"max_hp_gain":0,"max_hp_loss":0,"event_name":"Purifier","floor":19,"gold_loss":0},{"damage_healed":0,"gold_gain":0,"player_choice":"Stole Relic","damage_taken":0,"relics_obtained":["Shuriken"],"max_hp_gain":0,"max_hp_loss":0,"event_name":"Addict","floor":21,"gold_loss":0,"cards_obtained":["Shame"]},{"cards_removed":["Strike_B"],"damage_healed":0,"gold_gain":0,"player_choice":"Elegance","damage_taken":0,"max_hp_gain":0,"max_hp_loss":0,"event_name":"Back to Basics","floor":22,"gold_loss":0},{"damage_healed":0,"gold_gain":0,"player_choice":"Fight","damage_taken":0,"max_hp_gain":0,"max_hp_loss":0,"event_name":"Mysterious Sphere","floor":36,"gold_loss":0},{"damage_healed":0,"gold_gain":0,"player_choice":"Memory 3","damage_taken":10,"max_hp_gain":0,"max_hp_loss":0,"event_name":"SensoryStone","floor":39,"gold_loss":0}],"is_beta":false,"boss_relics":[{"not_picked":["Busted Crown","Runic Pyramid"],"picked":"Cursed Key"},{"not_picked":["Coffee Dripper","Inserter"],"picked":"Nuclear Battery"}],"items_purged_floors":[13],"is_endless":false,"potions_floor_spawned":[2,4,8,10,16,29,31,33,35,44,45],"ascension_level":4}