{"gold_per_floor":[18,33,33,49,49,49,63,92,119,119,145,145,70,70,70,145,145,157,169,169,169,188,188,215,229,254,254,254,280,292,304,316,328],"floor_reached":33,"playtime":1166,"items_purged":[],"score":582,"play_id":"a8bbc326-0c2b-405d-a78e-13f60e850116","local_time":"20190403181928","is_ascension_mode":true,"campfire_choices":[{"data":"Anger","floor":6.0,"key":"SMITH"},{"floor":10.0,"key":"REST"},{"data":"Uppercut","floor":12.0,"key":"SMITH"},{"data":"Spot Weakness","floor":15.0,"key":"SMITH"},{"data":"Flame Barrier","floor":23.0,"key":"SMITH"},{"floor":27.0,"key":"REST"},{"data":"Sword Boomerang","floor":32.0,"key":"SMITH"}],"neow_cost":"NO_GOLD","seed_source_timestamp":1760086384461886,"circlet_count":0,"master_deck":["AscendersBane","Strike_R+1","Strike_R+1","Defend_R","Defend_R","Defend_R","Bash","Disarm+1","Sever Soul","Spot Weakness+1","Anger+1","Evolve","Shrug It Off","Battle Trance","Uppercut+1","Immolate","Shrug It Off","Sword Boomerang+1","Flame Barrier+1","Metallicize","Ghostly","Ghostly","Ghostly"],"special_seed":0,"relics":["Burning Blood","Juzu Bracelet","Omamori","Red Skull","Mark of Pain","MutagenicStrength","Blood Vial","Oddly Smooth Stone","MawBank"],"potions_floor_usage":[33,33],"damage_taken":[{"damage":15.0,"enemies":"Small Slimes","floor":1.0,"turns":3.0},{"damage":3.0,"enemies":"2 Louse","floor":2.0,"turns":3.0},{"damage":4.0,"enemies":"Cultist","floor":4.0,"turns":4.0},{"damage":5.0,"enemies":"2 Fungi Beasts","floor":7.0,"turns":3.0},{"damage":22.0,"enemies":"3 Sentries","floor":8.0,"turns":6.0},{"damage":3.0,"enemies":"Gremlin Nob","floor":11.0,"turns":3.0},{"damage":6.0,"enemies":"Hexaghost","floor":16.0,"turns":7.0},{"damage":15.0,"enemies":"Shell Parasite","floor":18.0,"turns":4.0},{"damage":20.0,"enemies":"2 Thieves","floor":19.0,"turns":3.0},{"damage":13.0,"enemies":"Snecko","floor":22.0,"turns":3.0},{"damage":14.0,"enemies":"Book of Stabbing","floor":24.0,"turns":4.0},{"damage":21.0,"enemies":"Chosen and Byrds","floor":25.0,"turns":5.0},{"damage":35.0,"enemies":"Gremlin Leader","floor":29.0,"turns":4.0},{"damage":37,"enemies":"Automaton","floor":33,"turns":6}],"seed_played":"-323445414604663059","potions_obtained":[{"floor":7.0,"key":"FearPotion"},{"floor":8.0,"key":"SkillPotion"},{"floor":16.0,"key":"AttackPotion"},{"floor":18.0,"key":"LiquidBronze"},{"floor":25.0,"key":"PowerPotion"},{"floor":29.0,"key":"Explosive Potion"}],"is_trial":false,"path_per_floor":["M","M","?","M","?","R","M","E","T","R","E","R","?","?","R","B",null,"M","M","?","?","M","R","E","M","T","R","?","E","$","?","R","B"],"character_chosen":"IRONCLAD","items_purchased":[],"campfire_rested":2,"item_purchase_floors":[],"current_hp_per_floor":[59,62,39,41,41,41,42,26,26,48,51,51,51,56,56,56,74,65,51,51,51,44,44,36,23,23,47,47,20,20,20,20,0],"gold":328,"neow_bonus":"TRANSFORM_TWO_CARDS","is_prod":false,"is_daily":false,"chose_seed":false,"campfire_upgraded":5,"win_rate":0,"timestamp":1554308368,"path_taken":["M","M","?","M","?","R","M","E","T","R","E","R","?","?","R","BOSS","M","M","?","?","M","R","E","M","T","R","?","E","$","?","R","BOSS"],"build_version":"2019-01-23","purchased_purges":0,"victory":false,"max_hp_per_floor":[75,75,75,75,75,75,75,75,75,75,75,75,75,80,80,80,80,80,80,80,80,80,80,80,80,80,80,80,80,80,40,40,40],"card_choices":[{"not_picked":["Perfected Strike","Pommel Strike"],"picked":"Spot Weakness","floor":1.0},{"not_picked":["Twin Strike","Rupture"],"picked":"Anger","floor":2.0},{"not_picked":["Dropkick","Clash"],"picked":"Evolve","floor":4.0},{"not_picked":["Burning Pact","Flex"],"picked":"Shrug It Off","floor":7.0},{"not_picked":["Body Slam","Wild Strike"],"picked":"Battle Trance","floor":8.0},{"not_picked":["Anger","Bludgeon"],"picked":"Uppercut","floor":11.0},{"not_picked":["Dark Embrace","Fiend Fire"],"picked":"Immolate","floor":16.0},{"not_picked":["Body Slam","Evolve"],"picked":"Shrug It Off","floor":18.0},{"not_picked":["Bloodletting","Cleave"],"picked":"Sword Boomerang","floor":19.0},{"not_picked":["Twin Strike","Body Slam"],"picked":"Metallicize","floor":25.0}],"player_experience":1333138,"relics_obtained":[{"floor":8.0,"key":"Juzu Bracelet"},{"floor":9.0,"key":"Omamori"},{"floor":11.0,"key":"Red Skull"},{"floor":24.0,"key":"Blood Vial"},{"floor":26.0,"key":"Oddly Smooth Stone"},{"floor":29.0,"key":"MawBank"}],"event_choices":[{"damage_healed":0.0,"max_hp_gain":0.0,"max_hp_loss":0.0,"gold_gain":0.0,"event_name":"Shining Light","player_choice":"Entered Light","floor":3.0,"gold_loss":0.0,"damage_taken":23.0,"cards_upgraded":["Strike_R","Strike_R"]},{"damage_healed":0.0,"max_hp_gain":0.0,"max_hp_loss":0.0,"gold_gain":0.0,"event_name":"Upgrade Shrine","player_choice":"Upgraded","floor":5.0,"gold_loss":0.0,"damage_taken":0.0,"cards_upgraded":["Disarm"]},{"cards_removed":["Strike_R"],"damage_healed":0.0,"max_hp_gain":0.0,"max_hp_loss":0.0,"gold_gain":0.0,"event_name":"The Cleric","player_choice":"Card Removal","floor":13.0,"gold_loss":75.0,"damage_taken":0.0},{"damage_healed":0.0,"max_hp_gain":5.0,"max_hp_loss":0.0,"gold_gain":0.0,"event_name":"Big Fish","player_choice":"Donut","floor":14.0,"gold_loss":0.0,"damage_taken":0.0},{"damage_healed":0.0,"max_hp_gain":0.0,"max_hp_loss":0.0,"gold_gain":0.0,"event_name":"The Library","player_choice":"Read","floor":20.0,"gold_loss":0.0,"damage_taken":0.0,"cards_obtained":["Flame Barrier"]},{"damage_healed":0.0,"max_hp_gain":0.0,"max_hp_loss":0.0,"gold_gain":0.0,"event_name":"Drug Dealer","player_choice":"Inject Mutagens","floor":21.0,"gold_loss":0.0,"damage_taken":0.0,"relics_obtained":["MutagenicStrength"]},{"cards_removed":["Strike_R"],"damage_healed":0.0,"max_hp_gain":0.0,"max_hp_loss":0.0,"gold_gain":0.0,"event_name":"Back to Basics","player_choice":"Elegance","floor":28.0,"gold_loss":0.0,"damage_taken":0.0},{"damage_healed":0.0,"max_hp_gain":0.0,"max_hp_loss":40.0,"gold_gain":0.0,"event_name":"Ghosts","player_choice":"Became a Ghost","floor":31.0,"gold_loss":0.0,"damage_taken":0.0,"cards_obtained":["Ghostly","Ghostly","Ghostly"]}],"is_beta":false,"boss_relics":[{"not_picked":["Ectoplasm","Empty Cage"],"picked":"Mark of Pain"}],"items_purged_floors":[],"is_endless":false,"potions_floor_spawned":[7,8,16,18,19,24,25,29],"killed_by":"Automaton","ascension_level":20}