{"gold_per_floor":[364,383,156,231,181,181,47,47,73,100,100,100,100,118,118,247,247,265,234,249,54,74,74,74],"floor_reached":24,"playtime":688,"items_purged":["Strike_B","Strike_B","Zap+1"],"score":262,"play_id":"e958d270-a6e2-4b28-997f-3123f4bd38a9","local_time":"20190312015717","is_ascension_mode":true,"campfire_choices":[{"data":"Zap","floor":6.0,"key":"SMITH"},{"data":"Dualcast","floor":8.0,"key":"SMITH"},{"floor":15,"key":"REST"},{"floor":23,"key":"REST"}],"neow_cost":"TEN_PERCENT_HP_LOSS","seed_source_timestamp":31602537031945,"circlet_count":0,"master_deck":["Strike_B","Strike_B","Defend_B","Defend_B","Defend_B","Dualcast+1","Gash","Leap","Capacitor","Ball Lightning","Glacier","Machine Learning","Barrage","Loop"],"special_seed":0,"relics":["FrozenCore","Regal Pillow","PreservedInsect","Omamori","Pear","Golden Idol","Mummified Hand"],"potions_floor_usage":[16,19,20,22],"damage_taken":[{"damage":1.0,"enemies":"Cultist","floor":1.0,"turns":3.0},{"damage":0.0,"enemies":"Small Slimes","floor":2.0,"turns":2.0},{"damage":38.0,"enemies":"Gremlin Nob","floor":10.0,"turns":4.0},{"damage":7,"enemies":"Jaw Worm","floor":14,"turns":2},{"damage":5,"enemies":"The Guardian","floor":16,"turns":11},{"damage":0,"enemies":"Spheric Guardian","floor":18,"turns":6},{"damage":25,"enemies":"2 Thieves","floor":19,"turns":5},{"damage":17,"enemies":"Centurion and Healer","floor":20,"turns":14},{"damage":5,"enemies":"Chosen and Byrds","floor":22,"turns":8},{"damage":68,"enemies":"Gremlin Leader","floor":24,"turns":4}],"seed_played":"5289586892099870631","potions_obtained":[{"floor":2.0,"key":"Poison Potion"},{"floor":16,"key":"SpeedPotion"},{"floor":18,"key":"Explosive Potion"},{"floor":20,"key":"Swift Potion"}],"is_trial":false,"path_per_floor":["M","M","$","?","?","R","$","R","T","E","?","?","T","M","R","B",null,"M","M","M","$","M","R","E"],"character_chosen":"DEFECT","items_purchased":["Regal Pillow","Capacitor","Loop"],"campfire_rested":2,"item_purchase_floors":[3,7,21],"current_hp_per_floor":[67,67,67,56,56,56,56,56,56,18,25,25,25,18,56,51,71,71,46,29,29,24,62,0],"gold":74,"neow_bonus":"TWO_FIFTY_GOLD","is_prod":false,"is_daily":false,"chose_seed":false,"campfire_upgraded":2,"win_rate":0,"timestamp":1552352237,"path_taken":["M","?","$","?","?","R","?","R","T","E","?","?","?","M","R","BOSS","M","M","?","$","M","R","E"],"build_version":"2019-01-23","purchased_purges":3,"victory":false,"max_hp_per_floor":[68,68,68,68,68,68,68,68,68,68,78,78,78,78,78,78,78,78,78,78,78,78,78,78],"card_choices":[{"not_picked":["Rip and Tear","Cold Snap"],"picked":"Gash","floor":1.0},{"not_picked":["Static Discharge","Heatsinks"],"picked":"Leap","floor":2.0},{"not_picked":["Redo","Go for the Eyes"],"picked":"Ball Lightning","floor":10.0},{"not_picked":["Stack","Skim"],"picked":"Glacier","floor":14},{"not_picked":["Creative AI","All For One"],"picked":"Machine Learning","floor":16},{"not_picked":["Fusion+1","Steam","Rebound"],"picked":"SKIP","floor":18},{"not_picked":["Rip and Tear+1","Skim","Reinforced Body"],"picked":"SKIP","floor":19},{"not_picked":["Ball Lightning","BootSequence"],"picked":"Barrage","floor":20},{"not_picked":["Doom and Gloom+1","Rebound","Cold Snap"],"picked":"SKIP","floor":22}],"player_experience":94028,"relics_obtained":[{"floor":9.0,"key":"PreservedInsect"},{"floor":10.0,"key":"Omamori"},{"floor":13,"key":"Mummified Hand"}],"event_choices":[{"damage_healed":0.0,"max_hp_gain":0.0,"max_hp_loss":0.0,"gold_gain":75.0,"event_name":"World of Goop","player_choice":"Gather Gold","floor":4.0,"gold_loss":0.0,"damage_taken":11.0},{"cards_removed":["Defend_B"],"damage_healed":0.0,"max_hp_gain":0.0,"max_hp_loss":0.0,"gold_gain":0.0,"event_name":"The Cleric","player_choice":"Card Removal","floor":5.0,"gold_loss":50.0,"damage_taken":0.0},{"damage_healed":0.0,"max_hp_gain":0.0,"max_hp_loss":0.0,"gold_gain":0.0,"event_name":"Scrap Ooze","player_choice":"Success","floor":11.0,"gold_loss":0.0,"damage_taken":3.0,"relics_obtained":["Pear"]},{"damage_healed":0,"gold_gain":0,"player_choice":"Take Wound","damage_taken":0,"relics_obtained":["Golden Idol"],"max_hp_gain":0,"max_hp_loss":0,"event_name":"Golden Idol","floor":12,"gold_loss":0,"cards_obtained":["Injury"]}],"is_beta":false,"boss_relics":[{"not_picked":["Coffee Dripper","Eternal Feather"],"picked":"FrozenCore"}],"items_purged_floors":[3,7,21],"is_endless":false,"potions_floor_spawned":[2,16,18,20],"killed_by":"Gremlin Leader","ascension_level":7}