{"gold_per_floor":[111,111,20,20,33,33,52,81,127,127,142,152,69,79,79,153,153,163,123,44,55,55,55,55],"floor_reached":24,"playtime":1353,"items_purged":[],"score":376,"play_id":"7708dfb3-0aa5-40f0-85a6-7e478baf8b3f","local_time":"20190528133104","is_ascension_mode":true,"campfire_choices":[{"data":"Armaments","floor":6,"key":"SMITH"},{"data":"Bash","floor":10,"key":"SMITH"},{"data":"Shockwave","floor":15,"key":"SMITH"},{"floor":23,"key":"REST"}],"neow_cost":"NONE","seed_source_timestamp":806879993037426,"circlet_count":0,"master_deck":["AscendersBane","Strike_R","Strike_R","Strike_R","Defend_R+1","Defend_R","Defend_R+1","Defend_R","Bash+1","Armaments+1","Inflame","Shrug It Off","Spot Weakness","Ghostly Armor","Sever Soul","Flame Barrier","Shockwave+1","Barricade","Headbutt","Whirlwind","Metallicize","Feel No Pain","Battle Trance"],"relics":["Burning Blood","Potion Belt","War Paint","Velvet Choker"],"potions_floor_usage":[16,21,21,24],"damage_taken":[{"damage":6,"enemies":"Cultist","floor":1,"turns":3},{"damage":2,"enemies":"2 Louse","floor":5,"turns":4},{"damage":2,"enemies":"Jaw Worm","floor":7,"turns":4},{"damage":11,"enemies":"Lagavulin","floor":8,"turns":8},{"damage":13,"enemies":"3 Louse","floor":11,"turns":5},{"damage":23,"enemies":"Lots of Slimes","floor":12,"turns":5},{"damage":13,"enemies":"Large Slime","floor":14,"turns":10},{"damage":17,"enemies":"The Guardian","floor":16,"turns":13},{"damage":51,"enemies":"Chosen","floor":18,"turns":8},{"damage":18,"enemies":"2 Thieves","floor":19,"turns":5},{"damage":7,"enemies":"Shelled Parasite and Fungi","floor":21,"turns":8},{"damage":41,"enemies":"Slavers","floor":24,"turns":4}],"seed_played":"7075290232579999719","potions_obtained":[{"floor":1,"key":"Ancient Potion"},{"floor":12,"key":"Weak Potion"},{"floor":14,"key":"Dexterity Potion"},{"floor":19,"key":"Block Potion"}],"is_trial":false,"path_per_floor":["?","$","?","M","?"],"character_chosen":"IRONCLAD","items_purchased":["Inflame","Shrug It Off","Flame Barrier","Metallicize"],"campfire_rested":1,"item_purchase_floors":[3,3,13,20],"current_hp_per_floor":[75,75,75,75,79,79,82,77,77,77,70,53,53,46,46,35,70,25,13,13,12,12,36,0],"gold":55,"neow_bonus":"TEN_PERCENT_HP_BONUS","is_prod":false,"is_daily":false,"chose_seed":false,"campfire_upgraded":3,"win_rate":0,"timestamp":1559064664,"path_taken":["M","?","?","?","M","R","M","E","T","R","M","?","$","M","R","BOSS","M","M","$","M","?","R","E"],"build_version":"2019-01-23","purchased_purges":0,"victory":false,"max_hp_per_floor":[82,82,82,82,82,82,82,82,82,82,82,82,82,82,82,82,82,82,82,82,82,82,82,82],"card_choices":[{"not_picked":["Dropkick","Cleave"],"picked":"Armaments","floor":1},{"not_picked":["Anger","Warcry","Iron Wave"],"picked":"SKIP","floor":5},{"not_picked":["Headbutt","Second Wind"],"picked":"Ghostly Armor","floor":7},{"not_picked":["Flex","Wild Strike"],"picked":"Sever Soul","floor":8},{"not_picked":["Second Wind","Perfected Strike","Twin Strike"],"picked":"SKIP","floor":11},{"not_picked":["Pommel Strike","Wild Strike","Sword Boomerang"],"picked":"SKIP","floor":12},{"not_picked":["Ghostly Armor","Flex"],"picked":"Shockwave","floor":14},{"not_picked":["Double Tap","Reaper"],"picked":"Barricade","floor":16},{"not_picked":["Clash+1","Iron Wave"],"picked":"Headbutt","floor":18},{"not_picked":["Power Through","Flex"],"picked":"Whirlwind","floor":19},{"not_picked":["Sword Boomerang","Iron Wave+1"],"picked":"Feel No Pain","floor":21}],"player_experience":728628,"relics_obtained":[{"floor":8,"key":"Potion Belt"},{"floor":9,"key":"War Paint"}],"event_choices":[{"cards_removed":["Strike_R"],"damage_healed":0,"gold_gain":0,"player_choice":"Card Removal","damage_taken":0,"max_hp_gain":0,"max_hp_loss":0,"event_name":"Wheel of Change","floor":2,"gold_loss":0},{"damage_healed":0,"gold_gain":0,"cards_transformed":["Strike_R"],"player_choice":"Transformed","damage_taken":0,"max_hp_gain":0,"max_hp_loss":0,"event_name":"Transmorgrifier","floor":4,"gold_loss":0,"cards_obtained":["Spot Weakness"]},{"damage_healed":0,"gold_gain":0,"player_choice":"Read","damage_taken":0,"max_hp_gain":0,"max_hp_loss":0,"event_name":"The Library","floor":22,"gold_loss":0,"cards_obtained":["Battle Trance"]}],"is_beta":false,"boss_relics":[{"not_picked":["Astrolabe","Ectoplasm"],"picked":"Velvet Choker"}],"items_purged_floors":[],"is_endless":false,"potions_floor_spawned":[1,12,14,19],"killed_by":"Slavers","ascension_level":18}