{"gold_per_floor":[115,126,139,154,48,48,82,82,107,107,107],"floor_reached":11,"playtime":760,"items_purged":[],"score":102,"play_id":"f99c4b9d-410e-480b-880a-c70ab91f3c83","local_time":"20190509014713","is_ascension_mode":true,"campfire_choices":[{"data":"Shockwave","floor":6,"key":"SMITH"},{"data":"Havoc","floor":8,"key":"SMITH"}],"neow_cost":"NONE","seed_source_timestamp":4361157237142238,"circlet_count":0,"master_deck":["Strike_R","Strike_R","Strike_R","Strike_R","Strike_R","Defend_R","Defend_R","Defend_R","Defend_R","Bash","Power Through","Shockwave+1","Rage","Ghostly Armor","Metallicize","Havoc+1","Shrug It Off","Injury"],"relics":["Burning Blood","Centennial Puzzle","Regal Pillow","Golden Idol"],"potions_floor_usage":[7,11],"damage_taken":[{"damage":0,"enemies":"2 Louse","floor":1,"turns":4},{"damage":7,"enemies":"Jaw Worm","floor":2,"turns":5},{"damage":5,"enemies":"Small Slimes","floor":3,"turns":4},{"damage":8,"enemies":"Blue Slaver","floor":4,"turns":5},{"damage":11,"enemies":"Lagavulin","floor":7,"turns":10},{"damage":115,"enemies":"Gremlin Nob","floor":11,"turns":9}],"seed_played":"5135384811951905796","potions_obtained":[{"floor":2,"key":"SpeedPotion"},{"floor":3,"key":"Dexterity Potion"},{"floor":4,"key":"AttackPotion"}],"is_trial":false,"path_per_floor":["?"],"character_chosen":"IRONCLAD","items_purchased":["Metallicize","Havoc"],"campfire_rested":0,"item_purchase_floors":[5,5],"current_hp_per_floor":[86,85,86,84,84,84,79,79,79,79,0],"gold":107,"neow_bonus":"TEN_PERCENT_HP_BONUS","is_prod":false,"is_daily":false,"chose_seed":false,"campfire_upgraded":2,"win_rate":0,"timestamp":1557380833,"path_taken":["M","M","M","M","$","R","E","R","T","?","E"],"build_version":"2019-01-23","purchased_purges":0,"victory":false,"max_hp_per_floor":[88,88,88,88,88,88,88,88,88,88,88],"card_choices":[{"not_picked":["Sword Boomerang","Thunderclap"],"picked":"Power Through","floor":1},{"not_picked":["Perfected Strike","Whirlwind"],"picked":"Shockwave","floor":2},{"not_picked":["Headbutt","Flex"],"picked":"Rage","floor":3},{"not_picked":["Havoc","Wild Strike"],"picked":"Ghostly Armor","floor":4},{"not_picked":["Whirlwind","Perfected Strike"],"picked":"Shrug It Off","floor":7}],"player_experience":332666,"relics_obtained":[{"floor":7,"key":"Centennial Puzzle"},{"floor":9,"key":"Regal Pillow"}],"event_choices":[{"damage_healed":0,"gold_gain":0,"player_choice":"Take Wound","damage_taken":0,"relics_obtained":["Golden Idol"],"max_hp_gain":0,"max_hp_loss":0,"event_name":"Golden Idol","floor":10,"gold_loss":0,"cards_obtained":["Injury"]}],"is_beta":false,"boss_relics":[],"items_purged_floors":[],"is_endless":false,"potions_floor_spawned":[2,3,4],"killed_by":"Gremlin Nob","ascension_level":8}