{"gold_per_floor":[215,226,226,226,240,240,265,265,316,4,4,24,50,65,65,65],"floor_reached":16,"playtime":423,"items_purged":[],"score":149,"play_id":"63287c20-af33-47a0-bef4-f4d008f9b686","local_time":"20190326171437","is_ascension_mode":true,"campfire_choices":[{"data":"Dagger Spray","floor":6,"key":"SMITH"},{"data":"Cloak And Dagger","floor":15,"key":"SMITH"}],"neow_cost":"NONE","seed_source_timestamp":364875975032657,"circlet_count":0,"master_deck":["Defend_G","Defend_G","Defend_G","Defend_G","Defend_G","Strike_G","Strike_G","Strike_G","Strike_G","Survivor","Neutralize","Dagger Spray+1","Blade Dance","Dagger Spray","Backflip","Cloak And Dagger+1","Deflect","Accuracy"],"relics":["Ring of the Snake","Omamori","Blue Candle","Juzu Bracelet","Shuriken","Bag of Preparation"],"potions_floor_usage":[7,7],"damage_taken":[{"damage":0,"enemies":"2 Louse","floor":1,"turns":4},{"damage":3,"enemies":"Jaw Worm","floor":2,"turns":5},{"damage":5,"enemies":"Small Slimes","floor":5,"turns":5},{"damage":25,"enemies":"Lagavulin","floor":7,"turns":5},{"damage":4,"enemies":"Blue Slaver","floor":12,"turns":3},{"damage":9,"enemies":"3 Sentries","floor":13,"turns":3},{"damage":3,"enemies":"Large Slime","floor":14,"turns":4},{"damage":17,"enemies":"Hexaghost","floor":16,"turns":7}],"seed_played":"2048555785375027701","potions_obtained":[{"floor":1,"key":"Weak Potion"},{"floor":5,"key":"FearPotion"}],"is_trial":false,"path_per_floor":["M","M","?","?","M","R","E","?","T","$","?","M","E","M","R","B"],"character_chosen":"THE_SILENT","items_purchased":["Shuriken","Backflip"],"campfire_rested":0,"item_purchase_floors":[10,10],"current_hp_per_floor":[63,60,53,46,41,41,16,33,33,33,33,29,20,17,17,0],"gold":65,"neow_bonus":"HUNDRED_GOLD","is_prod":false,"is_daily":false,"chose_seed":false,"campfire_upgraded":2,"win_rate":0,"timestamp":1553616877,"path_taken":["M","M","?","?","M","R","E","?","T","$","?","M","E","M","R","BOSS"],"build_version":"2019-01-23","purchased_purges":0,"victory":false,"max_hp_per_floor":[70,70,70,70,70,70,70,70,70,70,70,70,70,70,70,70],"card_choices":[{"not_picked":["Backstab","Dagger Throw"],"picked":"Dagger Spray","floor":1},{"not_picked":["Dagger Throw","Outmaneuver"],"picked":"Blade Dance","floor":2},{"not_picked":["PiercingWail","Acrobatics","Dagger Throw"],"picked":"SKIP","floor":5},{"not_picked":["Catalyst","Concentrate"],"picked":"Dagger Spray","floor":7},{"not_picked":["Choke","Setup"],"picked":"Cloak And Dagger","floor":12},{"not_picked":["Masterful Stab","Setup"],"picked":"Deflect","floor":13},{"not_picked":["PiercingWail","Prepared"],"picked":"Accuracy","floor":14}],"player_experience":111916,"relics_obtained":[{"floor":7,"key":"Blue Candle"},{"floor":9,"key":"Juzu Bracelet"},{"floor":13,"key":"Bag of Preparation"}],"event_choices":[{"cards_removed":["Strike_G"],"damage_healed":0,"gold_gain":0,"player_choice":"Card Removal","damage_taken":7,"max_hp_gain":0,"max_hp_loss":0,"event_name":"Golden Wing","floor":3,"gold_loss":0},{"damage_healed":0,"gold_gain":0,"player_choice":"Success","damage_taken":7,"relics_obtained":["Omamori"],"max_hp_gain":0,"max_hp_loss":0,"event_name":"Scrap Ooze","floor":4,"gold_loss":0},{"damage_healed":17,"gold_gain":0,"player_choice":"Healed and dodged fight","damage_taken":0,"max_hp_gain":0,"max_hp_loss":0,"event_name":"Mushrooms","floor":8,"gold_loss":0,"cards_obtained":["Parasite"]},{"damage_healed":0,"gold_gain":0,"player_choice":"Leave","damage_taken":0,"max_hp_gain":0,"max_hp_loss":0,"event_name":"The Cleric","floor":11,"gold_loss":0}],"is_beta":false,"boss_relics":[],"items_purged_floors":[],"is_endless":false,"potions_floor_spawned":[1,5],"killed_by":"Hexaghost","ascension_level":7}