{"gold_per_floor":[110,60,60,60,75,108,108,140,164,164,181,197,197,215,215,311,311,330,330,330,100,111,111,131,131,131,162,172,172,72,72,72,169,169,188,288,163,178,194,194,209,229,229,262,262,262,282,292,292,292],"floor_reached":51,"playtime":2521,"items_purged":["Defend_B","Force Field","Defend_B"],"score":972,"play_id":"cb440825-db3e-4265-befc-cbfdb93ea3e0","local_time":"20190223182951","is_ascension_mode":true,"campfire_choices":[{"floor":7.0,"key":"REST"},{"data":"Hologram","floor":10.0,"key":"SMITH"},{"floor":13.0,"key":"REST"},{"data":"Streamline","floor":15.0,"key":"SMITH"},{"floor":23.0,"key":"REST"},{"floor":32.0,"key":"REST"},{"data":"Conserve Battery","floor":40,"key":"SMITH"},{"floor":49,"key":"REST"}],"neow_cost":"NONE","seed_source_timestamp":699191215569565,"circlet_count":0,"master_deck":["Zap+1","Dualcast+1","Streamline+1","Conserve Battery+1","Leap","Hologram+1","Rebound","Gash","Seek","Defragment+1","All For One","Steam+1","Machine Learning","Gash+1","Steam+1","Streamline","Madness+1","Madness+1"],"special_seed":0,"relics":["Cracked Core","Strawberry","Happy Flower","Regal Pillow","Runic Pyramid","Anchor","Toxic Egg 2","Blood Vial","Mercury Hourglass","Empty Cage","Bird Faced Urn","Symbiotic Virus","Darkstone Periapt","Frozen Egg 2"],"potions_floor_usage":[],"damage_taken":[{"damage":0.0,"enemies":"Small Slimes","floor":1.0,"turns":2.0},{"damage":4.0,"enemies":"2 Louse","floor":5.0,"turns":2.0},{"damage":38.0,"enemies":"3 Sentries","floor":6.0,"turns":8.0},{"damage":21.0,"enemies":"Gremlin Nob","floor":8.0,"turns":4.0},{"damage":0.0,"enemies":"Cultist","floor":11.0,"turns":3.0},{"damage":0.0,"enemies":"Blue Slaver","floor":12.0,"turns":3.0},{"damage":0.0,"enemies":"Large Slime","floor":14.0,"turns":5.0},{"damage":41.0,"enemies":"Hexaghost","floor":16.0,"turns":9.0},{"damage":21.0,"enemies":"Shell Parasite","floor":18.0,"turns":4.0},{"damage":0.0,"enemies":"3 Byrds","floor":19.0,"turns":1.0},{"damage":28.0,"enemies":"Snake Plant","floor":22.0,"turns":5.0},{"damage":13.0,"enemies":"Centurion and Healer","floor":24.0,"turns":6.0},{"damage":12.0,"enemies":"Gremlin Leader","floor":27.0,"turns":5.0},{"damage":2.0,"enemies":"3 Cultists","floor":28.0,"turns":4.0},{"damage":8.0,"enemies":"Collector","floor":33.0,"turns":8.0},{"damage":0.0,"enemies":"3 Shapes","floor":35.0,"turns":4.0},{"damage":0,"enemies":"Mind Bloom Boss Battle","floor":36,"turns":5},{"damage":0,"enemies":"Orb Walker","floor":38,"turns":3},{"damage":24,"enemies":"Jaw Worm Horde","floor":39,"turns":3},{"damage":13,"enemies":"Sphere and 2 Shapes","floor":41,"turns":4},{"damage":0,"enemies":"Transient","floor":42,"turns":5},{"damage":0,"enemies":"Giant Head","floor":44,"turns":5},{"damage":10,"enemies":"Spire Growth","floor":47,"turns":3},{"damage":16,"enemies":"Sphere and 2 Shapes","floor":48,"turns":4},{"damage":17,"enemies":"Donu and Deca","floor":50,"turns":3}],"seed_played":"8883191017301497017","potions_obtained":[{"floor":8.0,"key":"SmokeBomb"},{"floor":11.0,"key":"Explosive Potion"},{"floor":12.0,"key":"Fire Potion"},{"floor":22.0,"key":"Ancient Potion"},{"floor":24.0,"key":"Weak Potion"},{"floor":33.0,"key":"LiquidBronze"},{"floor":38,"key":"FairyPotion"},{"floor":44,"key":"EssenceOfSteel"}],"is_trial":false,"path_per_floor":["M","?","?","$","M","E","R","E","T","R","M","M","R","M","R","B",null,"M","M","?","$","M","R","M","?","T","E","M","T","$","?","R","B",null,"M","?","$","M","M","R","M","M","T","E","?","T","M","M","R","B",null],"character_chosen":"DEFECT","items_purchased":["Anchor"],"campfire_rested":5,"item_purchase_floors":[21],"current_hp_per_floor":[68,68,61,61,57,26,50,29,29,29,29,29,68,68,68,27,68,47,47,47,47,19,58,45,45,45,33,33,33,33,33,72,66,78,80,82,82,82,60,60,53,59,59,65,55,55,49,39,78,65],"gold":292,"neow_bonus":"UPGRADE_CARD","is_prod":false,"is_daily":false,"chose_seed":false,"campfire_upgraded":3,"win_rate":0,"timestamp":1550942991,"path_taken":["M","?","?","$","M","E","R","E","T","R","M","M","R","M","R","BOSS","M","M","?","$","M","R","?","?","T","E","M","?","?","?","R","BOSS","M","?","$","M","M","R","M","M","T","E","?","?","?","M","R","BOSS"],"build_version":"2019-01-23","purchased_purges":3,"victory":true,"max_hp_per_floor":[75,75,75,75,75,82,82,82,82,82,82,82,82,82,82,82,82,82,82,82,82,82,82,82,82,82,82,82,82,82,82,82,82,82,82,82,82,82,82,82,82,82,82,82,82,82,82,82,82,82],"card_choices":[{"not_picked":["Go for the Eyes","Rip and Tear"],"picked":"Streamline","floor":1.0},{"not_picked":["Force Field","Leap"],"picked":"Conserve Battery","floor":5.0},{"not_picked":["Coolheaded","Sunder"],"picked":"Leap","floor":6.0},{"not_picked":["Recycle","Lockon"],"picked":"Hologram","floor":8.0},{"not_picked":["Steam","Sweeping Beam"],"picked":"Rebound","floor":11.0},{"not_picked":["Melter","Steam"],"picked":"Gash","floor":12.0},{"not_picked":["Reinforced Body","Stack","Turbo"],"picked":"SKIP","floor":14.0},{"not_picked":["Biased Cognition","Hyperbeam"],"picked":"Seek","floor":16.0},{"not_picked":["Go for the Eyes","Steam","Coolheaded"],"picked":"SKIP","floor":18.0},{"not_picked":["Genetic Algorithm","Steam","Go for the Eyes"],"picked":"SKIP","floor":22.0},{"not_picked":["Hello World","Barrage"],"picked":"Defragment+1","floor":24.0},{"not_picked":["Go for the Eyes","All For One"],"picked":"Steam+1","floor":27.0},{"not_picked":["Doom and Gloom+1","BootSequence+1","Stack+1"],"picked":"SKIP","floor":28.0},{"not_picked":["Doom and Gloom+1","BootSequence+1","Stack+1"],"picked":"SKIP","floor":28.0},{"not_picked":["All For One","Buffer"],"picked":"Machine Learning","floor":33.0},{"not_picked":["Heatsinks","Aggregate+1","Go for the Eyes+1"],"picked":"SKIP","floor":35.0},{"not_picked":["Lockon+1","Turbo+1"],"picked":"Gash+1","floor":36},{"not_picked":["Coolheaded+1","Cold Snap+1"],"picked":"Steam+1","floor":38},{"not_picked":["Consume+1","Sweeping Beam","Go for the Eyes"],"picked":"SKIP","floor":39},{"not_picked":["Blizzard+1","Sweeping Beam+1","Rebound+1"],"picked":"SKIP","floor":41},{"not_picked":["Rebound+1","Doom and Gloom+1","Sunder+1"],"picked":"SKIP","floor":42},{"not_picked":["Ball Lightning","All For One"],"picked":"Streamline","floor":44},{"not_picked":["Cold Snap+1","Barrage+1","Go for the Eyes+1"],"picked":"SKIP","floor":47},{"not_picked":["Leap+1","Ball Lightning+1","Consume+1"],"picked":"SKIP","floor":48}],"player_experience":86586,"relics_obtained":[{"floor":6.0,"key":"Strawberry"},{"floor":8.0,"key":"Happy Flower"},{"floor":9.0,"key":"Regal Pillow"},{"floor":26.0,"key":"Toxic Egg 2"},{"floor":27.0,"key":"Blood Vial"},{"floor":29.0,"key":"Mercury Hourglass"},{"floor":36,"key":"Bird Faced Urn"},{"floor":43,"key":"Symbiotic Virus"},{"floor":44,"key":"Darkstone Periapt"},{"floor":46,"key":"Frozen Egg 2"}],"event_choices":[{"cards_removed":["Strike_B"],"damage_healed":0.0,"max_hp_gain":0.0,"max_hp_loss":0.0,"gold_gain":0.0,"event_name":"The Cleric","player_choice":"Card Removal","floor":2.0,"gold_loss":50.0,"damage_taken":0.0},{"cards_removed":["Strike_B"],"damage_healed":0.0,"max_hp_gain":0.0,"max_hp_loss":0.0,"gold_gain":0.0,"event_name":"Golden Wing","player_choice":"Card Removal","floor":3.0,"gold_loss":0.0,"damage_taken":7.0},{"damage_healed":0.0,"max_hp_gain":0.0,"max_hp_loss":0.0,"gold_gain":0.0,"event_name":"Upgrade Shrine","player_choice":"Upgraded","floor":20.0,"gold_loss":0.0,"damage_taken":0.0,"cards_upgraded":["Dualcast"]},{"damage_healed":0.0,"max_hp_gain":0.0,"max_hp_loss":0.0,"gold_gain":0.0,"cards_transformed":["Defend_B","Strike_B"],"event_name":"Drug Dealer","player_choice":"Became Test Subject","floor":25.0,"gold_loss":0.0,"damage_taken":0.0,"cards_obtained":["Force Field","All For One"]},{"damage_healed":0.0,"max_hp_gain":0.0,"max_hp_loss":0.0,"gold_gain":0.0,"event_name":"Ghosts","player_choice":"Ignored","floor":31.0,"gold_loss":0.0,"damage_taken":0.0},{"damage_healed":0,"gold_gain":0,"player_choice":"Fight","damage_taken":0,"max_hp_gain":0,"max_hp_loss":0,"event_name":"MindBloom","floor":36,"gold_loss":0},{"damage_healed":0,"gold_gain":0,"player_choice":"Embrace Madness","damage_taken":10,"max_hp_gain":0,"max_hp_loss":0,"event_name":"Winding Halls","floor":45,"gold_loss":0,"cards_obtained":["Madness","Madness"]}],"is_beta":false,"boss_relics":[{"not_picked":["Calling Bell","Nuclear Battery"],"picked":"Runic Pyramid"},{"not_picked":["Tiny House","Black Star"],"picked":"Empty Cage"}],"items_purged_floors":[21,30,37],"is_endless":false,"potions_floor_spawned":[8,11,12,22,24,33,38,42,44,48],"ascension_level":6}