{"gold_per_floor":[116,191,191,47,58,91,103,143,155,167,28,28,46,57,57,156,156,176,176,195,70,70],"floor_reached":22,"playtime":625,"items_purged":["Pain","Strike_R","Perfected Strike"],"score":259,"play_id":"8309100b-78c9-41a7-9e53-d9f9b9fcdb94","local_time":"20190322124740","is_ascension_mode":true,"campfire_choices":[{"data":"Anger","floor":7,"key":"SMITH"},{"data":"True Grit","floor":10,"key":"SMITH"},{"floor":12,"key":"REST"},{"data":"Rage","floor":15,"key":"SMITH"}],"neow_cost":"CURSE","seed_source_timestamp":3036042715687,"circlet_count":0,"master_deck":["Strike_R","Strike_R","Strike_R","Defend_R","Defend_R","Defend_R","Bash","Burning Pact","Flex","Inflame","Anger+1","Rage+1","True Grit+1","Shrug It Off","Limit Break","Anger","Rage+1","Rage"],"relics":["Burning Blood","Orichalcum","MawBank","Oddly Smooth Stone","Question Card","Eternal Feather"],"potions_floor_usage":[6,20,22],"damage_taken":[{"damage":1,"enemies":"Small Slimes","floor":1,"turns":3},{"damage":1,"enemies":"2 Louse","floor":5,"turns":3},{"damage":19,"enemies":"3 Sentries","floor":6,"turns":6},{"damage":23,"enemies":"Lagavulin","floor":8,"turns":6},{"damage":1,"enemies":"Cultist","floor":13,"turns":4},{"damage":10,"enemies":"Red Slaver","floor":14,"turns":5},{"damage":46,"enemies":"Hexaghost","floor":16,"turns":10},{"damage":28,"enemies":"Shell Parasite","floor":18,"turns":5},{"damage":39,"enemies":"2 Thieves","floor":20,"turns":5},{"damage":16,"enemies":"Centurion and Healer","floor":22,"turns":7}],"seed_played":"-10179776032663143","potions_obtained":[{"floor":5,"key":"EssenceOfSteel"},{"floor":13,"key":"FearPotion"},{"floor":18,"key":"SpeedPotion"},{"floor":20,"key":"LiquidBronze"}],"is_trial":false,"path_per_floor":["M","?","?","$","M","E","R","E","T","R","$","R","M","M","R","B",null,"M","?","M","$","M"],"character_chosen":"IRONCLAD","items_purchased":["Inflame","Shrug It Off"],"campfire_rested":1,"item_purchase_floors":[4,11],"current_hp_per_floor":[77,66,54,54,59,46,46,29,29,29,29,53,58,54,54,14,64,42,42,9,9,0],"gold":70,"neow_bonus":"TRANSFORM_TWO_CARDS","is_prod":false,"is_daily":false,"chose_seed":false,"campfire_upgraded":3,"win_rate":0,"timestamp":1553255260,"path_taken":["M","?","?","$","M","E","R","E","T","R","$","R","M","M","R","BOSS","M","?","?","$","M"],"build_version":"2019-01-23","purchased_purges":3,"victory":false,"max_hp_per_floor":[80,80,80,80,80,80,80,80,80,80,80,80,80,80,80,80,80,80,80,80,80,80],"card_choices":[{"not_picked":["Havoc","Clash"],"picked":"Flex","floor":1},{"not_picked":["Shrug It Off","Twin Strike"],"picked":"Anger","floor":5},{"not_picked":["Reaper","Heavy Blade"],"picked":"Rage","floor":6},{"not_picked":["Brutality","Ghostly Armor"],"picked":"True Grit","floor":8},{"not_picked":["Cleave","Evolve","Rampage","Wild Strike"],"picked":"SKIP","floor":13},{"not_picked":["Spot Weakness","Blood for Blood","Shrug It Off","Hemokinesis"],"picked":"SKIP","floor":14},{"not_picked":["Reaper","Barricade","Dark Embrace"],"picked":"Limit Break","floor":16},{"not_picked":["Spot Weakness","Pommel Strike","Perfected Strike"],"picked":"Anger","floor":18},{"not_picked":["Sword Boomerang","True Grit","Warcry"],"picked":"Rage","floor":20}],"player_experience":106395,"relics_obtained":[{"floor":6,"key":"MawBank"},{"floor":8,"key":"Oddly Smooth Stone"},{"floor":9,"key":"Question Card"}],"event_choices":[{"damage_healed":0,"gold_gain":75,"player_choice":"Gather Gold","damage_taken":11,"max_hp_gain":0,"max_hp_loss":0,"event_name":"World of Goop","floor":2,"gold_loss":0},{"damage_healed":0,"gold_gain":0,"player_choice":"Success","damage_taken":12,"relics_obtained":["Orichalcum"],"max_hp_gain":0,"max_hp_loss":0,"event_name":"Scrap Ooze","floor":3,"gold_loss":0},{"damage_healed":0,"gold_gain":0,"player_choice":"Copied","damage_taken":0,"max_hp_gain":0,"max_hp_loss":0,"event_name":"Duplicator","floor":19,"gold_loss":0,"cards_obtained":["Rage"]}],"is_beta":false,"boss_relics":[{"not_picked":["Runic Dome","Lizard Tail"],"picked":"Eternal Feather"}],"items_purged_floors":[4,11,21],"is_endless":false,"potions_floor_spawned":[5,13,18,20],"killed_by":"Centurion and Healer","ascension_level":7}