{"gold_per_floor":[110,110,110,120,145,145,171,189,236,236,236,250,271,2,2,130,130,155,155,140,156,179,179],"floor_reached":23,"playtime":3328,"items_purged":["Injury"],"score":193,"play_id":"513d8618-aa58-442a-a140-ee8d72e7476b","local_time":"20190517032640","is_ascension_mode":false,"campfire_choices":[{"floor":6,"key":"RECALL"},{"floor":11,"key":"REST"},{"floor":15,"key":"REST"}],"neow_cost":"NONE","seed_source_timestamp":57794133615516,"circlet_count":0,"master_deck":["Defend_G","Defend_G","Defend_G+1","Defend_G","Defend_G","Strike_G","Strike_G","Strike_G","Strike_G","Strike_G","Survivor+1","Neutralize","Prepared","Flying Knee","Footwork","Cloak And Dagger","Distraction","Burst","PiercingWail+1","Flying Knee+1","Noxious Fumes+1","Backflip","Bouncing Flask","Heel Hook","Bouncing Flask","Blur"],"relics":["Ring of the Snake","Dream Catcher","Happy Flower","Lantern","Bronze Scales","Golden Idol","Strange Spoon","Astrolabe"],"potions_floor_usage":[7,7,16],"damage_taken":[{"damage":0,"enemies":"2 Louse","floor":1,"turns":3},{"damage":0,"enemies":"Jaw Worm","floor":4,"turns":5},{"damage":34,"enemies":"Lagavulin","floor":7,"turns":11},{"damage":0,"enemies":"Small Slimes","floor":8,"turns":3},{"damage":1,"enemies":"3 Louse","floor":12,"turns":3},{"damage":13,"enemies":"Gremlin Gang","floor":13,"turns":5},{"damage":35,"enemies":"The Guardian","floor":16,"turns":13},{"damage":13,"enemies":"Chosen","floor":18,"turns":6},{"damage":0,"enemies":"2 Thieves","floor":20,"turns":4},{"damage":4,"enemies":"Snecko","floor":21,"turns":4},{"damage":5,"enemies":"Cultist and Chosen","floor":22,"turns":6},{"damage":48,"enemies":"Slavers","floor":23,"turns":6}],"seed_played":"8617779068113293574","potions_obtained":[{"floor":1,"key":"LiquidBronze"},{"floor":4,"key":"SpeedPotion"},{"floor":13,"key":"PowerPotion"},{"floor":20,"key":"Explosive Potion"}],"is_trial":false,"path_per_floor":["M","?","?","M","T","R","E","M","T","?","R","M","M","$","R","B",null,"M","?","M","M","M","E"],"character_chosen":"THE_SILENT","items_purchased":["Strange Spoon"],"campfire_rested":2,"item_purchase_floors":[14],"current_hp_per_floor":[70,67,53,53,53,53,19,19,19,19,40,39,26,26,47,12,70,57,57,57,53,48,0],"gold":179,"neow_bonus":"RANDOM_COMMON_RELIC","is_prod":false,"is_daily":false,"chose_seed":false,"campfire_upgraded":0,"win_rate":0,"timestamp":1558074400,"path_taken":["M","?","?","M","?","R","E","M","T","?","R","M","M","?","R","BOSS","M","?","M","M","M","E"],"build_version":"2019-01-23","purchased_purges":1,"victory":false,"max_hp_per_floor":[70,70,70,70,70,70,70,70,70,70,70,70,70,70,70,70,70,70,70,70,70,70,70],"card_choices":[{"not_picked":["Riddle With Holes","Dagger Spray"],"picked":"Prepared","floor":1},{"not_picked":["Poisoned Stab","Blade Dance"],"picked":"Flying Knee","floor":4},{"not_picked":["Blade Dance","Slice"],"picked":"Infinite Blades","floor":7},{"not_picked":["Prepared","Deadly Poison"],"picked":"Blade Dance","floor":8},{"not_picked":["Blade Dance","Caltrops"],"picked":"Storm of Steel","floor":11},{"not_picked":["Poisoned Stab","Dodge and Roll"],"picked":"Footwork","floor":12},{"not_picked":["Finisher","Dagger Throw"],"picked":"Cloak And Dagger","floor":13},{"not_picked":["Envenom","Bane"],"picked":"Distraction","floor":15},{"not_picked":["A Thousand Cuts","Night Terror"],"picked":"Burst","floor":16},{"not_picked":["All Out Attack","Blade Dance+1"],"picked":"Backflip","floor":18},{"not_picked":["Sucker Punch","Deflect+1"],"picked":"Heel Hook","floor":20},{"not_picked":["Heel Hook","Backflip+1"],"picked":"Bouncing Flask","floor":21},{"not_picked":["Dagger Spray","PiercingWail"],"picked":"Blur","floor":22}],"player_experience":88804,"relics_obtained":[{"floor":7,"key":"Lantern"},{"floor":9,"key":"Bronze Scales"}],"event_choices":[{"damage_healed":0,"gold_gain":0,"player_choice":"Success","damage_taken":3,"relics_obtained":["Happy Flower"],"max_hp_gain":0,"max_hp_loss":0,"event_name":"Scrap Ooze","floor":2,"gold_loss":0},{"damage_healed":0,"gold_gain":0,"player_choice":"Entered Light","damage_taken":14,"max_hp_gain":0,"max_hp_loss":0,"event_name":"Shining Light","floor":3,"gold_loss":0,"cards_upgraded":["Defend_G","Survivor"]},{"damage_healed":0,"gold_gain":0,"player_choice":"Take Wound","damage_taken":0,"relics_obtained":["Golden Idol"],"max_hp_gain":0,"max_hp_loss":0,"event_name":"Golden Idol","floor":10,"gold_loss":0,"cards_obtained":["Injury"]},{"damage_healed":0,"gold_gain":0,"player_choice":"Read","damage_taken":0,"max_hp_gain":0,"max_hp_loss":0,"event_name":"The Library","floor":19,"gold_loss":0,"cards_obtained":["Bouncing Flask"]}],"is_beta":false,"boss_relics":[{"not_picked":["Philosopher\u0027s Stone","Fusion Hammer"],"picked":"Astrolabe"}],"items_purged_floors":[14],"is_endless":false,"potions_floor_spawned":[1,4,13,20],"killed_by":"Slavers","ascension_level":0}