{"gold_per_floor":[110,110,110,124,12,12,12,52,52,71,21,44,44,44,44,164,164,188,62,75,90,109,144,144,144,144,177,177,194,23,23,23,122,122,141,152,152,252,271,303,303,351,374,374,292,28,28,28,28,28],"floor_reached":51,"playtime":4661,"items_purged":[],"score":1174,"play_id":"44b980d9-4735-4363-8811-fd181c267fcc","local_time":"20190516022949","is_ascension_mode":true,"campfire_choices":[{"data":"Zap","floor":6,"key":"SMITH"},{"floor":13,"key":"REST"},{"floor":15,"key":"REST"},{"floor":24,"key":"REST"},{"floor":32,"key":"REST"},{"data":"Go for the Eyes","floor":41,"key":"SMITH"},{"floor":44,"key":"REST"},{"data":"Beam Cell","floor":47,"key":"SMITH"},{"data":"Dualcast","floor":49,"key":"SMITH"}],"neow_cost":"PERCENT_DAMAGE","seed_source_timestamp":216017314171281,"circlet_count":0,"master_deck":["AscendersBane","Zap+1","Dualcast+1","Gash","Glacier","Scrape","Auto Shields","White Noise","White Noise+1","Hologram+1","Echo Form","Steam+1","Coolheaded+1","Darkness+1","Chaos+1","Hologram+1","Coolheaded+1","Go for the Eyes+1","Gash","Turbo+1","Recycle+1","Scrape","Double Energy+1","Chill+1","Defragment+1","Hologram+1","Fission+1","All For One","Rip and Tear","Doom and Gloom","Steam Power+1","Multi-Cast+1","Beam Cell+1","Reinforced Body+1","Madness+1","Madness+1","Conserve Battery+1","Rainbow+1","Consume+1","Steam Power+1","FTL+1","Transmutation+1","Loop+1","All For One+1"],"relics":["Cracked Core","Bloody Idol","Bag of Marbles","Toxic Egg 2","CultistMask","Astrolabe","Pear","Ancient Tea Set","Frozen Egg 2","Pandora\u0027s Box","Pocketwatch","Molten Egg 2","Du-Vu Doll","Blood Vial"],"potions_floor_usage":[16,23,23,33,50],"damage_taken":[{"damage":1,"enemies":"Cultist","floor":1,"turns":3},{"damage":10,"enemies":"Jaw Worm","floor":4,"turns":5},{"damage":12,"enemies":"3 Sentries","floor":8,"turns":10},{"damage":11,"enemies":"2 Louse","floor":10,"turns":2},{"damage":0,"enemies":"Large Slime","floor":12,"turns":4},{"damage":22,"enemies":"Slime Boss","floor":16,"turns":9},{"damage":0,"enemies":"Shell Parasite","floor":18,"turns":8},{"damage":4,"enemies":"Spheric Guardian","floor":20,"turns":6},{"damage":12,"enemies":"Snecko","floor":21,"turns":6},{"damage":9,"enemies":"Snake Plant","floor":22,"turns":3},{"damage":25,"enemies":"Gremlin Leader","floor":23,"turns":10},{"damage":43,"enemies":"Book of Stabbing","floor":27,"turns":9},{"damage":14,"enemies":"3 Cultists","floor":29,"turns":8},{"damage":7,"enemies":"Colosseum Slavers","floor":31,"turns":5},{"damage":23,"enemies":"Champ","floor":33,"turns":12},{"damage":0,"enemies":"3 Shapes","floor":35,"turns":4},{"damage":0,"enemies":"Orb Walker","floor":36,"turns":3},{"damage":0,"enemies":"Mind Bloom Boss Battle","floor":38,"turns":6},{"damage":0,"enemies":"Sphere and 2 Shapes","floor":39,"turns":1},{"damage":0,"enemies":"Giant Head","floor":40,"turns":3},{"damage":33,"enemies":"2 Orb Walkers","floor":42,"turns":6},{"damage":31,"enemies":"Time Eater","floor":50,"turns":5}],"seed_played":"-5245603835953362294","potions_obtained":[{"floor":1,"key":"SkillPotion"},{"floor":16,"key":"SkillPotion"},{"floor":18,"key":"Block Potion"},{"floor":23,"key":"EssenceOfSteel"},{"floor":27,"key":"FairyPotion"},{"floor":33,"key":"Ancient Potion"},{"floor":38,"key":"Regen Potion"}],"is_trial":false,"path_per_floor":["?","?","?","?","?","$","?","?","$","?","?","?","?","$","?"],"character_chosen":"DEFECT","items_purchased":["Scrape","Auto Shields","Hologram+1","Coolheaded+1","Go for the Eyes","Hologram+1","Fission+1","FTL+1","Transmutation+1","Loop+1"],"campfire_rested":5,"item_purchase_floors":[5,5,19,19,19,30,30,45,46,46],"current_hp_per_floor":[63,63,56,46,46,46,51,39,39,28,28,28,56,56,84,62,86,86,86,82,70,61,46,77,77,77,34,34,25,25,18,49,31,86,91,96,83,88,93,98,98,70,75,104,104,104,104,104,104,82],"gold":28,"neow_bonus":"TWENTY_PERCENT_HP_BONUS","is_prod":false,"is_daily":false,"chose_seed":false,"campfire_upgraded":4,"win_rate":0,"timestamp":1557988189,"path_taken":["M","?","?","M","$","R","?","E","T","M","?","M","R","?","R","BOSS","M","?","M","M","M","E","R","?","T","E","?","M","?","?","R","BOSS","M","M","?","?","M","E","R","?","T","R","?","$","R","?","R","BOSS"],"build_version":"2019-01-23","purchased_purges":0,"victory":true,"max_hp_per_floor":[89,89,89,89,89,89,94,94,94,94,94,94,94,94,94,94,94,94,94,94,94,94,104,104,104,104,104,104,104,104,104,104,104,104,104,104,104,104,104,104,104,104,104,104,104,104,104,104,104,104],"card_choices":[{"not_picked":["Blizzard","Beam Cell"],"picked":"Gash","floor":1},{"not_picked":["Compile Driver","Barrage"],"picked":"Glacier","floor":4},{"not_picked":["Redo","Barrage"],"picked":"White Noise","floor":8},{"not_picked":["Conserve Battery+1","Compile Driver"],"picked":"White Noise+1","floor":10},{"not_picked":["Leap+1","Cold Snap"],"picked":"Hologram+1","floor":12},{"not_picked":["Fission+1","Hyperbeam"],"picked":"Echo Form","floor":16},{"not_picked":["Force Field+1","Stack+1"],"picked":"Chaos+1","floor":18},{"not_picked":["Cold Snap","Compile Driver+1"],"picked":"Gash","floor":20},{"not_picked":["Reinforced Body+1","Hologram+1"],"picked":"Turbo+1","floor":21},{"not_picked":["Compile Driver","Leap+1"],"picked":"Recycle+1","floor":22},{"not_picked":["Sweeping Beam","Steam+1"],"picked":"Scrape","floor":23},{"not_picked":["Aggregate+1","Scrape"],"picked":"Chill+1","floor":27},{"not_picked":["Hello World+1","Leap+1"],"picked":"Defragment+1","floor":29},{"not_picked":["Buffer+1","Multi-Cast+1"],"picked":"All For One","floor":33},{"not_picked":["Ball Lightning","Leap+1"],"picked":"Beam Cell","floor":35},{"not_picked":["Self Repair+1","Redo+1"],"picked":"Reinforced Body+1","floor":36},{"not_picked":["Turbo+1","Force Field+1"],"picked":"Conserve Battery+1","floor":38},{"not_picked":["Storm+1","Rebound+1"],"picked":"Rainbow+1","floor":39},{"not_picked":["Hello World+1","Rebound"],"picked":"Consume+1","floor":40},{"not_picked":["Streamline+1","Sweeping Beam+1"],"picked":"Steam Power+1","floor":42}],"player_experience":485007,"relics_obtained":[{"floor":8,"key":"Bag of Marbles"},{"floor":9,"key":"Toxic Egg 2"},{"floor":23,"key":"Pear"},{"floor":26,"key":"Ancient Tea Set"},{"floor":27,"key":"Frozen Egg 2"},{"floor":38,"key":"Pocketwatch"},{"floor":40,"key":"Molten Egg 2"},{"floor":42,"key":"Du-Vu Doll"},{"floor":43,"key":"Blood Vial"}],"event_choices":[{"damage_healed":0,"gold_gain":0,"player_choice":"Take Wound","damage_taken":0,"relics_obtained":["Golden Idol"],"max_hp_gain":0,"max_hp_loss":0,"event_name":"Golden Idol","floor":2,"gold_loss":0,"cards_obtained":["Injury"]},{"cards_removed":["Injury"],"damage_healed":0,"gold_gain":0,"player_choice":"Card Removal","damage_taken":7,"max_hp_gain":0,"max_hp_loss":0,"event_name":"Golden Wing","floor":3,"gold_loss":0},{"damage_healed":0,"gold_gain":0,"player_choice":"Donut","damage_taken":0,"max_hp_gain":5,"max_hp_loss":0,"event_name":"Big Fish","floor":7,"gold_loss":0},{"cards_removed":["Strike_B"],"damage_healed":0,"gold_gain":0,"player_choice":"Card Removal","damage_taken":0,"max_hp_gain":0,"max_hp_loss":0,"event_name":"The Cleric","floor":11,"gold_loss":50},{"damage_healed":0,"gold_gain":0,"player_choice":"Trade","damage_taken":0,"relics_obtained":["CultistMask"],"max_hp_gain":0,"max_hp_loss":0,"event_name":"FaceTrader","floor":14,"gold_loss":0},{"damage_healed":0,"gold_gain":0,"player_choice":"Read","damage_taken":0,"max_hp_gain":0,"max_hp_loss":0,"event_name":"The Library","floor":25,"gold_loss":0,"cards_obtained":["Double Energy"]},{"damage_healed":0,"gold_gain":0,"player_choice":"Gave Idol","damage_taken":0,"relics_obtained":["Bloody Idol"],"max_hp_gain":0,"max_hp_loss":0,"event_name":"Forgotten Altar","floor":28,"relics_lost":["Golden Idol"],"gold_loss":0},{"damage_healed":0,"gold_gain":0,"player_choice":"Fight","damage_taken":0,"max_hp_gain":0,"max_hp_loss":0,"event_name":"Colosseum","floor":31,"gold_loss":0},{"damage_healed":0,"gold_gain":0,"player_choice":"Fled From Nobs","damage_taken":0,"max_hp_gain":0,"max_hp_loss":0,"event_name":"Colosseum","floor":31,"gold_loss":0},{"damage_healed":0,"gold_gain":0,"player_choice":"Embrace Madness","damage_taken":13,"max_hp_gain":0,"max_hp_loss":0,"event_name":"Winding Halls","floor":37,"gold_loss":0,"cards_obtained":["Madness","Madness"]},{"damage_healed":0,"gold_gain":0,"player_choice":"Fight","damage_taken":0,"max_hp_gain":0,"max_hp_loss":0,"event_name":"MindBloom","floor":38,"gold_loss":0},{"damage_healed":0,"gold_gain":0,"player_choice":"Fight","damage_taken":0,"max_hp_gain":0,"max_hp_loss":0,"event_name":"Mysterious Sphere","floor":42,"gold_loss":0},{"damage_healed":0,"gold_gain":0,"player_choice":"Copied","damage_taken":0,"max_hp_gain":0,"max_hp_loss":0,"event_name":"Duplicator","floor":48,"gold_loss":0,"cards_obtained":["All For One"]}],"is_beta":false,"boss_relics":[{"not_picked":["Runic Dome","White Beast Statue"],"picked":"Astrolabe"},{"not_picked":["Calling Bell","Tiny House"],"picked":"Pandora\u0027s Box"}],"items_purged_floors":[],"is_endless":false,"potions_floor_spawned":[1,16,18,23,27,31,33,38,40,42],"ascension_level":11}