{"gold_per_floor":[118,118,137,137,15,15,49,69,69,69,244,256,256,256,256,355,355,338,338,86,86,36,36,47,47,74,173,202,202,235,255,255,350,350,360,61,72,72,89,116,116,131,155,175,175],"floor_reached":45,"playtime":1491,"items_purged":["Strike_R","Strike_R"],"score":529,"play_id":"968a48af-dacd-4904-b86b-de9da1cafdad","local_time":"20190123203555","is_ascension_mode":false,"campfire_choices":[{"data":"Armaments","floor":6,"key":"SMITH"},{"data":"Body Slam","floor":10,"key":"SMITH"},{"data":"Entrench","floor":15,"key":"SMITH"},{"data":"Berserk","floor":23,"key":"SMITH"},{"floor":29,"key":"REST"},{"data":"Shrug It Off","floor":32,"key":"SMITH"},{"floor":41,"key":"REST"}],"neow_cost":"","seed_source_timestamp":693790121196528,"circlet_count":0,"master_deck":["Defend_R","Defend_R+1","Defend_R","Defend_R+1","Bash","Body Slam+1","Armaments+1","Entrench+1","Berserk+1","Shrug It Off+1","Infernal Blade+1","Rupture","Metallicize+1","Shrug It Off+1","Brutality","Rage+1","Madness+1","Madness+1","Metallicize"],"relics":["Burning Blood","Mango","War Paint","StoneCalendar","Sozu","Toxic Egg 2","Dream Catcher","Potion Belt","Regal Pillow","Runic Cube","ClockworkSouvenir","Orichalcum","Anchor"],"potions_floor_usage":[16,16,18],"damage_taken":[{"damage":6,"enemies":"Jaw Worm","floor":1,"turns":3},{"damage":2,"enemies":"Small Slimes","floor":3,"turns":5},{"damage":6,"enemies":"Gremlin Nob","floor":7,"turns":4},{"damage":1,"enemies":"Cultist","floor":8,"turns":4},{"damage":0,"enemies":"Blue Slaver","floor":12,"turns":7},{"damage":13,"enemies":"The Guardian","floor":16,"turns":14},{"damage":11,"enemies":"2 Thieves","floor":18,"turns":4},{"damage":5,"enemies":"Shell Parasite","floor":24,"turns":4},{"damage":49,"enemies":"Slavers","floor":28,"turns":7},{"damage":0,"enemies":"Book of Stabbing","floor":30,"turns":7},{"damage":17,"enemies":"Centurion and Healer","floor":31,"turns":6},{"damage":22,"enemies":"Champ","floor":33,"turns":10},{"damage":2,"enemies":"Orb Walker","floor":35,"turns":2},{"damage":16,"enemies":"3 Darklings","floor":37,"turns":5},{"damage":5,"enemies":"Maw","floor":39,"turns":7},{"damage":54,"enemies":"Reptomancer","floor":40,"turns":8},{"damage":23,"enemies":"Spire Growth","floor":42,"turns":6},{"damage":43,"enemies":"Jaw Worm Horde","floor":44,"turns":5},{"damage":20,"enemies":"Transient","floor":45,"turns":2}],"seed_played":"-7819324202720252273","potions_obtained":[{"floor":1,"key":"LiquidBronze"},{"floor":7,"key":"Explosive Potion"},{"floor":12,"key":"Block Potion"}],"is_trial":false,"path_per_floor":["M","?","M","?","$","R","E","M","T","R","?","M","?","?","R","B",null,"M","?","$","?","?","R","M","$","T","?","E","R","E","M","R","B",null,"M","$","M","?","M","E","R","M","T","M","M"],"character_chosen":"IRONCLAD","items_purchased":["Armaments","Toxic Egg 2","ClockworkSouvenir"],"campfire_rested":2,"item_purchase_floors":[5,20,36],"current_hp_per_floor":[80,80,80,82,82,82,82,87,87,87,87,93,86,86,86,79,94,89,89,89,89,89,89,90,90,90,90,47,75,81,70,70,54,94,94,94,84,72,73,25,68,51,51,14,0],"gold":175,"neow_bonus":"","is_prod":false,"is_daily":false,"chose_seed":false,"campfire_upgraded":5,"win_rate":0.0,"timestamp":1548272155,"path_taken":["M","?","M","?","$","R","E","M","T","R","?","?","?","?","R","BOSS","M","?","$","?","?","R","?","?","T","?","E","R","E","M","R","BOSS","M","$","M","?","M","E","R","M","T","M","M"],"build_version":"2019-01-23","purchased_purges":2,"victory":false,"max_hp_per_floor":[80,80,80,94,94,94,94,94,94,94,94,94,94,94,94,94,94,94,94,94,94,94,94,94,94,94,94,94,94,94,94,94,94,94,94,94,94,94,94,94,94,94,94,94,94],"card_choices":[{"not_picked":["Ghostly Armor","Uppercut"],"picked":"Body Slam","floor":1},{"not_picked":["Perfected Strike","Sword Boomerang","Uppercut"],"picked":"SKIP","floor":3},{"not_picked":["Flex","Cleave","Perfected Strike"],"picked":"SKIP","floor":7},{"not_picked":["Infernal Blade","Double Tap"],"picked":"Entrench","floor":8},{"not_picked":["Intimidate","Anger","Sword Boomerang"],"picked":"SKIP","floor":12},{"not_picked":["Feed","Dark Embrace"],"picked":"Berserk","floor":16},{"not_picked":["Clothesline","Anger","Pommel Strike"],"picked":"SKIP","floor":18},{"not_picked":["Burning Pact+1","Cleave+1","Flex+1"],"picked":"SKIP","floor":24},{"not_picked":["Twin Strike","True Grit+1"],"picked":"Metallicize+1","floor":28},{"not_picked":["Anger","Sword Boomerang"],"picked":"Shrug It Off+1","floor":29},{"not_picked":["Pommel Strike+1","Thunderclap","Brutality"],"picked":"SKIP","floor":30},{"not_picked":["Pommel Strike+1","Thunderclap"],"picked":"Brutality","floor":30},{"not_picked":["Whirlwind","Blood for Blood","Searing Blow"],"picked":"SKIP","floor":31},{"not_picked":["Perfected Strike","Warcry+1"],"picked":"Rage+1","floor":35},{"not_picked":["Flex+1","Anger+1","Headbutt+1"],"picked":"SKIP","floor":37},{"not_picked":["Anger+1","Cleave+1","Sword Boomerang"],"picked":"SKIP","floor":39},{"not_picked":["Cleave+1","Iron Wave+1","Sever Soul+1"],"picked":"SKIP","floor":40},{"not_picked":["Blood for Blood","Impervious+1"],"picked":"Metallicize","floor":41},{"not_picked":["Perfected Strike","Shockwave+1","Armaments+1"],"picked":"SKIP","floor":42},{"not_picked":["Iron Wave","Sword Boomerang+1","Shrug It Off+1"],"picked":"SKIP","floor":44}],"player_experience":0,"relics_obtained":[{"floor":7,"key":"War Paint"},{"floor":9,"key":"StoneCalendar"},{"floor":26,"key":"Dream Catcher"},{"floor":28,"key":"Potion Belt"},{"floor":30,"key":"Regal Pillow"},{"floor":40,"key":"Orichalcum"},{"floor":43,"key":"Anchor"}],"event_choices":[{"cards_removed":["Strike_R"],"damage_healed":0,"gold_gain":0,"player_choice":"Forget","damage_taken":0,"max_hp_gain":0,"max_hp_loss":0,"event_name":"Living Wall","floor":2,"gold_loss":0},{"damage_healed":0,"gold_gain":0,"player_choice":"Success","damage_taken":12,"relics_obtained":["Mango"],"max_hp_gain":0,"max_hp_loss":0,"event_name":"Scrap Ooze","floor":4,"gold_loss":0},{"damage_healed":0,"gold_gain":175,"player_choice":"AGREE","damage_taken":0,"max_hp_gain":0,"max_hp_loss":0,"event_name":"Liars Game","floor":11,"gold_loss":0,"cards_obtained":["Doubt"]},{"cards_removed":["Doubt"],"damage_healed":0,"gold_gain":0,"player_choice":"Card Removal","damage_taken":7,"max_hp_gain":0,"max_hp_loss":0,"event_name":"Golden Wing","floor":13,"gold_loss":0},{"damage_healed":0,"gold_gain":0,"player_choice":"Bought 0 Potions","damage_taken":0,"max_hp_gain":0,"max_hp_loss":0,"event_name":"The Woman in Blue","floor":14,"gold_loss":0},{"damage_healed":0,"gold_gain":0,"player_choice":"Read","damage_taken":0,"max_hp_gain":0,"max_hp_loss":0,"event_name":"The Library","floor":19,"gold_loss":0,"cards_obtained":["Shrug It Off"]},{"damage_healed":0,"gold_gain":0,"cards_transformed":["Strike_R","Strike_R"],"player_choice":"Became Test Subject","damage_taken":0,"max_hp_gain":0,"max_hp_loss":0,"event_name":"Drug Dealer","floor":21,"gold_loss":0,"cards_obtained":["Infernal Blade","Rupture"]},{"damage_healed":0,"gold_gain":0,"player_choice":"Bet on Murderer","damage_taken":0,"max_hp_gain":0,"max_hp_loss":0,"event_name":"The Joust","floor":22,"gold_loss":50},{"damage_healed":0,"gold_gain":99,"player_choice":"Stole From Cult","damage_taken":0,"max_hp_gain":0,"max_hp_loss":0,"event_name":"Nest","floor":27,"gold_loss":0},{"damage_healed":0,"gold_gain":0,"player_choice":"Embrace Madness","damage_taken":12,"max_hp_gain":0,"max_hp_loss":0,"event_name":"Winding Halls","floor":38,"gold_loss":0,"cards_obtained":["Madness","Madness"]}],"is_beta":false,"boss_relics":[{"not_picked":["Snecko Eye","Coffee Dripper"],"picked":"Sozu"},{"not_picked":["Busted Crown","White Beast Statue"],"picked":"Runic Cube"}],"items_purged_floors":[5,36],"is_endless":false,"potions_floor_spawned":[1,7,12,28,31,33,35,40,44],"killed_by":"Transient","ascension_level":0}