{"gold_per_floor":[113,16,26,26,42,376,376,390,390,407,407,15,25,44,44,44],"floor_reached":16,"playtime":1101,"items_purged":["Strike_R"],"score":198,"play_id":"bd8a250b-c372-4262-98d5-1a78dc7be6f0","local_time":"20190526000052","is_ascension_mode":true,"campfire_choices":[{"floor":7,"key":"REST"},{"data":"Body Slam","floor":11,"key":"SMITH"},{"floor":15,"key":"REST"}],"neow_cost":"NONE","seed_source_timestamp":585712115424486,"circlet_count":0,"master_deck":["AscendersBane","Strike_R","Strike_R","Strike_R","Strike_R","Defend_R","Defend_R","Defend_R","Defend_R","Bash","Clothesline","Disarm+1","Feel No Pain","Body Slam+1","Impervious+1","Armaments+1","Blind+1","Headbutt","Sentinel+1","Burning Pact+1"],"relics":["Burning Blood","Toxic Egg 2","Old Coin","Du-Vu Doll","Blood Vial"],"potions_floor_usage":[10,13,16,16],"damage_taken":[{"damage":14,"enemies":"Jaw Worm","floor":1,"turns":4},{"damage":7,"enemies":"Cultist","floor":3,"turns":4},{"damage":5,"enemies":"Small Slimes","floor":5,"turns":3},{"damage":57,"enemies":"Gremlin Nob","floor":6,"turns":5},{"damage":7,"enemies":"2 Fungi Beasts","floor":8,"turns":4},{"damage":8,"enemies":"Lots of Slimes","floor":10,"turns":4},{"damage":12,"enemies":"Large Slime","floor":13,"turns":8},{"damage":9,"enemies":"Blue Slaver","floor":14,"turns":4},{"damage":87,"enemies":"Slime Boss","floor":16,"turns":19}],"seed_played":"1967918036864382619","potions_obtained":[{"floor":5,"key":"Regen Potion"},{"floor":8,"key":"Fire Potion"},{"floor":10,"key":"Strength Potion"},{"floor":13,"key":"Regen Potion"}],"is_trial":false,"path_per_floor":["?","$","M"],"character_chosen":"IRONCLAD","items_purchased":["Blind+1","Blood Vial","Headbutt"],"campfire_rested":2,"item_purchase_floors":[12,12,12],"current_hp_per_floor":[67,67,66,66,67,16,40,39,39,37,37,37,48,47,71,0],"gold":44,"neow_bonus":"TEN_PERCENT_HP_BONUS","is_prod":false,"is_daily":false,"chose_seed":false,"campfire_upgraded":1,"win_rate":0,"timestamp":1558843252,"path_taken":["M","?","M","?","M","E","R","M","T","M","R","$","?","M","R","BOSS"],"build_version":"2019-01-23","purchased_purges":1,"victory":false,"max_hp_per_floor":[82,82,82,82,82,82,82,82,82,82,82,82,82,82,82,82],"card_choices":[{"not_picked":["Havoc","Armaments"],"picked":"Clothesline","floor":1},{"not_picked":["Burning Pact+1","Heavy Blade"],"picked":"Disarm+1","floor":3},{"not_picked":["Cleave","Hemokinesis"],"picked":"Feel No Pain","floor":5},{"not_picked":["Wild Strike","Clothesline"],"picked":"Body Slam","floor":6},{"not_picked":["Metallicize","Heavy Blade"],"picked":"Impervious+1","floor":8},{"not_picked":["Sword Boomerang","Pommel Strike"],"picked":"Armaments+1","floor":10},{"not_picked":["Searing Blow","Iron Wave"],"picked":"Sentinel+1","floor":13},{"not_picked":["Rupture","Brutality"],"picked":"Burning Pact+1","floor":14}],"player_experience":704677,"relics_obtained":[{"floor":6,"key":"Old Coin"},{"floor":9,"key":"Du-Vu Doll"}],"event_choices":[{"damage_healed":0,"gold_gain":0,"player_choice":"Paid Gold","damage_taken":0,"relics_obtained":["Toxic Egg 2"],"max_hp_gain":0,"max_hp_loss":0,"event_name":"WeMeetAgain","floor":2,"gold_loss":97}],"is_beta":false,"boss_relics":[],"items_purged_floors":[12],"is_endless":false,"potions_floor_spawned":[5,8,10,13,14],"killed_by":"Slime Boss","ascension_level":18}