{"gold_per_floor":[110,16,16,26,26,54,54,86,112,62,62,75,89,117,117,217,217,231,231,156,156,172,172,172,172,172,197,27,27,38,65,65,167,167,178,178,190,206,219,219,244,254,302,314,326,351,11,22,22,22],"floor_reached":51,"playtime":2071,"items_purged":["Strike_R"],"score":1113,"play_id":"82d7bfe9-3eeb-419f-8a47-34a0399e2432","local_time":"20190405202917","is_ascension_mode":true,"campfire_choices":[{"data":"True Grit","floor":15.0,"key":"SMITH"},{"data":"Barricade","floor":23.0,"key":"SMITH"},{"data":"Rage","floor":25.0,"key":"SMITH"},{"data":"Metallicize","floor":29.0,"key":"SMITH"},{"floor":32.0,"key":"REST"},{"data":"Entrench","floor":40.0,"key":"SMITH"},{"data":"Rampage","floor":45.0,"key":"SMITH"},{"floor":49,"key":"REST"}],"neow_cost":"NONE","seed_source_timestamp":284178642219296,"circlet_count":0,"master_deck":["Defend_R","Defend_R+1","Defend_R","Defend_R","Bash+1","Shrug It Off+1","Rampage+1","Shrug It Off","Cleave","Rage+1","Headbutt","True Grit+1","Headbutt+1","Barricade+1","Iron Wave","Metallicize+1","Finesse","Double Tap","Entrench+1","Warcry","Shrug It Off+1","Entrench+1"],"special_seed":0,"relics":["Burning Blood","NeowsBlessing","Omamori","Dodecahedron","Pear","Potion Belt","Regal Pillow","Velvet Choker","Ornamental Fan","Mercury Hourglass","Whetstone","Nunchaku","Runic Pyramid","Vajra","MawBank","Toxic Egg 2"],"potions_floor_usage":[46,48,50],"damage_taken":[{"damage":0.0,"enemies":"Jaw Worm","floor":1.0,"turns":1.0},{"damage":0.0,"enemies":"Cultist","floor":4.0,"turns":1.0},{"damage":0.0,"enemies":"Lagavulin","floor":6.0,"turns":1.0},{"damage":8.0,"enemies":"3 Sentries","floor":8.0,"turns":9.0},{"damage":0.0,"enemies":"2 Louse","floor":12.0,"turns":2.0},{"damage":23.0,"enemies":"Large Slime","floor":13.0,"turns":9.0},{"damage":34.0,"enemies":"Gremlin Nob","floor":14.0,"turns":5.0},{"damage":38.0,"enemies":"The Guardian","floor":16.0,"turns":15.0},{"damage":3.0,"enemies":"3 Byrds","floor":18.0,"turns":6.0},{"damage":19.0,"enemies":"Shell Parasite","floor":22.0,"turns":9.0},{"damage":42.0,"enemies":"Slavers","floor":27.0,"turns":6.0},{"damage":4.0,"enemies":"Snecko","floor":30.0,"turns":5.0},{"damage":15.0,"enemies":"Gremlin Leader","floor":31.0,"turns":8.0},{"damage":7.0,"enemies":"Collector","floor":33.0,"turns":12.0},{"damage":7.0,"enemies":"3 Shapes","floor":35.0,"turns":6.0},{"damage":3.0,"enemies":"Orb Walker","floor":37.0,"turns":4.0},{"damage":5.0,"enemies":"3 Darklings","floor":38.0,"turns":8.0},{"damage":0.0,"enemies":"Sphere and 2 Shapes","floor":39.0,"turns":6.0},{"damage":4.0,"enemies":"Reptomancer","floor":41.0,"turns":9.0},{"damage":25.0,"enemies":"Jaw Worm Horde","floor":42.0,"turns":6.0},{"damage":24,"enemies":"Transient","floor":46,"turns":5},{"damage":37,"enemies":"3 Darklings","floor":48,"turns":7},{"damage":6,"enemies":"Time Eater","floor":50,"turns":15}],"seed_played":"251793303220027487","potions_obtained":[{"floor":4.0,"key":"Weak Potion"},{"floor":6.0,"key":"FairyPotion"},{"floor":14.0,"key":"SteroidPotion"},{"floor":16.0,"key":"SpeedPotion"},{"floor":22.0,"key":"GamblersBrew"},{"floor":33.0,"key":"Dexterity Potion"},{"floor":37.0,"key":"Energy Potion"},{"floor":39.0,"key":"Block Potion"},{"floor":41.0,"key":"PowerPotion"},{"floor":42.0,"key":"Regen Potion"}],"is_trial":false,"path_per_floor":["M","$","?","M","?","E","?","E","T","?","$","M","M","E","R","B",null,"M","?","?","T","M","R","?","R","T","E","$","R","M","E","R","B",null,"M","?","M","M","M","R","E","M","T","?","R","M","$","M","R","B",null],"character_chosen":"IRONCLAD","items_purchased":["Rampage","Shrug It Off","Finesse","Toxic Egg 2","Entrench+1","Ancient Potion"],"campfire_rested":2,"item_purchase_floors":[2,2,28,47,47,47],"current_hp_per_floor":[78,78,78,80,64,70,70,78,78,78,78,84,67,39,39,7,69,72,72,72,72,59,59,89,89,89,53,53,53,55,46,88,87,89,88,88,90,90,90,90,90,71,71,71,71,53,53,37,79,79],"gold":22,"neow_bonus":"THREE_ENEMY_KILL","is_prod":false,"is_daily":false,"chose_seed":false,"campfire_upgraded":6,"win_rate":0,"timestamp":1554488957,"path_taken":["M","$","?","?","?","E","?","E","T","?","$","M","M","E","R","BOSS","M","?","?","?","?","R","?","R","T","E","$","R","M","E","R","BOSS","M","?","M","M","M","R","E","?","T","?","R","M","$","M","R","BOSS"],"build_version":"2019-01-23","purchased_purges":1,"victory":true,"max_hp_per_floor":[80,80,80,80,80,80,80,90,90,90,90,90,90,90,90,90,90,90,90,90,90,90,90,90,90,90,90,90,90,90,90,90,90,90,90,90,90,90,90,90,90,90,90,90,90,90,90,90,90,90],"card_choices":[{"not_picked":["Clash","Feel No Pain"],"picked":"Shrug It Off","floor":1.0},{"not_picked":["Clothesline","Havoc"],"picked":"Cleave","floor":4.0},{"not_picked":["Fiend Fire","Feed"],"picked":"Rage","floor":6.0},{"not_picked":["True Grit","Burning Pact"],"picked":"Headbutt","floor":8.0},{"not_picked":["Clash","Dropkick"],"picked":"True Grit","floor":12.0},{"not_picked":["Clothesline","Iron Wave","Anger"],"picked":"SKIP","floor":13.0},{"not_picked":["Searing Blow","Shrug It Off"],"picked":"Headbutt","floor":14.0},{"not_picked":["Feed","Limit Break"],"picked":"Barricade","floor":16.0},{"not_picked":["Power Through","Second Wind"],"picked":"Iron Wave","floor":18.0},{"not_picked":["Armaments","Wild Strike+1","Rampage"],"picked":"SKIP","floor":22.0},{"not_picked":["Brutality","Hemokinesis+1"],"picked":"Metallicize","floor":27.0},{"not_picked":["Carnage","Wild Strike+1","Flex+1"],"picked":"SKIP","floor":30.0},{"not_picked":["Anger+1","Rampage","Cleave"],"picked":"SKIP","floor":31.0},{"not_picked":["Demon Form","Reaper"],"picked":"Double Tap","floor":33.0},{"not_picked":["Rage+1","Sentinel"],"picked":"Entrench","floor":35.0},{"not_picked":["Clash","Flex+1"],"picked":"Shrug It Off+1","floor":37.0},{"not_picked":["Heavy Blade+1","Havoc+1","Thunderclap"],"picked":"SKIP","floor":38.0},{"not_picked":["Inflame+1","Clash+1","Perfected Strike"],"picked":"SKIP","floor":39.0},{"not_picked":["Carnage","Offering","Uppercut"],"picked":"SKIP","floor":41.0},{"not_picked":["Sentinel","Cleave","Perfected Strike"],"picked":"SKIP","floor":42.0},{"not_picked":["Iron Wave+1","Sword Boomerang+1","Perfected Strike+1"],"picked":"SKIP","floor":46},{"not_picked":["Headbutt+1","Uppercut","Clash"],"picked":"SKIP","floor":48}],"player_experience":152157,"relics_obtained":[{"floor":6.0,"key":"Omamori"},{"floor":8.0,"key":"Pear"},{"floor":9.0,"key":"Potion Belt"},{"floor":14.0,"key":"Regal Pillow"},{"floor":21.0,"key":"Ornamental Fan"},{"floor":26.0,"key":"Mercury Hourglass"},{"floor":27.0,"key":"Whetstone"},{"floor":31.0,"key":"Nunchaku"},{"floor":41.0,"key":"Vajra"},{"floor":43.0,"key":"MawBank"}],"event_choices":[{"cards_removed":["Strike_R"],"damage_healed":0.0,"max_hp_gain":0.0,"max_hp_loss":0.0,"gold_gain":0.0,"event_name":"Purifier","player_choice":"Purged","floor":3.0,"gold_loss":0.0,"damage_taken":0.0},{"damage_healed":0.0,"max_hp_gain":0.0,"max_hp_loss":0.0,"gold_gain":0.0,"event_name":"Shining Light","player_choice":"Entered Light","floor":5.0,"gold_loss":0.0,"damage_taken":16.0,"cards_upgraded":["Defend_R","Shrug It Off"]},{"damage_healed":0.0,"max_hp_gain":0.0,"max_hp_loss":0.0,"gold_gain":0.0,"event_name":"Big Fish","player_choice":"Box","floor":7.0,"gold_loss":0.0,"damage_taken":0.0,"relics_obtained":["Dodecahedron"],"cards_obtained":["Regret"]},{"cards_removed":["Strike_R"],"damage_healed":0.0,"max_hp_gain":0.0,"max_hp_loss":0.0,"gold_gain":0.0,"event_name":"The Cleric","player_choice":"Card Removal","floor":10.0,"gold_loss":50.0,"damage_taken":0.0},{"damage_healed":0.0,"max_hp_gain":0.0,"max_hp_loss":0.0,"gold_gain":0.0,"event_name":"Vampires","player_choice":"Ignored","floor":19.0,"gold_loss":0.0,"damage_taken":0.0},{"cards_removed":["Strike_R"],"damage_healed":0.0,"max_hp_gain":0.0,"max_hp_loss":0.0,"gold_gain":0.0,"event_name":"Beggar","player_choice":"Gave Gold","floor":20.0,"gold_loss":75.0,"damage_taken":0.0},{"damage_healed":30.0,"max_hp_gain":0.0,"max_hp_loss":0.0,"gold_gain":0.0,"event_name":"The Library","player_choice":"Heal","floor":24.0,"gold_loss":0.0,"damage_taken":0.0},{"damage_healed":0.0,"max_hp_gain":0.0,"max_hp_loss":0.0,"gold_gain":0.0,"cards_transformed":["Strike_R"],"event_name":"Transmorgrifier","player_choice":"Transformed","floor":36.0,"gold_loss":0.0,"damage_taken":0.0,"cards_obtained":["Warcry"]},{"damage_healed":0.0,"max_hp_gain":0.0,"max_hp_loss":0.0,"gold_gain":0.0,"event_name":"Mysterious Sphere","player_choice":"Ignored","floor":44.0,"gold_loss":0.0,"damage_taken":0.0}],"is_beta":false,"boss_relics":[{"not_picked":["Runic Cube","Runic Dome"],"picked":"Velvet Choker"},{"not_picked":["White Beast Statue","Black Blood"],"picked":"Runic Pyramid"}],"items_purged_floors":[28],"is_endless":false,"potions_floor_spawned":[4,6,14,16,22,33,37,39,41,42],"ascension_level":9}