{"gold_per_floor":[20,31,43,59,69,69,102,116,116,150,161,161,194,194,194,194],"floor_reached":16,"playtime":905,"items_purged":[],"score":217,"play_id":"1ef8f37d-f0b9-4c48-89c9-d31653583d82","local_time":"20180829081817","is_ascension_mode":true,"campfire_choices":[{"data":"Body Slam","floor":6,"key":"SMITH"},{"data":"True Grit","floor":15,"key":"SMITH"}],"neow_cost":"NO_GOLD","seed_source_timestamp":947589710887071,"circlet_count":0,"master_deck":["Strike_R","Strike_R","Strike_R","Strike_R","Defend_R","Defend_R","Defend_R","Defend_R","Bash","AscendersBane","True Grit+1","Clothesline","Evolve","Body Slam+1","Shrug It Off","Feed","Bludgeon","True Grit"],"relics":["Burning Blood","Calipers","Ice Cream","Turnip","Bag of Preparation","Peace Pipe"],"potions_floor_usage":[10,13,16],"damage_taken":[{"damage":6,"enemies":"Cultist","floor":1,"turns":4},{"damage":0,"enemies":"Small Slimes","floor":2,"turns":3},{"damage":6,"enemies":"2 Louse","floor":3,"turns":3},{"damage":1,"enemies":"Exordium Wildlife","floor":4,"turns":6},{"damage":11,"enemies":"Looter","floor":5,"turns":3},{"damage":43,"enemies":"Lagavulin","floor":7,"turns":10},{"damage":7,"enemies":"2 Fungi Beasts","floor":8,"turns":5},{"damage":28,"enemies":"Gremlin Nob","floor":10,"turns":5},{"damage":3,"enemies":"Exordium Thugs","floor":11,"turns":5},{"damage":13,"enemies":"3 Sentries","floor":13,"turns":7},{"damage":44,"enemies":"Hexaghost","floor":16,"turns":15}],"seed_played":"-8343094049511715096","potions_obtained":[{"floor":3,"key":"Block Potion"},{"floor":7,"key":"SmokeBomb"},{"floor":8,"key":"Poison Potion"},{"floor":13,"key":"Block Potion"}],"is_trial":false,"path_per_floor":["M","M","M","M","M","R","E","M","T","E","M","?","E","?","R"],"character_chosen":"IRONCLAD","items_purchased":[],"campfire_rested":0,"item_purchase_floors":[],"current_hp_per_floor":[68,74,74,75,70,70,33,32,32,10,16,16,12,39,39,0],"gold":194,"neow_bonus":"ONE_RARE_RELIC","is_prod":false,"is_daily":false,"chose_seed":false,"campfire_upgraded":2,"win_rate":0,"timestamp":1535523497,"path_taken":["M","M","?","M","M","R","E","M","T","E","?","?","E","?","R","BOSS"],"build_version":"2018-08-23v2","purchased_purges":0,"victory":false,"max_hp_per_floor":[75,75,75,75,75,75,75,75,75,75,78,78,81,81,81,81],"card_choices":[{"not_picked":["Cleave","Second Wind"],"picked":"True Grit","floor":1},{"not_picked":["Headbutt","Pommel Strike"],"picked":"Clothesline","floor":2},{"not_picked":["Reckless Charge","Flex"],"picked":"Evolve","floor":3},{"not_picked":["Evolve","Anger"],"picked":"Body Slam","floor":4},{"not_picked":["True Grit","Sword Boomerang"],"picked":"Shrug It Off","floor":8},{"not_picked":["True Grit","Pommel Strike"],"picked":"Feed","floor":10},{"not_picked":["Clash","Warcry"],"picked":"True Grit","floor":13}],"player_experience":1010662,"relics_obtained":[{"floor":7,"key":"Ice Cream"},{"floor":9,"key":"Turnip"},{"floor":10,"key":"Bag of Preparation"},{"floor":13,"key":"Peace Pipe"}],"event_choices":[{"event_name":"Transmorgrifier","player_choice":"Transform","floor":12,"damage_taken":0},{"event_name":"Big Fish","player_choice":"Banana","floor":14,"damage_taken":0}],"is_beta":false,"boss_relics":[],"items_purged_floors":[],"is_endless":false,"potions_floor_spawned":[3,7,8,13],"killed_by":"Hexaghost","ascension_level":15}