{"gold_per_floor":[361,315,335,35,35,47,47,47,47,71,85,99,99,124,124,249,249,273,273,289,289],"floor_reached":21,"playtime":1224,"items_purged":[],"score":173,"play_id":"079c5a78-7ecf-4809-8453-68df9b4e5e40","local_time":"20190530134953","is_ascension_mode":false,"campfire_choices":[{"floor":15,"key":"REST"}],"neow_cost":"TEN_PERCENT_HP_LOSS","seed_source_timestamp":473372133171,"circlet_count":0,"master_deck":["Strike_B","Strike_B","Strike_B+1","Strike_B","Defend_B","Defend_B","Defend_B+1","Defend_B","Zap","Dualcast","Gash","Storm","Loop","Gash","Gash","Injury","Regret","Loop","White Noise","Electrodynamics","Defragment"],"relics":["Cracked Core","Membership Card","Golden Idol","Lantern","Pantograph","Black Star"],"potions_floor_usage":[12,14,16],"damage_taken":[{"damage":1,"enemies":"Cultist","floor":1,"turns":3},{"damage":4,"enemies":"2 Louse","floor":3,"turns":3},{"damage":6,"enemies":"Jaw Worm","floor":6,"turns":3},{"damage":6,"enemies":"3 Louse","floor":10,"turns":2},{"damage":6,"enemies":"2 Fungi Beasts","floor":11,"turns":3},{"damage":13,"enemies":"Large Slime","floor":12,"turns":4},{"damage":3,"enemies":"Blue Slaver","floor":14,"turns":3},{"damage":48,"enemies":"The Guardian","floor":16,"turns":10},{"damage":27,"enemies":"3 Byrds","floor":18,"turns":4},{"damage":24,"enemies":"Chosen","floor":20,"turns":5},{"damage":23,"enemies":"Snake Plant","floor":21,"turns":2}],"seed_played":"6071527695778924529","potions_obtained":[{"floor":3,"key":"EssenceOfSteel"},{"floor":10,"key":"Fire Potion"},{"floor":14,"key":"Regen Potion"},{"floor":16,"key":"Strength Potion"},{"floor":20,"key":"Energy Potion"}],"is_trial":false,"path_per_floor":["M","$","M","$","$","M","?","?","T","M","M","M","?","M","R","B",null,"M","?","M","M"],"character_chosen":"DEFECT","items_purchased":["Gash","Loop","Gash","Membership Card"],"campfire_rested":1,"item_purchase_floors":[2,4,4,4],"current_hp_per_floor":[67,67,63,63,63,57,57,57,57,51,45,32,18,15,35,27,68,41,41,17,0],"gold":289,"neow_bonus":"TWO_FIFTY_GOLD","is_prod":false,"is_daily":false,"chose_seed":false,"campfire_upgraded":0,"win_rate":0,"timestamp":1559234993,"path_taken":["M","$","?","?","$","M","?","?","T","M","M","M","?","M","R","BOSS","M","?","M","M"],"build_version":"2019-01-23","purchased_purges":0,"victory":false,"max_hp_per_floor":[68,68,68,68,68,68,68,68,68,68,68,68,68,68,68,68,68,68,68,68,68],"card_choices":[{"not_picked":["Go for the Eyes","Turbo","Streamline"],"picked":"SKIP","floor":1},{"not_picked":["Compile Driver","Redo"],"picked":"Storm","floor":3},{"not_picked":["Beam Cell","Go for the Eyes"],"picked":"Gash","floor":6},{"not_picked":["Scrape","Gash"],"picked":"Loop","floor":10},{"not_picked":["Leap","Doom and Gloom","Double Energy"],"picked":"SKIP","floor":11},{"not_picked":["Rebound","Recycle"],"picked":"White Noise","floor":12},{"not_picked":["Fusion","Aggregate","Coolheaded"],"picked":"SKIP","floor":14},{"not_picked":["Rainbow","Fission"],"picked":"Electrodynamics","floor":16},{"not_picked":["Reprogram","Go for the Eyes","Rebound+1"],"picked":"SKIP","floor":18},{"not_picked":["Conserve Battery","Genetic Algorithm"],"picked":"Defragment","floor":20}],"player_experience":174366,"relics_obtained":[{"floor":9,"key":"Pantograph"}],"event_choices":[{"damage_healed":0,"gold_gain":0,"player_choice":"Take Wound","damage_taken":0,"relics_obtained":["Golden Idol"],"max_hp_gain":0,"max_hp_loss":0,"event_name":"Golden Idol","floor":7,"gold_loss":0,"cards_obtained":["Injury"]},{"damage_healed":0,"gold_gain":0,"player_choice":"Box","damage_taken":0,"relics_obtained":["Lantern"],"max_hp_gain":0,"max_hp_loss":0,"event_name":"Big Fish","floor":8,"gold_loss":0,"cards_obtained":["Regret"]},{"damage_healed":0,"gold_gain":0,"player_choice":"Entered Light","damage_taken":14,"max_hp_gain":0,"max_hp_loss":0,"event_name":"Shining Light","floor":13,"gold_loss":0,"cards_upgraded":["Strike_B","Defend_B"]},{"damage_healed":0,"gold_gain":0,"player_choice":"Ignored","damage_taken":0,"max_hp_gain":0,"max_hp_loss":0,"event_name":"NoteForYourself","floor":19,"gold_loss":0}],"is_beta":false,"boss_relics":[{"not_picked":["White Beast Statue","Tiny House"],"picked":"Black Star"}],"items_purged_floors":[],"is_endless":false,"potions_floor_spawned":[3,10,14,16,20],"killed_by":"Snake Plant","ascension_level":0}