{"gold_per_floor":[109,126,126,76,76,111,111,131,131,142,157,190,220,233,233,330,330,330,255,255,255,255,255,255,255,255,255,255,255,255,255,255,255],"floor_reached":33,"playtime":3112,"items_purged":[],"score":351,"play_id":"c1ec3489-ac31-4b47-887f-5ec026c629db","local_time":"20190217105514","is_ascension_mode":false,"campfire_choices":[{"data":"Cleave","floor":7,"key":"SMITH"},{"floor":15,"key":"REST"},{"floor":23,"key":"REST"},{"floor":27,"key":"REST"},{"floor":32,"key":"REST"}],"neow_cost":"NONE","seed_source_timestamp":195779625237352,"circlet_count":0,"master_deck":["Strike_R","Strike_R","Strike_R","Defend_R","Defend_R","Defend_R","Bash","Cleave+1","Ghostly Armor","Pommel Strike","Headbutt","Feed","Limit Break","Disarm","Flex","RitualDagger","Heavy Blade","Heavy Blade","Whirlwind","Battle Trance","Seeing Red","Feed"],"relics":["Burning Blood","NeowsBlessing","Mercury Hourglass","Kunai","Ancient Tea Set","Shovel","Ectoplasm","Lantern","Oddly Smooth Stone","Question Card"],"potions_floor_usage":[16,19,24,31,33,33],"damage_taken":[{"damage":0,"enemies":"Small Slimes","floor":1,"turns":1},{"damage":0,"enemies":"2 Louse","floor":2,"turns":1},{"damage":0,"enemies":"3 Sentries","floor":6,"turns":2},{"damage":3,"enemies":"Jaw Worm","floor":8,"turns":3},{"damage":4,"enemies":"Blue Slaver","floor":10,"turns":4},{"damage":1,"enemies":"Large Slime","floor":11,"turns":5},{"damage":29,"enemies":"Lagavulin","floor":12,"turns":6},{"damage":11,"enemies":"2 Fungi Beasts","floor":14,"turns":4},{"damage":59,"enemies":"The Guardian","floor":16,"turns":13},{"damage":11,"enemies":"3 Byrds","floor":18,"turns":4},{"damage":17,"enemies":"2 Thieves","floor":19,"turns":4},{"damage":27,"enemies":"Centurion and Healer","floor":22,"turns":4},{"damage":23,"enemies":"Slavers","floor":24,"turns":5},{"damage":9,"enemies":"Snecko","floor":25,"turns":5},{"damage":20,"enemies":"Snake Plant","floor":28,"turns":4},{"damage":27,"enemies":"Book of Stabbing","floor":29,"turns":5},{"damage":24,"enemies":"Centurion and Healer","floor":30,"turns":5},{"damage":21,"enemies":"Shelled Parasite and Fungi","floor":31,"turns":3},{"damage":63,"enemies":"Automaton","floor":33,"turns":6}],"seed_played":"2418388314139428263","potions_obtained":[{"floor":6,"key":"Regen Potion"},{"floor":10,"key":"SkillPotion"},{"floor":14,"key":"SpeedPotion"},{"floor":16,"key":"GamblersBrew"},{"floor":25,"key":"SpeedPotion"},{"floor":29,"key":"AttackPotion"},{"floor":30,"key":"Swift Potion"}],"is_trial":false,"path_per_floor":["M","M","?","?","?","E","R","M","T","M","M","E","?","M","R","B",null,"M","M","?","?","M","R","E","M","T","R","M","E","M","M","R","B"],"character_chosen":"IRONCLAD","items_purchased":[],"campfire_rested":4,"item_purchase_floors":[],"current_hp_per_floor":[80,80,73,73,73,79,79,80,80,80,80,57,57,52,76,41,83,81,73,67,67,49,76,62,59,59,87,73,52,34,22,51,0],"gold":255,"neow_bonus":"THREE_ENEMY_KILL","is_prod":false,"is_daily":false,"chose_seed":false,"campfire_upgraded":1,"win_rate":0.0,"timestamp":1550429714,"path_taken":["M","M","?","?","?","E","R","M","T","M","M","E","?","M","R","BOSS","M","M","?","?","M","R","E","M","T","R","M","E","M","M","R","BOSS"],"build_version":"2019-01-23","purchased_purges":0,"victory":false,"max_hp_per_floor":[80,80,80,80,80,80,80,80,80,80,80,80,80,80,80,83,83,86,89,89,89,92,92,95,95,95,95,95,95,95,98,98,98],"card_choices":[{"not_picked":["Flex","Flame Barrier"],"picked":"Cleave","floor":1},{"not_picked":["Twin Strike","Iron Wave","Clash"],"picked":"SKIP","floor":2},{"not_picked":["Armaments","Twin Strike"],"picked":"Ghostly Armor","floor":6},{"not_picked":["Sword Boomerang","Perfected Strike"],"picked":"Pommel Strike","floor":8},{"not_picked":["Sword Boomerang","Wild Strike"],"picked":"Headbutt","floor":10},{"not_picked":["Rage","Warcry","Havoc"],"picked":"SKIP","floor":11},{"not_picked":["Rampage","Sword Boomerang"],"picked":"Feed","floor":12},{"not_picked":["Infernal Blade","Dropkick","Rupture"],"picked":"SKIP","floor":14},{"not_picked":["Exhume","Immolate"],"picked":"Limit Break","floor":16},{"not_picked":["Dropkick","Havoc"],"picked":"Disarm","floor":18},{"not_picked":["Rage","Perfected Strike+1"],"picked":"Flex","floor":19},{"not_picked":["Pummel","Cleave+1"],"picked":"Heavy Blade","floor":22},{"not_picked":["Anger+1","Shrug It Off"],"picked":"Whirlwind","floor":24},{"not_picked":["Blood for Blood","Evolve"],"picked":"Battle Trance","floor":25},{"not_picked":["Havoc+1","Heavy Blade"],"picked":"Seeing Red","floor":28},{"not_picked":["Heavy Blade","Clothesline"],"picked":"Feed","floor":29},{"not_picked":["True Grit","Anger","Headbutt","Sword Boomerang+1"],"picked":"SKIP","floor":30},{"not_picked":["Body Slam","Burning Pact+1","Warcry","Shrug It Off"],"picked":"SKIP","floor":31}],"player_experience":52137,"relics_obtained":[{"floor":6,"key":"Mercury Hourglass"},{"floor":9,"key":"Kunai"},{"floor":12,"key":"Ancient Tea Set"},{"floor":24,"key":"Lantern"},{"floor":26,"key":"Oddly Smooth Stone"},{"floor":29,"key":"Question Card"}],"event_choices":[{"cards_removed":["Defend_R"],"damage_healed":0,"gold_gain":0,"player_choice":"Card Removal","damage_taken":7,"max_hp_gain":0,"max_hp_loss":0,"event_name":"Golden Wing","floor":3,"gold_loss":0},{"cards_removed":["Strike_R"],"damage_healed":0,"gold_gain":0,"player_choice":"Card Removal","damage_taken":0,"max_hp_gain":0,"max_hp_loss":0,"event_name":"The Cleric","floor":4,"gold_loss":50},{"cards_removed":["Strike_R"],"damage_healed":0,"gold_gain":0,"player_choice":"Forget","damage_taken":0,"max_hp_gain":0,"max_hp_loss":0,"event_name":"Living Wall","floor":5,"gold_loss":0},{"damage_healed":0,"gold_gain":30,"player_choice":"Searched \u00272\u0027 times","damage_taken":0,"relics_obtained":["Shovel"],"max_hp_gain":0,"max_hp_loss":0,"event_name":"Dead Adventurer","floor":13,"gold_loss":0},{"damage_healed":0,"gold_gain":0,"player_choice":"Joined the Cult","damage_taken":6,"max_hp_gain":0,"max_hp_loss":0,"event_name":"Nest","floor":20,"gold_loss":0,"cards_obtained":["RitualDagger"]},{"damage_healed":0,"gold_gain":0,"player_choice":"Read","damage_taken":0,"max_hp_gain":0,"max_hp_loss":0,"event_name":"The Library","floor":21,"gold_loss":0,"cards_obtained":["Heavy Blade"]}],"is_beta":false,"boss_relics":[{"not_picked":["Runic Pyramid","Calling Bell"],"picked":"Ectoplasm"}],"items_purged_floors":[],"is_endless":false,"potions_floor_spawned":[6,10,14,16,25,29,30],"killed_by":"Automaton","ascension_level":0}