{"gold_per_floor":[109,12,27,27,27,27,66,80,104,104,137,137],"floor_reached":12,"playtime":635,"items_purged":["Strike_B"],"score":129,"play_id":"7edbf6fe-b220-45cc-b693-09084337339b","local_time":"20180727164837","is_ascension_mode":true,"campfire_choices":[{"data":"Zap","floor":6,"key":"SMITH"},{"data":"Streamline","floor":10,"key":"SMITH"}],"neow_cost":"TEN_PERCENT_HP_LOSS","seed_source_timestamp":1327153395495654,"circlet_count":0,"master_deck":["Strike_B","Strike_B","Defend_B","Defend_B","Defend_B","Defend_B","Zap+1","Dualcast","AscendersBane","Doom and Gloom","Gash","White Noise","Hologram","Sunder","Streamline+1","Self Repair"],"special_seed":0,"relics":["Cracked Core","Arrowhead","Golden Idol","Regal Pillow","Art of War","Kunai"],"potions_floor_usage":[],"damage_taken":[{"damage":0.0,"enemies":"Cultist","floor":1.0,"turns":3.0},{"damage":0.0,"enemies":"Small Slimes","floor":3.0,"turns":2.0},{"damage":2,"enemies":"Lagavulin","floor":7,"turns":4},{"damage":8,"enemies":"2 Louse","floor":8,"turns":2},{"damage":40,"enemies":"Gremlin Nob","floor":11,"turns":4},{"damage":12,"enemies":"Exordium Wildlife","floor":12,"turns":1}],"seed_played":"-4300575850583829323","potions_obtained":[{"floor":7,"key":"Reflective Coating"}],"is_trial":false,"path_per_floor":["M","$","M","?","?","R","E","M","T","R","E"],"character_chosen":"DEFECT","items_purchased":["Gash"],"campfire_rested":0,"item_purchase_floors":[2],"current_hp_per_floor":[68,68,68,68,51,51,49,41,41,41,1,0],"gold":137,"neow_bonus":"ONE_RARE_RELIC","is_prod":false,"is_daily":false,"chose_seed":false,"campfire_upgraded":2,"win_rate":0,"timestamp":1532702917,"path_taken":["M","$","M","?","?","R","E","M","T","R","E","?"],"build_version":"2018-07-26","purchased_purges":1,"victory":false,"max_hp_per_floor":[68,68,68,68,68,68,68,68,68,68,68,68],"card_choices":[{"not_picked":["Streamline","Beam Cell"],"picked":"Doom and Gloom","floor":1.0},{"not_picked":["Loop","Chaos"],"picked":"White Noise","floor":3.0},{"not_picked":["Lockon","Go for the Eyes"],"picked":"Sunder","floor":7},{"not_picked":["Darkness","Stack"],"picked":"Streamline","floor":8},{"not_picked":["Chill","Auto Shields"],"picked":"Self Repair","floor":11}],"player_experience":766878,"relics_obtained":[{"floor":7,"key":"Regal Pillow"},{"floor":9,"key":"Art of War"},{"floor":11,"key":"Kunai"}],"event_choices":[{"event_name":"Transmorgrifier","player_choice":"Transform","floor":4.0,"damage_taken":0.0},{"event_name":"Golden Idol","player_choice":"Take Damage","floor":5.0,"damage_taken":0.0}],"is_beta":false,"boss_relics":[],"items_purged_floors":[2],"is_endless":false,"potions_floor_spawned":[7],"killed_by":"Exordium Wildlife","ascension_level":10}