{"gold_per_floor":[111,131,406,425,69,94,94,126,126,126,145,170,180,199,199,296,296,315,19,19,19,37,37,62,80,106,106,206,217,237,256,256,355,355,373,383,401,454,14,46,46,81,105,105,105,0,10,28,28,28],"floor_reached":51,"playtime":3502,"items_purged":["Regret"],"score":824,"play_id":"bed6c08e-0354-49fe-b33f-fc20c2aaf966","local_time":"20181004135558","is_ascension_mode":false,"campfire_choices":[{"data":"Finisher","floor":7,"key":"SMITH"},{"floor":10,"key":"REST"},{"data":"Bane","floor":15,"key":"SMITH"},{"data":"Blade Dance","floor":23,"key":"SMITH"},{"data":"Poisoned Stab","floor":27,"key":"SMITH"},{"data":"Finisher","floor":32,"key":"SMITH"},{"data":"Infinite Blades","floor":41,"key":"SMITH"},{"floor":44,"key":"REST"},{"floor":49,"key":"REST"}],"neow_cost":"NONE","seed_source_timestamp":84307829017949,"circlet_count":0,"master_deck":["Defend_G","Defend_G","Defend_G","Defend_G","Defend_G","Strike_G","Strike_G","Strike_G+1","Strike_G","Strike_G","Survivor","Neutralize+1","Backstab","Bane+1","Poisoned Stab+1","Impatience","Dodge and Roll","Finisher+1","Dagger Spray","Dash","Quick Slash","Backstab","Backflip","Venomology","Noxious Fumes","Predator","Blade Dance+1","PiercingWail","Dagger Throw","Backstab","Reflex","Finisher+1","Slice","Calculated Gamble","Night Terror","Finisher+1","Dagger Throw+1","Masterful Stab+1","Bane+1","Bouncing Flask","Master of Strategy","Infinite Blades+1","Blur+1","Deflect","Backflip+1","Reflex+1","Deflect+1","Crippling Poison+1"],"relics":["Ring of the Snake","Whetstone","Orichalcum","Dodecahedron","Blood Vial","Mercury Hourglass","Bottled Flame","Busted Crown","TwistedFunnel","Letter Opener","Strawberry","Pen Nib","Tough Bandages","Darkstone Periapt","Lizard Tail","Peace Pipe","Lantern","Centennial Puzzle","Dream Catcher","Bag of Marbles","Red Mask"],"potions_floor_usage":[6,8,16,16,24,33,33,38,42,42,50,50,50],"damage_taken":[{"damage":0,"enemies":"Small Slimes","floor":1,"turns":5},{"damage":0,"enemies":"Cultist","floor":2,"turns":3},{"damage":11,"enemies":"Jaw Worm","floor":4,"turns":4},{"damage":28,"enemies":"3 Sentries","floor":6,"turns":8},{"damage":10,"enemies":"Lagavulin","floor":8,"turns":5},{"damage":0,"enemies":"Lots of Slimes","floor":11,"turns":1},{"damage":8,"enemies":"Gremlin Nob","floor":12,"turns":3},{"damage":0,"enemies":"Large Slime","floor":13,"turns":2},{"damage":0,"enemies":"Blue Slaver","floor":14,"turns":1},{"damage":34,"enemies":"The Guardian","floor":16,"turns":8},{"damage":0,"enemies":"Chosen","floor":18,"turns":3},{"damage":0,"enemies":"Spheric Guardian","floor":22,"turns":1},{"damage":0,"enemies":"Gremlin Leader","floor":24,"turns":3},{"damage":0,"enemies":"Snecko","floor":25,"turns":2},{"damage":0,"enemies":"Colosseum Slavers","floor":28,"turns":1},{"damage":0,"enemies":"Colosseum Nobs","floor":28,"turns":3},{"damage":0,"enemies":"Chosen and Byrds","floor":29,"turns":2},{"damage":0,"enemies":"Cultist and Chosen","floor":30,"turns":2},{"damage":0,"enemies":"Shelled Parasite and Fungi","floor":31,"turns":1},{"damage":47,"enemies":"Collector","floor":33,"turns":6},{"damage":0,"enemies":"3 Darklings","floor":35,"turns":2},{"damage":0,"enemies":"Orb Walker","floor":36,"turns":1},{"damage":27,"enemies":"4 Shapes","floor":37,"turns":2},{"damage":8,"enemies":"Mysterious Sphere","floor":38,"turns":1},{"damage":0,"enemies":"Nemesis","floor":40,"turns":1},{"damage":37,"enemies":"Giant Head","floor":42,"turns":7},{"damage":15,"enemies":"Maw","floor":47,"turns":6},{"damage":19,"enemies":"Sphere and 2 Shapes","floor":48,"turns":1},{"damage":62,"enemies":"Donu and Deca","floor":50,"turns":8}],"seed_played":"60061660588733093","potions_obtained":[{"floor":2,"key":"Explosive Potion"},{"floor":4,"key":"LiquidBronze"},{"floor":8,"key":"SpeedPotion"},{"floor":12,"key":"Poison Potion"},{"floor":16,"key":"AttackPotion"},{"floor":18,"key":"Swift Potion"},{"floor":22,"key":"AttackPotion"},{"floor":28,"key":"GhostInAJar"},{"floor":30,"key":"FairyPotion"},{"floor":40,"key":"Weak Potion"},{"floor":42,"key":"SteroidPotion"}],"is_trial":false,"path_per_floor":["M","M","?","M","$","E","R","E","T","R","M","E","M","M","R","B",null,"M","$","T","?","M","R","E","M","T","R","?","M","M","M","R","B",null,"M","M","M","?","$","E","R","E","T","R","?","?","M","M","R","B"],"character_chosen":"THE_SILENT","items_purchased":["Impatience","Dodge and Roll","Orichalcum","Predator","TwistedFunnel","Blade Dance","Bouncing Flask","Lantern","Master of Strategy","Infinite Blades"],"campfire_rested":3,"item_purchase_floors":[5,5,5,19,19,19,39,39,39,39],"current_hp_per_floor":[70,70,70,59,59,31,31,21,21,42,44,38,40,42,42,10,70,70,70,70,70,70,70,77,77,77,77,77,77,77,77,77,30,77,77,77,50,44,44,46,46,11,11,34,67,67,52,35,55,6],"gold":28,"neow_bonus":"RANDOM_COMMON_RELIC","is_prod":false,"is_daily":false,"chose_seed":false,"campfire_upgraded":6,"win_rate":0.0,"timestamp":1538675758,"path_taken":["M","M","?","M","$","E","R","E","T","R","M","E","M","M","R","BOSS","M","$","?","?","M","R","E","M","T","R","?","M","M","M","R","BOSS","M","?","M","?","$","E","R","E","T","R","?","?","M","M","R","BOSS"],"build_version":"2018-09-06","purchased_purges":1,"victory":true,"max_hp_per_floor":[70,70,70,70,70,70,70,70,70,70,70,70,70,70,70,70,70,70,70,70,70,70,70,77,77,77,77,77,77,77,77,77,77,77,77,77,77,77,77,77,77,77,77,77,67,67,67,67,67,67],"card_choices":[{"not_picked":["Bane","Caltrops"],"picked":"Backstab","floor":1},{"not_picked":["Well Laid Plans","Backstab"],"picked":"Bane","floor":2},{"not_picked":["Skewer","PiercingWail"],"picked":"Poisoned Stab","floor":4},{"not_picked":["Tools of the Trade","Bane"],"picked":"Finisher","floor":6},{"not_picked":["Sucker Punch","Footwork"],"picked":"Dagger Spray","floor":8},{"not_picked":["Quick Slash","Bane"],"picked":"Dash","floor":11},{"not_picked":["PiercingWail","Glass Knife"],"picked":"Quick Slash","floor":12},{"not_picked":["Leg Sweep","Backflip"],"picked":"Backstab","floor":13},{"not_picked":["Slice","Infinite Blades"],"picked":"Backflip","floor":14},{"not_picked":["Burst","Malaise"],"picked":"Venomology","floor":16},{"not_picked":[],"picked":"Noxious Fumes","floor":18},{"not_picked":[],"picked":"PiercingWail","floor":22},{"not_picked":[],"picked":"Dagger Throw","floor":24},{"not_picked":[],"picked":"Backstab","floor":25},{"not_picked":[],"picked":"Reflex","floor":28},{"not_picked":[],"picked":"Finisher","floor":29},{"not_picked":[],"picked":"Slice","floor":30},{"not_picked":[],"picked":"Calculated Gamble","floor":31},{"not_picked":[],"picked":"Night Terror","floor":33},{"not_picked":[],"picked":"Finisher+1","floor":35},{"not_picked":[],"picked":"Dagger Throw+1","floor":36},{"not_picked":[],"picked":"Masterful Stab+1","floor":37},{"not_picked":[],"picked":"Bane+1","floor":38},{"not_picked":[],"picked":"Blur+1","floor":40},{"not_picked":[],"picked":"Deflect","floor":42},{"not_picked":[],"picked":"Backflip+1","floor":44},{"not_picked":[],"picked":"Reflex+1","floor":47},{"not_picked":[],"picked":"Deflect+1","floor":48},{"not_picked":[],"picked":"Crippling Poison+1","floor":49}],"player_experience":38480,"relics_obtained":[{"floor":6,"key":"Dodecahedron"},{"floor":8,"key":"Blood Vial"},{"floor":9,"key":"Mercury Hourglass"},{"floor":12,"key":"Bottled Flame"},{"floor":20,"key":"Letter Opener"},{"floor":24,"key":"Strawberry"},{"floor":26,"key":"Pen Nib"},{"floor":28,"key":"Tough Bandages"},{"floor":28,"key":"Darkstone Periapt"},{"floor":38,"key":"Peace Pipe"},{"floor":40,"key":"Centennial Puzzle"},{"floor":42,"key":"Dream Catcher"},{"floor":43,"key":"Bag of Marbles"}],"event_choices":[{"event_name":"Golden Shrine","player_choice":"Desecrate","floor":3,"damage_taken":0},{"event_name":"Beggar","player_choice":"Ignored","floor":21,"damage_taken":0},{"event_name":"Colosseum","player_choice":"Fight","floor":28,"damage_taken":0},{"event_name":"Colosseum","player_choice":"Fought Nobs","floor":28,"damage_taken":0},{"event_name":"Mysterious Sphere","player_choice":"Fight","floor":38,"damage_taken":0},{"event_name":"The Moai Head","player_choice":"Heal","floor":45,"damage_taken":0},{"event_name":"Tomb of Lord Red Mask","player_choice":"Paid","floor":46,"damage_taken":0}],"is_beta":false,"boss_relics":[{"not_picked":["Coffee Dripper","HoveringKite"],"picked":"Busted Crown"},{"not_picked":["Snecko Eye","Fusion Hammer"],"picked":"Lizard Tail"}],"items_purged_floors":[5],"is_endless":false,"potions_floor_spawned":[2,4,8,12,16,18,22,28,30,35,36,40,42],"ascension_level":0}