{"gold_per_floor":[117,117,127,52,52,78,78,90,141,151,151,171,171,205,205,310,310,324,339,239,258,269,295,312,312,312,332,257,132,132,149,149,149],"floor_reached":33,"playtime":794,"items_purged":["Exhume","Strike_R","Strike_R"],"score":279,"play_id":"61bdfc5f-dad1-44c6-a93f-ff7eeeb0d4ab","local_time":"20190416132035","is_ascension_mode":false,"campfire_choices":[{"data":"Rampage","floor":7,"key":"SMITH"},{"data":"Bash","floor":11,"key":"SMITH"},{"floor":15,"key":"REST"},{"floor":25,"key":"REST"},{"data":"Defend_R","floor":32,"key":"SMITH"}],"neow_cost":"NONE","seed_source_timestamp":491780854224016,"circlet_count":0,"master_deck":["Strike_R","Defend_R+1","Defend_R+1","Defend_R","Defend_R+1","Bash+1","Rampage+1"],"relics":["Burning Blood","PreservedInsect","Boot","War Paint","Letter Opener","Runic Pyramid","Bag of Marbles","Question Card"],"potions_floor_usage":[14,16,18,23,27,33,33],"damage_taken":[{"damage":0,"enemies":"2 Louse","floor":1,"turns":3},{"damage":3,"enemies":"Small Slimes","floor":3,"turns":3},{"damage":36,"enemies":"Gremlin Nob","floor":6,"turns":5},{"damage":1,"enemies":"Cultist","floor":8,"turns":3},{"damage":22,"enemies":"Large Slime","floor":10,"turns":7},{"damage":11,"enemies":"3 Louse","floor":12,"turns":4},{"damage":11,"enemies":"Lagavulin","floor":14,"turns":5},{"damage":45,"enemies":"Slime Boss","floor":16,"turns":8},{"damage":5,"enemies":"3 Byrds","floor":18,"turns":2},{"damage":22,"enemies":"Spheric Guardian","floor":19,"turns":4},{"damage":31,"enemies":"Snecko","floor":21,"turns":6},{"damage":25,"enemies":"Snake Plant","floor":22,"turns":5},{"damage":12,"enemies":"Book of Stabbing","floor":23,"turns":5},{"damage":18,"enemies":"Shelled Parasite and Fungi","floor":24,"turns":7},{"damage":11,"enemies":"Centurion and Healer","floor":27,"turns":5},{"damage":13,"enemies":"Snake Plant","floor":31,"turns":4},{"damage":79,"enemies":"Collector","floor":33,"turns":7}],"seed_played":"-1081867873690902242","potions_obtained":[{"floor":1,"key":"Strength Potion"},{"floor":6,"key":"LiquidBronze"},{"floor":12,"key":"Block Potion"},{"floor":14,"key":"AttackPotion"},{"floor":22,"key":"Weak Potion"},{"floor":24,"key":"BloodPotion"},{"floor":27,"key":"EssenceOfSteel"},{"floor":31,"key":"Energy Potion"}],"is_trial":false,"path_per_floor":["M","?","M","$","?","E","R","M","T","M","R","M","?","E","R","B",null,"M","M","$","M","M","E","M","R","T","M","?","$","?","M","R","B"],"character_chosen":"IRONCLAD","items_purchased":[],"campfire_rested":2,"item_purchase_floors":[],"current_hp_per_floor":[80,85,85,85,85,55,55,60,60,44,44,39,39,34,59,20,85,85,69,69,44,25,19,7,32,32,35,35,35,63,56,56,0],"gold":149,"neow_bonus":"TRANSFORM_CARD","is_prod":false,"is_daily":false,"chose_seed":false,"campfire_upgraded":3,"win_rate":0,"timestamp":1555413635,"path_taken":["M","?","M","$","?","E","R","M","T","M","R","M","?","E","R","BOSS","M","M","$","M","M","E","M","R","T","?","?","$","?","M","R","BOSS"],"build_version":"2019-01-23","purchased_purges":3,"victory":false,"max_hp_per_floor":[80,85,85,85,85,85,85,85,85,85,85,85,85,85,85,85,85,85,85,85,85,85,85,85,85,85,85,85,85,85,85,85,85],"card_choices":[{"not_picked":["Anger","Armaments"],"picked":"Rampage","floor":1},{"not_picked":["Thunderclap","True Grit","Perfected Strike"],"picked":"SKIP","floor":3},{"not_picked":["Power Through","Dual Wield","Havoc"],"picked":"SKIP","floor":6},{"not_picked":["Uppercut","Shrug It Off","Metallicize"],"picked":"SKIP","floor":8},{"not_picked":["Sword Boomerang","Clash","Anger"],"picked":"SKIP","floor":10},{"not_picked":["Clash","Entrench","Havoc"],"picked":"SKIP","floor":12},{"not_picked":["Infernal Blade","True Grit","Inflame"],"picked":"SKIP","floor":14},{"not_picked":["Perfected Strike","Pommel Strike+1","Warcry+1"],"picked":"SKIP","floor":18},{"not_picked":["Shrug It Off","Spot Weakness","Heavy Blade+1"],"picked":"SKIP","floor":19},{"not_picked":["Twin Strike","True Grit","Cleave"],"picked":"SKIP","floor":21},{"not_picked":["Heavy Blade+1","Pummel","Thunderclap"],"picked":"SKIP","floor":22},{"not_picked":["Cleave","Havoc","Rage"],"picked":"SKIP","floor":23},{"not_picked":["Sentinel","Iron Wave","Dual Wield"],"picked":"SKIP","floor":24},{"not_picked":["Flame Barrier","Thunderclap","Dark Embrace","Flex"],"picked":"SKIP","floor":27},{"not_picked":["Second Wind","Fire Breathing+1","Spot Weakness","Carnage"],"picked":"SKIP","floor":31}],"player_experience":180428,"relics_obtained":[{"floor":6,"key":"PreservedInsect"},{"floor":9,"key":"Boot"},{"floor":14,"key":"Letter Opener"},{"floor":23,"key":"Bag of Marbles"},{"floor":26,"key":"Question Card"}],"event_choices":[{"damage_healed":0,"gold_gain":0,"player_choice":"Donut","damage_taken":0,"max_hp_gain":5,"max_hp_loss":0,"event_name":"Big Fish","floor":2,"gold_loss":0},{"damage_healed":0,"gold_gain":0,"player_choice":"Ignored","damage_taken":0,"max_hp_gain":0,"max_hp_loss":0,"event_name":"Liars Game","floor":5,"gold_loss":0},{"damage_healed":0,"gold_gain":0,"player_choice":"Gave Potion","damage_taken":0,"relics_obtained":["War Paint"],"max_hp_gain":0,"max_hp_loss":0,"event_name":"WeMeetAgain","floor":13,"gold_loss":0},{"cards_removed":["Strike_R"],"damage_healed":0,"gold_gain":0,"player_choice":"Gave Gold","damage_taken":0,"max_hp_gain":0,"max_hp_loss":0,"event_name":"Beggar","floor":28,"gold_loss":75},{"damage_healed":28,"gold_gain":0,"player_choice":"Heal","damage_taken":0,"max_hp_gain":0,"max_hp_loss":0,"event_name":"The Library","floor":30,"gold_loss":0}],"is_beta":false,"boss_relics":[{"not_picked":["Orrery","Velvet Choker"],"picked":"Runic Pyramid"}],"items_purged_floors":[4,20,29],"is_endless":false,"potions_floor_spawned":[1,6,12,14,22,24,27,31],"killed_by":"Collector","ascension_level":0}