{"gold_per_floor":[115,115,42,55,65,395,395,412,412,412,425,444,474,490,490,585,585,585,585,585,510,141,141,141,141,141,14,14,14,0,0],"floor_reached":31,"playtime":4544,"items_purged":["Strike_B"],"score":360,"play_id":"5cdbe53d-1ea9-4fd4-9ff9-a67950fb254f","local_time":"20180714144047","is_ascension_mode":true,"campfire_choices":[{"data":"Zap","floor":7.0,"key":"SMITH"},{"data":"Beam Cell","floor":10.0,"key":"SMITH"},{"data":"Streamline","floor":15.0,"key":"SMITH"},{"data":"Hologram","floor":23.0,"key":"SMITH"},{"data":"Conserve Battery","floor":25.0,"key":"SMITH"}],"neow_cost":"CURSE","seed_source_timestamp":192379200298083,"circlet_count":0,"master_deck":["Strike_B+1","Strike_B","Defend_B","Defend_B","Defend_B","Defend_B","Zap+1","Dualcast","Streamline+1","Hologram","Self Repair","FTL+1","Beam Cell+1","Auto Shields","Conserve Battery","Hologram+1","Leap","Defragment+1","All For One","Coolheaded","Conserve Battery+1","Defragment+1","Coolheaded+1","Capacitor+1","All For One"],"special_seed":0,"relics":["Cracked Core","Dead Branch","Old Coin","Frozen Egg 2","Bottled Lightning","Ectoplasm","Calipers","Toxic Egg 2","Whetstone","Shovel"],"potions_floor_usage":[31],"damage_taken":[{"damage":4.0,"enemies":"Jaw Worm","floor":1.0,"turns":4.0},{"damage":1.0,"enemies":"Cultist","floor":4.0,"turns":3.0},{"damage":10.0,"enemies":"2 Louse","floor":5.0,"turns":2.0},{"damage":28.0,"enemies":"Lagavulin","floor":6.0,"turns":6.0},{"damage":2.0,"enemies":"Blue Slaver","floor":8.0,"turns":4.0},{"damage":4.0,"enemies":"Exordium Wildlife","floor":11.0,"turns":6.0},{"damage":7.0,"enemies":"Gremlin Gang","floor":12.0,"turns":3.0},{"damage":10.0,"enemies":"3 Sentries","floor":13.0,"turns":7.0},{"damage":0.0,"enemies":"Blue Slaver","floor":14.0,"turns":3.0},{"damage":2.0,"enemies":"The Guardian","floor":16.0,"turns":8.0},{"damage":0.0,"enemies":"Spheric Guardian","floor":18.0,"turns":2.0},{"damage":8.0,"enemies":"Chosen","floor":19.0,"turns":4.0},{"damage":32.0,"enemies":"Slaver and Parasite","floor":20.0,"turns":9.0},{"damage":14.0,"enemies":"Centurion and Healer","floor":28.0,"turns":7.0},{"damage":21.0,"enemies":"Slavers","floor":29.0,"turns":5.0},{"damage":33,"enemies":"Gremlin Leader","floor":31,"turns":5}],"seed_played":"6634940734042527905","potions_obtained":[{"floor":1.0,"key":"Dexterity Potion"},{"floor":5.0,"key":"Energy Potion"},{"floor":12.0,"key":"Strength Potion"},{"floor":14.0,"key":"Fruit Juice"},{"floor":18.0,"key":"Energy Potion"},{"floor":28.0,"key":"EntropicBrew"}],"is_trial":false,"path_per_floor":["M","?","$","M","M","E","R","M","T","R","M","M","E","M","R","B",null,"M","M","M","?","$","R","T","R","T","$","M","E","?"],"character_chosen":"DEFECT","items_purchased":["Self Repair","Defragment+1","Calipers","Coolheaded+1"],"campfire_rested":0,"item_purchase_floors":[3,22,22,27],"current_hp_per_floor":[64,64,64,70,67,46,46,51,51,51,54,54,51,51,51,68,77,77,76,51,51,51,51,51,51,51,51,44,30,30,0],"gold":0,"neow_bonus":"ONE_RARE_RELIC","is_prod":false,"is_daily":false,"chose_seed":false,"campfire_upgraded":5,"win_rate":0,"timestamp":1531572047,"path_taken":["M","?","$","M","M","E","R","M","T","R","M","M","E","M","R","BOSS","M","M","M","?","$","R","?","R","T","$","?","E","?","E"],"build_version":"2018-07-12","purchased_purges":1,"victory":false,"max_hp_per_floor":[75,75,75,75,75,75,75,75,75,75,75,75,75,75,75,80,80,80,80,80,77,77,77,77,77,77,77,77,77,77,77],"card_choices":[{"not_picked":["Stack","Redo"],"picked":"Streamline","floor":1.0},{"not_picked":["Turbo","Loop"],"picked":"FTL","floor":4.0},{"not_picked":["Sunder","Lockon"],"picked":"Beam Cell","floor":5.0},{"not_picked":["Reprogram","Genetic Algorithm"],"picked":"Auto Shields","floor":6.0},{"not_picked":["Redo","Stack"],"picked":"Conserve Battery","floor":8.0},{"not_picked":["Chaos","Meteor Strike"],"picked":"Hologram","floor":11.0},{"not_picked":["Meteor Strike","Compile Driver"],"picked":"Leap","floor":13.0},{"not_picked":["Rebound","Coolheaded"],"picked":"Defragment+1","floor":14.0},{"not_picked":["Electrodynamics+1","Multi-Cast"],"picked":"All For One","floor":16.0},{"not_picked":["Melter","Ball Lightning+1"],"picked":"Coolheaded","floor":18.0},{"not_picked":["Turbo","Chaos"],"picked":"Conserve Battery","floor":20.0},{"not_picked":["Aggregate+1","Leap+1"],"picked":"Capacitor+1","floor":28.0},{"not_picked":["Stack+1","Lockon+1"],"picked":"All For One","floor":29.0}],"player_experience":821617,"relics_obtained":[{"floor":6.0,"key":"Old Coin"},{"floor":9.0,"key":"Frozen Egg 2"},{"floor":13.0,"key":"Bottled Lightning"},{"floor":24.0,"key":"Toxic Egg 2"},{"floor":26.0,"key":"Whetstone"},{"floor":29.0,"key":"Shovel"}],"event_choices":[{"event_name":"Transmorgrifier","player_choice":"Transform","floor":2.0,"damage_taken":0.0},{"event_name":"Beggar","player_choice":"Gave Gold","floor":21.0,"damage_taken":0.0},{"event_name":"Masked Bandits","player_choice":"Paid Bandits 14 gold","floor":30,"damage_taken":0}],"boss_relics":[{"not_picked":["Lizard Tail","White Beast Statue"],"picked":"Ectoplasm"}],"items_purged_floors":[27],"is_endless":false,"potions_floor_spawned":[1,5,12,14,18,28],"killed_by":"Gremlin Leader","ascension_level":7}