{"gold_per_floor":[114,129,144,144,144,182,182,201,201,27,46,65,140,140,140,265,265,284,284,303,303],"floor_reached":21,"playtime":1236,"items_purged":[],"score":231,"play_id":"6d6772cf-fc5c-4ced-ad05-cbd080fb9276","local_time":"20190320200144","daily_mods":["Insanity","Diverse","Night Terrors"],"is_ascension_mode":false,"campfire_choices":[{"floor":7,"key":"REST"},{"data":"Blade Dance","floor":15,"key":"SMITH"}],"neow_cost":"","seed_source_timestamp":0,"circlet_count":0,"master_deck":["Dual Wield","Leap","Slice","Blade Dance+1","Body Slam","Quick Slash","Catalyst","Hologram","Crippling Poison","Tempest","Stack","Streamline","Clash","Deflect","Conserve Battery","Poisoned Stab","Terror","Body Slam","Clash","Pommel Strike","Beam Cell","Hologram","Deadly Poison","Dagger Spray","Acrobatics","Infinite Blades","Chaos","Flechettes","Dash","Glacier","Compile Driver","Havoc","Backflip","Anger","Corruption","Compile Driver","Heel Hook","Auto Shields","Conserve Battery","Conserve Battery","Cold Snap","Hologram","Warcry","Flex","Body Slam","Perfected Strike","Clothesline","Blade Dance","Slice","Auto Shields","Perfected Strike","Sweeping Beam","Clothesline","Cleave","Heavy Blade","Apotheosis","Beam Cell","Beam Cell","Juggernaut","Turbo","RitualDagger","Entrench"],"special_seed":17975,"relics":["Ring of the Snake","Golden Idol","Du-Vu Doll","Smiling Mask","Ornamental Fan","Runic Pyramid"],"potions_floor_usage":[20,21],"damage_taken":[{"damage":0,"enemies":"2 Louse","floor":1,"turns":3},{"damage":0,"enemies":"Jaw Worm","floor":2,"turns":2},{"damage":0,"enemies":"Cultist","floor":3,"turns":3},{"damage":18,"enemies":"3 Sentries","floor":6,"turns":5},{"damage":15,"enemies":"Exordium Thugs","floor":8,"turns":5},{"damage":1,"enemies":"Large Slime","floor":11,"turns":4},{"damage":6,"enemies":"Exordium Wildlife","floor":12,"turns":2},{"damage":5,"enemies":"Slime Boss","floor":16,"turns":7},{"damage":3,"enemies":"Spheric Guardian","floor":18,"turns":3},{"damage":8,"enemies":"Shell Parasite","floor":20,"turns":4},{"damage":52,"enemies":"Masked Bandits","floor":21,"turns":5}],"seed_played":"2839819356392919944","potions_obtained":[{"floor":1,"key":"Block Potion"},{"floor":8,"key":"SpeedPotion"},{"floor":16,"key":"SteroidPotion"}],"is_trial":false,"path_per_floor":["M","M","M","?","?","E","R","M","T","$","M","M","T","?","R","B",null,"M","?","M","?"],"character_chosen":"THE_SILENT","items_purchased":["Apotheosis"],"campfire_rested":1,"item_purchase_floors":[10],"current_hp_per_floor":[70,70,70,70,53,35,65,50,50,50,49,43,43,43,43,38,65,62,56,48,0],"gold":303,"neow_bonus":"","is_prod":false,"is_daily":true,"chose_seed":false,"campfire_upgraded":1,"win_rate":0.0,"timestamp":1553108504,"path_taken":["M","M","M","?","?","E","R","M","T","?","?","M","?","?","R","BOSS","M","?","M","?"],"build_version":"2019-01-23","purchased_purges":0,"victory":false,"max_hp_per_floor":[70,70,70,70,70,70,65,65,65,65,65,65,65,65,65,65,65,65,65,65,65],"card_choices":[{"not_picked":["Redo","True Grit"],"picked":"Perfected Strike","floor":1},{"not_picked":["Expertise","Slice"],"picked":"Sweeping Beam","floor":2},{"not_picked":["Hologram","Shrug It Off"],"picked":"Clothesline","floor":3},{"not_picked":["Barricade","Deadly Poison"],"picked":"Cleave","floor":6},{"not_picked":["Redo","Defragment"],"picked":"Heavy Blade","floor":8},{"not_picked":["Flex","Spot Weakness"],"picked":"Beam Cell","floor":11},{"not_picked":["Hologram","Terror"],"picked":"Beam Cell","floor":12},{"not_picked":["Wraith Form v2","Machine Learning"],"picked":"Juggernaut","floor":16},{"not_picked":["Prepared+1","Second Wind+1"],"picked":"Turbo","floor":18},{"not_picked":["Go for the Eyes","Backflip"],"picked":"Entrench","floor":20}],"player_experience":12440,"relics_obtained":[{"floor":6,"key":"Du-Vu Doll"},{"floor":9,"key":"Smiling Mask"},{"floor":13,"key":"Ornamental Fan"}],"event_choices":[{"damage_healed":0,"gold_gain":0,"player_choice":"Leave","damage_taken":0,"max_hp_gain":0,"max_hp_loss":0,"event_name":"The Cleric","floor":4,"gold_loss":0},{"damage_healed":0,"gold_gain":0,"player_choice":"Take Damage","damage_taken":17,"relics_obtained":["Golden Idol"],"max_hp_gain":0,"max_hp_loss":0,"event_name":"Golden Idol","floor":5,"gold_loss":0},{"damage_healed":0,"gold_gain":0,"player_choice":"Ignored","damage_taken":0,"max_hp_gain":0,"max_hp_loss":0,"event_name":"Liars Game","floor":14,"gold_loss":0},{"damage_healed":0,"gold_gain":0,"player_choice":"Joined the Cult","damage_taken":6,"max_hp_gain":0,"max_hp_loss":0,"event_name":"Nest","floor":19,"gold_loss":0,"cards_obtained":["RitualDagger"]},{"damage_healed":0,"gold_gain":0,"player_choice":"Fought Bandits","damage_taken":0,"max_hp_gain":0,"max_hp_loss":0,"event_name":"Masked Bandits","floor":21,"gold_loss":0}],"is_beta":false,"boss_relics":[{"not_picked":["Philosopher\u0027s Stone","Velvet Choker"],"picked":"Runic Pyramid"}],"items_purged_floors":[],"is_endless":false,"potions_floor_spawned":[1,8,16,18],"killed_by":"Masked Bandits","ascension_level":0}