{"gold_per_floor":[114,131,131,131,131,171,171,189,189,189,205,243,273,138,138,268,268,286,201,28,46,0,0,31,112,135,155,46,66,85,85,85,205,205,221,47,380,380,400,420,420,430,480,480,497,1,1,20,20,20],"floor_reached":50,"playtime":1814,"items_purged":["Strike_G","Strike_G","Strike_G"],"score":639,"play_id":"c7334415-8f71-4840-b04a-d911dec7246f","local_time":"20190219235147","is_ascension_mode":true,"campfire_choices":[{"data":"Noxious Fumes","floor":7.0,"key":"SMITH"},{"floor":10.0,"key":"REST"},{"data":"Footwork","floor":15.0,"key":"SMITH"},{"data":"Neutralize","floor":23.0,"key":"SMITH"},{"floor":32.0,"key":"REST"},{"floor":44.0,"key":"REST"},{"floor":47.0,"key":"REST"},{"floor":49.0,"key":"REST"}],"neow_cost":"NONE","seed_source_timestamp":373528774356919,"circlet_count":0,"master_deck":["Defend_G","Defend_G","Defend_G+1","Defend_G","Survivor+1","Neutralize+1","Noxious Fumes+1","Escape Plan","Dagger Spray","Sucker Punch","Bane","Footwork+1","Caltrops","Heel Hook","Deadly Poison+1","Noxious Fumes","Catalyst","Deflect","Malaise","Bouncing Flask","Dodge and Roll","Neutralize","Infinite Blades+1","PiercingWail+1","Injury","Leg Sweep","Footwork+1","Apotheosis","Footwork+1"],"special_seed":0,"relics":["Ring of the Snake","Meat on the Bone","Mercury Hourglass","MawBank","Sozu","Sundial","Vajra","Question Card","War Paint","Cursed Key","Bronze Scales","Art of War","DollysMirror"],"potions_floor_usage":[],"damage_taken":[{"damage":6.0,"enemies":"2 Louse","floor":1.0,"turns":3.0},{"damage":1.0,"enemies":"Small Slimes","floor":2.0,"turns":4.0},{"damage":28.0,"enemies":"Lagavulin","floor":6.0,"turns":8.0},{"damage":0.0,"enemies":"Jaw Worm","floor":8.0,"turns":5.0},{"damage":0.0,"enemies":"Exordium Wildlife","floor":11.0,"turns":3.0},{"damage":22.0,"enemies":"Gremlin Nob","floor":12.0,"turns":4.0},{"damage":1.0,"enemies":"Blue Slaver","floor":13.0,"turns":4.0},{"damage":14.0,"enemies":"Hexaghost","floor":16.0,"turns":11.0},{"damage":2.0,"enemies":"Shell Parasite","floor":18.0,"turns":5.0},{"damage":4.0,"enemies":"3 Byrds","floor":21.0,"turns":2.0},{"damage":47.0,"enemies":"Slavers","floor":24.0,"turns":5.0},{"damage":8.0,"enemies":"Shelled Parasite and Fungi","floor":27.0,"turns":5.0},{"damage":3.0,"enemies":"Centurion and Healer","floor":29.0,"turns":6.0},{"damage":10.0,"enemies":"Snake Plant","floor":30.0,"turns":4.0},{"damage":35.0,"enemies":"Collector","floor":33.0,"turns":8.0},{"damage":10.0,"enemies":"Orb Walker","floor":35.0,"turns":4.0},{"damage":0.0,"enemies":"3 Darklings","floor":39.0,"turns":5.0},{"damage":38.0,"enemies":"Spire Growth","floor":40.0,"turns":5.0},{"damage":18.0,"enemies":"Sphere and 2 Shapes","floor":42.0,"turns":5.0},{"damage":16.0,"enemies":"Writhing Mass","floor":45.0,"turns":6.0},{"damage":28.0,"enemies":"4 Shapes","floor":48.0,"turns":3.0},{"damage":58,"enemies":"Time Eater","floor":50,"turns":3}],"seed_played":"-7063469532601796190","potions_obtained":[{"floor":1.0,"key":"PowerPotion"},{"floor":11.0,"key":"PowerPotion"},{"floor":12.0,"key":"GamblersBrew"},{"floor":13.0,"key":"Strength Potion"},{"floor":16.0,"key":"Poison Potion"}],"is_trial":false,"path_per_floor":["M","M","?","?","?","E","R","M","T","R","M","E","M","$","R","B",null,"M","?","$","M","?","R","E","T","T","M","$","M","M","$","R","B",null,"M","$","?","?","M","M","?","M","T","R","M","$","R","M","R","B"],"character_chosen":"THE_SILENT","items_purchased":["Footwork","Caltrops","Noxious Fumes","Catalyst","Bronze Scales","Dodge and Roll","DollysMirror","Apotheosis"],"campfire_rested":5,"item_purchase_floors":[14,20,28,28,36,36,46,46],"current_hp_per_floor":[57,56,56,56,49,21,21,33,33,52,52,42,41,41,41,39,59,57,57,57,53,53,53,18,18,18,22,22,31,33,33,52,29,56,46,46,46,46,46,20,20,14,14,33,29,29,48,32,51,0],"gold":20,"neow_bonus":"REMOVE_CARD","is_prod":false,"is_daily":false,"chose_seed":false,"campfire_upgraded":3,"win_rate":0,"timestamp":1550616707,"path_taken":["M","M","?","?","?","E","R","M","T","R","M","E","M","$","R","BOSS","M","?","$","M","?","R","E","?","T","M","$","M","M","?","R","BOSS","M","$","?","?","?","M","?","M","T","R","M","$","R","M","R","BOSS"],"build_version":"2019-01-23","purchased_purges":3,"victory":false,"max_hp_per_floor":[70,70,70,65,65,65,65,65,65,65,65,65,65,65,65,65,65,65,65,65,65,65,65,65,65,65,65,65,65,65,65,65,65,65,65,65,65,65,65,65,65,65,65,65,65,65,65,65,65,65],"card_choices":[{"not_picked":["Expertise","PiercingWail"],"picked":"Noxious Fumes","floor":1.0},{"not_picked":["Well Laid Plans","Acrobatics"],"picked":"Escape Plan","floor":2.0},{"not_picked":["Heel Hook","Tactician","Slice"],"picked":"SKIP","floor":6.0},{"not_picked":["PiercingWail","Eviscerate","Expertise"],"picked":"SKIP","floor":8.0},{"not_picked":["PiercingWail","Blade Dance"],"picked":"Dagger Spray","floor":11.0},{"not_picked":["Prepared","Dash"],"picked":"Sucker Punch","floor":12.0},{"not_picked":["All Out Attack","Skewer"],"picked":"Bane","floor":13.0},{"not_picked":["Acrobatics","Cloak And Dagger","Deflect"],"picked":"SKIP","floor":18.0},{"not_picked":["Cloak And Dagger","Distraction+1","Endless Agony"],"picked":"SKIP","floor":21.0},{"not_picked":["Choke","Calculated Gamble+1"],"picked":"Heel Hook","floor":24.0},{"not_picked":["Die Die Die","Slice","PiercingWail"],"picked":"Deadly Poison+1","floor":27.0},{"not_picked":["Blade Dance","Bane","Riddle With Holes"],"picked":"Deflect","floor":29.0},{"not_picked":["Prepared","Riddle With Holes","Quick Slash","Underhanded Strike"],"picked":"SKIP","floor":30.0},{"not_picked":["Storm of Steel","Venomology","Doppelganger"],"picked":"Malaise","floor":33.0},{"not_picked":["Quick Slash","Deadly Poison","Sucker Punch"],"picked":"Bouncing Flask","floor":35.0},{"not_picked":["Prepared+1","Backstab","Quick Slash+1","Sucker Punch+1"],"picked":"SKIP","floor":39.0},{"not_picked":["Underhanded Strike","Choke+1","Dagger Spray+1"],"picked":"Infinite Blades+1","floor":40.0},{"not_picked":["Calculated Gamble","Dash+1","Cloak And Dagger+1"],"picked":"PiercingWail+1","floor":42.0},{"not_picked":["Quick Slash","Dodge and Roll","Masterful Stab+1"],"picked":"Leg Sweep","floor":45.0},{"not_picked":["Masterful Stab+1","Distraction","Calculated Gamble"],"picked":"Footwork+1","floor":48.0}],"player_experience":77754,"relics_obtained":[{"floor":6.0,"key":"Meat on the Bone"},{"floor":9.0,"key":"Mercury Hourglass"},{"floor":12.0,"key":"MawBank"},{"floor":24.0,"key":"Vajra"},{"floor":25.0,"key":"Question Card"},{"floor":26.0,"key":"War Paint"},{"floor":43.0,"key":"Art of War"}],"event_choices":[{"cards_removed":["Defend_G"],"damage_healed":0.0,"max_hp_gain":0.0,"max_hp_loss":0.0,"gold_gain":0.0,"event_name":"Living Wall","player_choice":"Forget","floor":3.0,"gold_loss":0.0,"damage_taken":0.0},{"damage_healed":0.0,"max_hp_gain":0.0,"max_hp_loss":5.0,"gold_gain":0.0,"event_name":"Golden Idol","player_choice":"Lose Max HP","floor":4.0,"gold_loss":0.0,"damage_taken":0.0,"relics_obtained":["Golden Idol"]},{"cards_removed":["Strike_G"],"damage_healed":0.0,"max_hp_gain":0.0,"max_hp_loss":0.0,"gold_gain":0.0,"event_name":"Golden Wing","player_choice":"Card Removal","floor":5.0,"gold_loss":0.0,"damage_taken":7.0},{"damage_healed":0.0,"max_hp_gain":0.0,"max_hp_loss":0.0,"gold_gain":0.0,"event_name":"Addict","player_choice":"Obtained Relic","floor":19.0,"gold_loss":85.0,"damage_taken":0.0,"relics_obtained":["Sundial"]},{"damage_healed":0.0,"max_hp_gain":0.0,"max_hp_loss":0.0,"gold_gain":0.0,"event_name":"Masked Bandits","player_choice":"Paid Fearfully","floor":22.0,"gold_loss":46.0,"damage_taken":0.0},{"damage_healed":0.0,"max_hp_gain":0.0,"max_hp_loss":0.0,"gold_gain":333.0,"event_name":"The Moai Head","player_choice":"Gave Idol","floor":37.0,"relics_lost":["Golden Idol"],"gold_loss":0.0,"damage_taken":0.0},{"damage_healed":0.0,"max_hp_gain":0.0,"max_hp_loss":0.0,"gold_gain":0.0,"event_name":"Match and Keep!","player_choice":"1 cards matched","floor":38.0,"gold_loss":0.0,"damage_taken":0.0,"cards_obtained":["Neutralize"]},{"damage_healed":0.0,"max_hp_gain":0.0,"max_hp_loss":0.0,"gold_gain":0.0,"event_name":"Tomb of Lord Red Mask","player_choice":"Ignored","floor":41.0,"gold_loss":0.0,"damage_taken":0.0}],"is_beta":false,"boss_relics":[{"not_picked":["Fusion Hammer","Busted Crown"],"picked":"Sozu"},{"not_picked":["Orrery","HoveringKite"],"picked":"Cursed Key"}],"items_purged_floors":[14,20,46],"is_endless":false,"potions_floor_spawned":[1,11,12,13,16,21,29,33,39,40],"killed_by":"Time Eater","ascension_level":6}