{"gold_per_floor":[115,290,365,365,385,385,410,410,485,485],"floor_reached":10,"playtime":163,"items_purged":[],"score":93,"play_id":"36bfe7a0-d6e6-4767-a994-9fd5601357a2","local_time":"20190403115541","is_ascension_mode":true,"campfire_choices":[{"data":"Deadly Poison","floor":6,"key":"SMITH"},{"floor":8,"key":"REST"}],"neow_cost":"TEN_PERCENT_HP_LOSS","seed_source_timestamp":82523875691729,"circlet_count":0,"master_deck":["Defend_G","Defend_G","Defend_G","Defend_G","Defend_G","Strike_G","Strike_G","Strike_G","Strike_G","Strike_G","Survivor","Neutralize","Phantasmal Killer+1","Poisoned Stab","Doubt","Deadly Poison+1","Deflect+1"],"relics":["Ring of the Snake","Toxic Egg 2","Sundial"],"potions_floor_usage":[],"damage_taken":[{"damage":1,"enemies":"2 Louse","floor":1,"turns":4},{"damage":7,"enemies":"Small Slimes","floor":5,"turns":4},{"damage":36,"enemies":"Gremlin Nob","floor":7,"turns":4},{"damage":30,"enemies":"Lagavulin","floor":10,"turns":6}],"seed_played":"556534338426739360","potions_obtained":[],"is_trial":false,"path_per_floor":["M","?","?","?","M","R","E","R","T","E"],"character_chosen":"THE_SILENT","items_purchased":[],"campfire_rested":1,"item_purchase_floors":[],"current_hp_per_floor":[62,62,51,51,44,44,8,26,26,0],"gold":485,"neow_bonus":"THREE_RARE_CARDS","is_prod":false,"is_daily":false,"chose_seed":false,"campfire_upgraded":1,"win_rate":0,"timestamp":1554285341,"path_taken":["M","?","?","?","?","R","E","R","T","E"],"build_version":"2019-01-23","purchased_purges":0,"victory":false,"max_hp_per_floor":[63,63,63,63,63,63,63,63,63,63],"card_choices":[{"not_picked":["Grand Finale","Wraith Form v2"],"picked":"Phantasmal Killer","floor":0},{"not_picked":["Quick Slash","PiercingWail"],"picked":"Poisoned Stab","floor":1},{"not_picked":["Calculated Gamble","Masterful Stab"],"picked":"Deadly Poison","floor":5},{"not_picked":["Backstab","Flechettes"],"picked":"Deflect","floor":7}],"player_experience":135826,"relics_obtained":[{"floor":7,"key":"Toxic Egg 2"},{"floor":9,"key":"Sundial"}],"event_choices":[{"damage_healed":0,"gold_gain":175,"player_choice":"AGREE","damage_taken":0,"max_hp_gain":0,"max_hp_loss":0,"event_name":"Liars Game","floor":2,"gold_loss":0,"cards_obtained":["Doubt"]},{"damage_healed":0,"gold_gain":75,"player_choice":"Gather Gold","damage_taken":11,"max_hp_gain":0,"max_hp_loss":0,"event_name":"World of Goop","floor":3,"gold_loss":0},{"damage_healed":0,"gold_gain":0,"player_choice":"Forge","damage_taken":0,"max_hp_gain":0,"max_hp_loss":0,"event_name":"Accursed Blacksmith","floor":4,"gold_loss":0,"cards_upgraded":["Phantasmal Killer"]}],"is_beta":false,"boss_relics":[],"items_purged_floors":[],"is_endless":false,"potions_floor_spawned":[],"killed_by":"Lagavulin","ascension_level":9}