{"gold_per_floor":[113,213,228,247,247,247,282,298,324,324],"floor_reached":10,"playtime":788,"items_purged":[],"score":85,"play_id":"f5cff0b0-9694-40f9-93f6-db77c106f8ce","local_time":"20190502184756","is_ascension_mode":true,"campfire_choices":[{"data":"True Grit","floor":6,"key":"SMITH"}],"neow_cost":"NONE","seed_source_timestamp":3817572841743595,"circlet_count":0,"master_deck":["Strike_R","Strike_R","Strike_R","Strike_R","Strike_R","Defend_R","Defend_R","Defend_R","Defend_R","Bash","Trip","True Grit+1","Battle Trance","Limit Break","Armaments"],"relics":["Burning Blood","Art of War","Vajra"],"potions_floor_usage":[10],"damage_taken":[{"damage":1,"enemies":"Small Slimes","floor":1,"turns":3},{"damage":10,"enemies":"Cultist","floor":3,"turns":4},{"damage":0,"enemies":"2 Louse","floor":4,"turns":3},{"damage":58,"enemies":"Gremlin Nob","floor":7,"turns":5},{"damage":17,"enemies":"Large Slime","floor":8,"turns":8},{"damage":18,"enemies":"Gremlin Gang","floor":10,"turns":2}],"seed_played":"-1230736894260116983","potions_obtained":[{"floor":1,"key":"Regen Potion"},{"floor":4,"key":"Swift Potion"},{"floor":8,"key":"AttackPotion"}],"is_trial":false,"path_per_floor":["?","M","?","M"],"character_chosen":"IRONCLAD","items_purchased":[],"campfire_rested":0,"item_purchase_floors":[],"current_hp_per_floor":[80,80,76,80,80,80,28,17,17,0],"gold":324,"neow_bonus":"RANDOM_COLORLESS","is_prod":false,"is_daily":false,"chose_seed":false,"campfire_upgraded":1,"win_rate":0,"timestamp":1556837276,"path_taken":["M","?","M","?","?","R","E","M","T","?"],"build_version":"2019-01-23","purchased_purges":0,"victory":false,"max_hp_per_floor":[80,80,80,80,80,80,80,80,80,80],"card_choices":[{"not_picked":["Thunderclap","Combust"],"picked":"True Grit","floor":1},{"not_picked":["Flex","Shrug It Off"],"picked":"Battle Trance","floor":3},{"not_picked":["True Grit","Evolve"],"picked":"Battle Trance","floor":4},{"not_picked":["Fire Breathing","Armaments"],"picked":"Limit Break","floor":7},{"not_picked":["Flex","Rampage"],"picked":"Armaments","floor":8}],"player_experience":208550,"relics_obtained":[{"floor":7,"key":"Art of War"},{"floor":9,"key":"Vajra"}],"event_choices":[{"damage_healed":0,"gold_gain":100,"player_choice":"Pray","damage_taken":0,"max_hp_gain":0,"max_hp_loss":0,"event_name":"Golden Shrine","floor":2,"gold_loss":0},{"cards_removed":["Battle Trance"],"damage_healed":0,"gold_gain":0,"player_choice":"Offered Uncommon","damage_taken":0,"max_hp_gain":0,"max_hp_loss":0,"event_name":"Bonfire Elementals","floor":5,"gold_loss":0}],"is_beta":false,"boss_relics":[],"items_purged_floors":[],"is_endless":false,"potions_floor_spawned":[1,4,8],"killed_by":"Gremlin Gang","ascension_level":5}