{"gold_per_floor":[369,369,380,305,324,324,356,368,423,423,448,464,464,464,464,568,568,508,323,336,139,139,174,174,187,233,233,244,244,257,274,274,274],"floor_reached":33,"playtime":4424,"items_purged":["Defend_R","Strike_R","Strike_R"],"score":300,"play_id":"7deedcc6-2ee9-4b3d-ae58-b37963307db7","local_time":"20190216151303","is_ascension_mode":false,"campfire_choices":[{"data":"Anger","floor":6,"key":"SMITH"},{"data":"Bash","floor":10,"key":"SMITH"},{"data":"Disarm","floor":15,"key":"SMITH"},{"data":"Rage","floor":24,"key":"SMITH"},{"data":"Searing Blow","floor":27,"key":"SMITH"},{"data":"Twin Strike","floor":32,"key":"SMITH"}],"neow_cost":"PERCENT_DAMAGE","seed_source_timestamp":160130851076766,"circlet_count":0,"master_deck":["Strike_R","Strike_R","Defend_R","Defend_R","Defend_R","Bash+1","Anger+1","Dropkick","Cleave","Rage+1","Shrug It Off","Disarm+1","Twin Strike+1","Armaments","Dark Embrace+1","Searing Blow+1","Trip","Shockwave","Inflame+1","Clothesline+1","Rage","Armaments","Disarm","Armaments"],"relics":["Burning Blood","Frozen Egg 2","Strawberry","Bag of Preparation","Meat on the Bone","Empty Cage","Pear","Bottled Lightning","PreservedInsect"],"potions_floor_usage":[16,16,16],"damage_taken":[{"damage":12,"enemies":"Jaw Worm","floor":1,"turns":8},{"damage":1,"enemies":"Cultist","floor":3,"turns":3},{"damage":5,"enemies":"Small Slimes","floor":5,"turns":2},{"damage":30,"enemies":"3 Sentries","floor":7,"turns":8},{"damage":3,"enemies":"Exordium Thugs","floor":8,"turns":4},{"damage":23,"enemies":"Lagavulin","floor":11,"turns":7},{"damage":13,"enemies":"2 Fungi Beasts","floor":12,"turns":3},{"damage":42,"enemies":"The Guardian","floor":16,"turns":13},{"damage":22,"enemies":"2 Thieves","floor":18,"turns":4},{"damage":26,"enemies":"Spheric Guardian","floor":20,"turns":6},{"damage":30,"enemies":"Book of Stabbing","floor":23,"turns":8},{"damage":9,"enemies":"Snake Plant","floor":25,"turns":4},{"damage":15,"enemies":"3 Cultists","floor":28,"turns":5},{"damage":5,"enemies":"Centurion and Healer","floor":30,"turns":7},{"damage":8,"enemies":"Shelled Parasite and Fungi","floor":31,"turns":7},{"damage":78,"enemies":"Automaton","floor":33,"turns":6}],"seed_played":"-7547826996548844795","potions_obtained":[{"floor":3,"key":"Strength Potion"},{"floor":7,"key":"BloodPotion"},{"floor":12,"key":"Strength Potion"},{"floor":16,"key":"Explosive Potion"},{"floor":20,"key":"Swift Potion"},{"floor":31,"key":"EntropicBrew"}],"is_trial":false,"path_per_floor":["M","?","M","$","M","R","E","M","T","R","E","M","?","?","R","B",null,"M","$","M","$","T","E","R","M","T","R","M","?","M","M","R","B"],"character_chosen":"IRONCLAD","items_purchased":["Trip","Inflame+1"],"campfire_rested":0,"item_purchase_floors":[19,21],"current_hp_per_floor":[50,80,80,80,80,80,56,59,66,66,49,42,42,42,42,26,87,71,71,51,51,61,49,49,58,58,58,61,42,55,65,65,0],"gold":274,"neow_bonus":"TWO_FIFTY_GOLD","is_prod":false,"is_daily":false,"chose_seed":false,"campfire_upgraded":6,"win_rate":0.0,"timestamp":1550358783,"path_taken":["M","?","M","$","M","R","E","M","T","R","E","?","?","?","R","BOSS","M","$","M","?","?","E","R","?","T","R","M","?","M","M","R","BOSS"],"build_version":"2019-01-23","purchased_purges":3,"victory":false,"max_hp_per_floor":[80,80,80,80,80,80,80,80,87,87,87,87,87,87,87,87,87,87,87,87,87,97,97,97,97,97,97,97,102,102,102,102,102],"card_choices":[{"not_picked":["Iron Wave","Infernal Blade"],"picked":"Anger","floor":1},{"not_picked":["Burning Pact","Power Through"],"picked":"Dropkick","floor":3},{"not_picked":["Pommel Strike","Whirlwind"],"picked":"Cleave","floor":5},{"not_picked":["Clothesline","Bludgeon"],"picked":"Rage","floor":7},{"not_picked":["Body Slam","Carnage"],"picked":"Shrug It Off","floor":8},{"not_picked":["Twin Strike","Dual Wield"],"picked":"Disarm","floor":11},{"not_picked":["Hemokinesis","Flame Barrier"],"picked":"Twin Strike","floor":12},{"not_picked":["Fiend Fire","Berserk+1"],"picked":"Dark Embrace+1","floor":16},{"not_picked":["Flex","Clash"],"picked":"Searing Blow","floor":18},{"not_picked":["Carnage","Body Slam+1"],"picked":"Shockwave","floor":20},{"not_picked":["Anger","Burning Pact"],"picked":"Clothesline+1","floor":23},{"not_picked":["Fiend Fire","Body Slam+1"],"picked":"Rage","floor":25},{"not_picked":["Perfected Strike","Shrug It Off"],"picked":"Armaments","floor":28},{"not_picked":["Fiend Fire","Hemokinesis"],"picked":"Disarm","floor":30},{"not_picked":["Headbutt","Twin Strike+1"],"picked":"Armaments","floor":31}],"player_experience":21200,"relics_obtained":[{"floor":7,"key":"Frozen Egg 2"},{"floor":9,"key":"Strawberry"},{"floor":11,"key":"Bag of Preparation"},{"floor":22,"key":"Pear"},{"floor":23,"key":"Bottled Lightning"},{"floor":26,"key":"PreservedInsect"}],"event_choices":[{"damage_healed":30,"gold_gain":0,"player_choice":"Full Heal","damage_taken":0,"max_hp_gain":0,"max_hp_loss":0,"event_name":"Wheel of Change","floor":2,"gold_loss":0},{"damage_healed":0,"gold_gain":0,"player_choice":"Searched \u00272\u0027 times","damage_taken":0,"relics_obtained":["Meat on the Bone"],"max_hp_gain":0,"max_hp_loss":0,"event_name":"Dead Adventurer","floor":13,"gold_loss":0},{"damage_healed":0,"gold_gain":0,"player_choice":"2 cards matched","damage_taken":0,"max_hp_gain":0,"max_hp_loss":0,"event_name":"Match and Keep!","floor":14,"gold_loss":0,"cards_obtained":["Clumsy","Armaments"]},{"damage_healed":0,"gold_gain":0,"player_choice":"Shed Blood","damage_taken":24,"max_hp_gain":5,"max_hp_loss":0,"event_name":"Forgotten Altar","floor":29,"gold_loss":0}],"is_beta":false,"boss_relics":[{"not_picked":["Eternal Feather","Mark of Pain"],"picked":"Empty Cage"}],"items_purged_floors":[4,19,21],"is_endless":false,"potions_floor_spawned":[3,7,12,16,20,31],"killed_by":"Automaton","ascension_level":0}