{"gold_per_floor":[109,119,131,151,116,143,143,143],"floor_reached":8,"playtime":1198,"items_purged":[],"score":58,"play_id":"e9978632-5818-4000-b85b-dbf0a0f36ac7","local_time":"20190518192214","is_ascension_mode":false,"campfire_choices":[{"data":"Neutralize","floor":7,"key":"SMITH"}],"neow_cost":"NONE","seed_source_timestamp":21266082559255,"circlet_count":0,"master_deck":["Defend_G","Defend_G","Defend_G","Defend_G","Defend_G","Strike_G","Strike_G","Strike_G","Strike_G","Strike_G","Survivor","Neutralize+1","Backflip","Blur","Well Laid Plans","Backflip","Escape Plan","Dagger Spray"],"relics":["Ring of the Snake","Smiling Mask"],"potions_floor_usage":[6,6,8],"damage_taken":[{"damage":4,"enemies":"Jaw Worm","floor":1,"turns":8},{"damage":0,"enemies":"2 Louse","floor":2,"turns":2},{"damage":0,"enemies":"Cultist","floor":3,"turns":6},{"damage":1,"enemies":"Blue Slaver","floor":4,"turns":8},{"damage":39,"enemies":"Lagavulin","floor":6,"turns":17},{"damage":52,"enemies":"Gremlin Nob","floor":8,"turns":6}],"seed_played":"-312497815275146528","potions_obtained":[{"floor":2,"key":"PowerPotion"},{"floor":3,"key":"Dexterity Potion"},{"floor":6,"key":"SkillPotion"}],"is_trial":false,"path_per_floor":["M","M","M","M","?","E","R","E"],"character_chosen":"THE_SILENT","items_purchased":[],"campfire_rested":0,"item_purchase_floors":[],"current_hp_per_floor":[66,66,66,65,70,31,31,0],"gold":143,"neow_bonus":"THREE_CARDS","is_prod":false,"is_daily":false,"chose_seed":false,"campfire_upgraded":1,"win_rate":0,"timestamp":1558218134,"path_taken":["M","M","M","M","?","E","R","E"],"build_version":"2019-01-23","purchased_purges":0,"victory":false,"max_hp_per_floor":[70,70,70,70,70,70,70,70],"card_choices":[{"not_picked":["Predator","Masterful Stab"],"picked":"Backflip","floor":0},{"not_picked":["Sucker Punch","Cloak And Dagger"],"picked":"Blur","floor":1},{"not_picked":["Reflex","Choke"],"picked":"Well Laid Plans","floor":2},{"not_picked":["Caltrops","Deflect"],"picked":"Backflip","floor":3},{"not_picked":["PiercingWail","Expertise"],"picked":"Escape Plan","floor":4},{"not_picked":["Deflect","Slice"],"picked":"Dagger Spray","floor":6}],"player_experience":122596,"relics_obtained":[{"floor":6,"key":"Smiling Mask"}],"event_choices":[{"damage_healed":17,"gold_gain":0,"player_choice":"Healed","damage_taken":0,"max_hp_gain":0,"max_hp_loss":0,"event_name":"The Cleric","floor":5,"gold_loss":35}],"is_beta":false,"boss_relics":[],"items_purged_floors":[],"is_endless":false,"potions_floor_spawned":[2,3,6],"killed_by":"Gremlin Nob","ascension_level":0}