{"gold_per_floor":[113,131,81,93,93,124,124,142,196,121,121,148,148,174,174,274,274,292,303,303,323,76,76,105,30,30,57,57,57,57,72,72,177,177,189,189,201,301,314,343,343,369,369,369,71,99,153,179,179,179,179,179,29,55,55],"floor_reached":55,"playtime":9876,"items_purged":["Strike_G","Strike_G","Strike_G","Clumsy"],"score":987,"play_id":"f25e12dc-112b-4372-a476-ba82f62891dc","local_time":"20181227214140","is_ascension_mode":true,"campfire_choices":[{"floor":7.0,"key":"REST"},{"floor":13.0,"key":"REST"},{"floor":15.0,"key":"REST"},{"floor":23,"key":"RECALL"},{"floor":29,"key":"REST"},{"data":"Phantasmal Killer","floor":32,"key":"SMITH"},{"data":"1","floor":49,"key":"LIFT"},{"data":"2","floor":52,"key":"LIFT"}],"neow_cost":"TEN_PERCENT_HP_LOSS","seed_source_timestamp":0,"circlet_count":0,"master_deck":["Defend_G+1","Survivor","Neutralize+1","Leg Sweep","Predator","Infinite Blades","Dagger Spray","Riddle With Holes","Phantasmal Killer+1","Distraction+1","Acrobatics+1","Expertise+1","Terror+1","Choke","Blade Dance","Flying Knee","Adrenaline+1","Parasite","Caltrops+1","Finisher+1","Slice","Deflect+1","A Thousand Cuts+1","Panache+1","Dash"],"special_seed":0,"relics":["Ring of the Snake","FossilizedHelix","Ninja Scroll","Potion Belt","Shuriken","Gremlin Horn","Astrolabe","Vajra","Torii","Frozen Egg 2","Nunchaku","Calling Bell","Juzu Bracelet","Mercury Hourglass","Girya","Bird Faced Urn","Bag of Marbles","Spirit Poop","Snake Skull","Kunai","PreservedInsect","Pocketwatch","The Specimen","Letter Opener"],"potions_floor_usage":[24,27,40,47,50,50,50,50,55],"damage_taken":[{"damage":0.0,"enemies":"Cultist","floor":1.0,"turns":4.0},{"damage":0.0,"enemies":"Jaw Worm","floor":2.0,"turns":6.0},{"damage":0.0,"enemies":"2 Louse","floor":4.0,"turns":3.0},{"damage":27.0,"enemies":"3 Sentries","floor":6.0,"turns":18.0},{"damage":0.0,"enemies":"Gremlin Gang","floor":8.0,"turns":6.0},{"damage":4.0,"enemies":"Gremlin Nob","floor":12.0,"turns":4.0},{"damage":10.0,"enemies":"3 Sentries","floor":14.0,"turns":5.0},{"damage":14.0,"enemies":"The Guardian","floor":16.0,"turns":10.0},{"damage":11.0,"enemies":"Spheric Guardian","floor":18.0,"turns":8.0},{"damage":0.0,"enemies":"3 Byrds","floor":19.0,"turns":2.0},{"damage":0.0,"enemies":"Cultist and Chosen","floor":21.0,"turns":4.0},{"damage":7,"enemies":"Book of Stabbing","floor":24,"turns":6},{"damage":0,"enemies":"Gremlin Leader","floor":27,"turns":3},{"damage":0,"enemies":"Shelled Parasite and Fungi","floor":31,"turns":4},{"damage":7,"enemies":"Automaton","floor":33,"turns":6},{"damage":0,"enemies":"3 Darklings","floor":35,"turns":2},{"damage":10,"enemies":"Orb Walker","floor":37,"turns":2},{"damage":0,"enemies":"Mind Bloom Boss Battle","floor":38,"turns":2},{"damage":1,"enemies":"3 Darklings","floor":39,"turns":3},{"damage":1,"enemies":"Nemesis","floor":40,"turns":5},{"damage":0,"enemies":"Reptomancer","floor":42,"turns":4},{"damage":0,"enemies":"Nemesis","floor":46,"turns":4},{"damage":2,"enemies":"2 Orb Walkers","floor":47,"turns":2},{"damage":0,"enemies":"Reptomancer","floor":48,"turns":1},{"damage":54,"enemies":"Awakened One","floor":50,"turns":8},{"damage":1,"enemies":"Shield and Spear","floor":54,"turns":3},{"damage":85,"enemies":"The Heart","floor":55,"turns":5}],"seed_played":"-2498278439974442668","potions_obtained":[{"floor":1.0,"key":"Weak Potion"},{"floor":6.0,"key":"LiquidBronze"},{"floor":12.0,"key":"Energy Potion"},{"floor":16.0,"key":"Block Potion"},{"floor":18.0,"key":"EssenceOfSteel"},{"floor":21.0,"key":"Explosive Potion"},{"floor":33,"key":"SpeedPotion"},{"floor":37,"key":"Ancient Potion"},{"floor":39,"key":"Explosive Potion"},{"floor":42,"key":"SpeedPotion"},{"floor":48,"key":"Regen Potion"}],"is_trial":false,"path_per_floor":["M","M","?","M","?","E","R","M","T","$","?","E","R","E","R","B",null,"M","M","?","M","$","R","E","?","T","E","?","R","$","M","R","B",null,"M","?","M","?","M","E","?","E","T","?","$","E","?","E","R","B",null,"R","$","E","B"],"character_chosen":"THE_SILENT","items_purchased":["Vajra","Panache+1"],"campfire_rested":4,"item_purchase_floors":[22,45],"current_hp_per_floor":[63,63,63,63,50,23,41,41,41,41,41,37,55,45,63,49,63,52,52,52,52,52,52,45,45,45,45,45,63,63,63,63,56,63,63,63,53,53,54,57,57,61,61,61,61,63,61,63,63,14,63,63,63,63,0],"gold":55,"neow_bonus":"ONE_RARE_RELIC","is_prod":false,"is_daily":false,"chose_seed":false,"campfire_upgraded":1,"win_rate":1,"timestamp":1545943300,"path_taken":["M","?","?","M","?","E","R","M","T","$","?","E","R","E","R","BOSS","M","?","?","M","$","R","E","?","T","E","?","R","?","M","R","BOSS","M","?","M","?","M","E","?","E","T","?","?","E","?","E","R","BOSS","R","$","E","BOSS"],"build_version":"2018-12-20","purchased_purges":4,"victory":false,"max_hp_per_floor":[63,63,63,63,63,63,63,63,63,63,63,63,63,63,63,63,63,63,63,63,63,63,63,63,63,63,63,63,63,63,63,63,63,63,63,63,63,63,63,63,63,63,63,63,63,63,63,63,63,63,63,63,63,63,63],"card_choices":[{"not_picked":["Eviscerate","Expertise"],"picked":"Leg Sweep","floor":1.0},{"not_picked":["Dodge and Roll","Calculated Gamble","Bane"],"picked":"SKIP","floor":2.0},{"not_picked":["Dodge and Roll","Choke","Slice"],"picked":"SKIP","floor":4.0},{"not_picked":["Masterful Stab","Slice"],"picked":"Predator","floor":6.0},{"not_picked":["Riddle With Holes","Deflect"],"picked":"Infinite Blades","floor":8.0},{"not_picked":["Unload","Acrobatics"],"picked":"Dagger Spray","floor":12.0},{"not_picked":["Poisoned Stab","PiercingWail"],"picked":"Riddle With Holes","floor":14.0},{"not_picked":["Bullet Time","Envenom"],"picked":"Phantasmal Killer","floor":16.0},{"not_picked":["Dagger Spray+1","Backstab"],"picked":"Terror+1","floor":18.0},{"not_picked":["Sucker Punch+1","Expertise+1","Deflect"],"picked":"SKIP","floor":19.0},{"not_picked":["Reflex+1","Prepared"],"picked":"Choke","floor":21.0},{"not_picked":["Blur","Prepared"],"picked":"Blade Dance","floor":24},{"not_picked":["Predator+1","Masterful Stab"],"picked":"Flying Knee","floor":27},{"not_picked":["Flying Knee","Leg Sweep","Dagger Throw+1"],"picked":"SKIP","floor":31},{"not_picked":["Bullet Time","Glass Knife"],"picked":"Adrenaline","floor":33},{"not_picked":["Dagger Spray","Underhanded Strike"],"picked":"Caltrops+1","floor":35},{"not_picked":["Dash+1","Quick Slash+1"],"picked":"Finisher+1","floor":37},{"not_picked":["Bane","Reflex"],"picked":"Slice","floor":38},{"not_picked":["Terror","Finisher","Expertise"],"picked":"SKIP","floor":39},{"not_picked":["Outmaneuver+1","PiercingWail+1"],"picked":"Deflect+1","floor":40},{"not_picked":["Bane+1","Dagger Spray"],"picked":"A Thousand Cuts+1","floor":42},{"not_picked":["Backflip+1","Prepared+1","Sucker Punch+1"],"picked":"SKIP","floor":46},{"not_picked":["Backstab","Slice+1","Escape Plan"],"picked":"SKIP","floor":48},{"not_picked":["Underhanded Strike+1","Dagger Spray+1"],"picked":"Dash","floor":54}],"player_experience":32598,"relics_obtained":[{"floor":6.0,"key":"Ninja Scroll"},{"floor":12.0,"key":"Shuriken"},{"floor":14.0,"key":"Gremlin Horn"},{"floor":24,"key":"Torii"},{"floor":26,"key":"Frozen Egg 2"},{"floor":27,"key":"Nunchaku"},{"floor":34,"key":"Juzu Bracelet"},{"floor":34,"key":"Mercury Hourglass"},{"floor":34,"key":"Girya"},{"floor":38,"key":"Bird Faced Urn"},{"floor":40,"key":"Bag of Marbles"},{"floor":42,"key":"Snake Skull"},{"floor":43,"key":"Kunai"},{"floor":46,"key":"PreservedInsect"},{"floor":47,"key":"Pocketwatch"},{"floor":48,"key":"The Specimen"},{"floor":54,"key":"Letter Opener"}],"event_choices":[{"cards_removed":["Defend_G"],"damage_healed":0.0,"max_hp_gain":0.0,"max_hp_loss":0.0,"gold_gain":0.0,"event_name":"The Cleric","player_choice":"Card Removal","floor":3.0,"gold_loss":50.0,"damage_taken":0.0},{"damage_healed":0.0,"max_hp_gain":0.0,"max_hp_loss":0.0,"gold_gain":0.0,"event_name":"Shining Light","player_choice":"Entered Light","floor":5.0,"gold_loss":0.0,"damage_taken":13.0,"cards_upgraded":["Defend_G","Neutralize"]},{"damage_healed":0.0,"max_hp_gain":0.0,"max_hp_loss":0.0,"gold_gain":0.0,"event_name":"WeMeetAgain","player_choice":"Gave Potion","floor":11.0,"gold_loss":0.0,"damage_taken":0.0,"relics_obtained":["Potion Belt"]},{"damage_healed":0.0,"max_hp_gain":0.0,"max_hp_loss":0.0,"gold_gain":0.0,"event_name":"Vampires","player_choice":"Ignored","floor":20.0,"gold_loss":0.0,"damage_taken":0.0},{"cards_removed":["Strike_G"],"damage_healed":0,"gold_gain":0,"player_choice":"Gave Gold","damage_taken":0,"max_hp_gain":0,"max_hp_loss":0,"event_name":"Beggar","floor":25,"gold_loss":75},{"cards_removed":["Defend_G"],"damage_healed":0,"gold_gain":0,"player_choice":"Elegance","damage_taken":0,"max_hp_gain":0,"max_hp_loss":0,"event_name":"Back to Basics","floor":28,"gold_loss":0},{"damage_healed":0,"gold_gain":0,"player_choice":"Ignored","damage_taken":0,"max_hp_gain":0,"max_hp_loss":0,"event_name":"Tomb of Lord Red Mask","floor":36,"gold_loss":0},{"damage_healed":0,"gold_gain":0,"player_choice":"Fight","damage_taken":0,"max_hp_gain":0,"max_hp_loss":0,"event_name":"MindBloom","floor":38,"gold_loss":0},{"cards_removed":["Decay"],"damage_healed":0,"gold_gain":0,"player_choice":"Offered Curse","damage_taken":0,"relics_obtained":["Spirit Poop"],"max_hp_gain":0,"max_hp_loss":0,"event_name":"Bonfire Elementals","floor":41,"gold_loss":0},{"damage_healed":0,"gold_gain":0,"player_choice":"Upgraded","damage_taken":0,"max_hp_gain":0,"max_hp_loss":0,"event_name":"Upgrade Shrine","floor":44,"gold_loss":0,"cards_upgraded":["Adrenaline"]},{"damage_healed":0,"gold_gain":0,"player_choice":"Fight","damage_taken":0,"max_hp_gain":0,"max_hp_loss":0,"event_name":"Mysterious Sphere","floor":47,"gold_loss":0}],"is_beta":false,"boss_relics":[{"not_picked":["Orrery","Coffee Dripper"],"picked":"Astrolabe"},{"not_picked":["Velvet Choker","HoveringKite"],"picked":"Calling Bell"}],"items_purged_floors":[10,22,45,53],"is_endless":false,"potions_floor_spawned":[1,6,12,16,18,21,33,37,39,42,48],"killed_by":"The Heart","ascension_level":1}