{"gold_per_floor":[117,131,131,5,5,5,31,43,43,17,17,52,52,68,68,142,192,206,256,270,69,79,79,106,106,133,133,145,145],"floor_reached":29,"playtime":1032,"items_purged":["Strike_B","Parasite"],"score":601,"play_id":"fd016feb-2b6b-44bf-95cb-5b3548513894","local_time":"20190528214009","is_ascension_mode":true,"campfire_choices":[{"data":"Consume","floor":6.0,"key":"SMITH"},{"floor":11.0,"key":"REST"},{"data":"Dualcast","floor":15.0,"key":"SMITH"},{"data":"Hologram","floor":23.0,"key":"SMITH"},{"data":"Coolheaded","floor":25.0,"key":"SMITH"},{"data":"Coolheaded","floor":27.0,"key":"SMITH"}],"neow_cost":"TEN_PERCENT_HP_LOSS","seed_source_timestamp":123640502595447,"circlet_count":0,"master_deck":["AscendersBane","Strike_B","Strike_B","Defend_B","Defend_B","Defend_B","Zap+1","Dualcast+1","Consume+1","Coolheaded","Gash","Cold Snap","Coolheaded+1","Coolheaded+1","Buffer+1","Gash","Streamline","Coolheaded","Bandage Up","Hologram+1","Gash"],"special_seed":0,"relics":["Cracked Core","Pen Nib","Bird Faced Urn","Mummified Hand","Shuriken","Tiny House","Bottled Tornado","PreservedInsect"],"potions_floor_usage":[],"damage_taken":[{"damage":1.0,"enemies":"Cultist","floor":1.0,"turns":3.0},{"damage":4.0,"enemies":"Small Slimes","floor":2.0,"turns":3.0},{"damage":30.0,"enemies":"3 Sentries","floor":7.0,"turns":11.0},{"damage":5.0,"enemies":"Jaw Worm","floor":8.0,"turns":2.0},{"damage":18.0,"enemies":"Exordium Thugs","floor":10.0,"turns":4.0},{"damage":16.0,"enemies":"Gremlin Nob","floor":12.0,"turns":4.0},{"damage":3.0,"enemies":"Looter","floor":14.0,"turns":4.0},{"damage":0.0,"enemies":"The Guardian","floor":16.0,"turns":11.0},{"damage":0.0,"enemies":"Spheric Guardian","floor":18.0,"turns":8.0},{"damage":3.0,"enemies":"Chosen","floor":20.0,"turns":5.0},{"damage":0.0,"enemies":"Snake Plant","floor":22.0,"turns":5.0},{"damage":24.0,"enemies":"Gremlin Leader","floor":24.0,"turns":11.0},{"damage":31.0,"enemies":"Chosen and Byrds","floor":28.0,"turns":11.0},{"damage":25,"enemies":"Slavers","floor":29,"turns":2}],"seed_played":"-4056155863082665145","potions_obtained":[{"floor":1.0,"key":"SteroidPotion"},{"floor":7.0,"key":"Strength Potion"},{"floor":12.0,"key":"FearPotion"},{"floor":17.0,"key":"Energy Potion"},{"floor":22.0,"key":"Explosive Potion"}],"is_trial":false,"path_per_floor":["M","M","T","$","?","R","E","M","T","M","R","E","?","M","R","B",null,"M","?","M","$","M","R","E","R","T","R","M","E"],"character_chosen":"DEFECT","items_purchased":["Gash","Bandage Up"],"campfire_rested":1,"item_purchase_floors":[4,21],"current_hp_per_floor":[63,59,59,59,59,59,29,24,24,6,25,9,25,22,22,22,59,61,61,58,58,64,64,44,44,44,44,19,0],"gold":145,"neow_bonus":"REMOVE_TWO","is_prod":false,"is_daily":false,"chose_seed":false,"campfire_upgraded":5,"win_rate":0,"timestamp":1559072409,"path_taken":["M","M","?","$","?","R","E","M","T","M","R","E","?","?","R","BOSS","M","?","M","$","M","R","E","R","T","R","M","E"],"build_version":"2019-01-23","purchased_purges":2,"victory":false,"max_hp_per_floor":[64,64,64,64,64,64,64,64,64,64,64,64,64,64,64,64,69,69,69,69,66,66,66,66,66,66,66,66,66],"card_choices":[{"not_picked":["White Noise","Beam Cell"],"picked":"Consume","floor":1.0},{"not_picked":["Compile Driver","Stack"],"picked":"Coolheaded","floor":2.0},{"not_picked":["Core Surge","Steam"],"picked":"Cold Snap","floor":7.0},{"not_picked":["Reinforced Body","Compile Driver"],"picked":"Coolheaded","floor":8.0},{"not_picked":["Rainbow","Steam","Reinforced Body"],"picked":"SKIP","floor":10.0},{"not_picked":["Ball Lightning","Skim","Turbo"],"picked":"SKIP","floor":12.0},{"not_picked":["Steam","Conserve Battery"],"picked":"Coolheaded","floor":14.0},{"not_picked":["Thunder Strike","Core Surge"],"picked":"Buffer","floor":16.0},{"not_picked":["Skim","FTL"],"picked":"Gash","floor":17.0},{"not_picked":["Ball Lightning+1","Barrage"],"picked":"Streamline","floor":18.0},{"not_picked":["Leap","Hyperbeam"],"picked":"Coolheaded","floor":20.0},{"not_picked":["Redo","Lockon"],"picked":"Hologram","floor":22.0},{"not_picked":["Doom and Gloom","Tempest+1"],"picked":"Gash","floor":24.0},{"not_picked":["Conserve Battery","Cold Snap","Barrage"],"picked":"SKIP","floor":28.0}],"player_experience":262200,"relics_obtained":[{"floor":3.0,"key":"Pen Nib"},{"floor":7.0,"key":"Bird Faced Urn"},{"floor":9.0,"key":"Mummified Hand"},{"floor":12.0,"key":"Shuriken"},{"floor":24.0,"key":"Bottled Tornado"},{"floor":26.0,"key":"PreservedInsect"}],"event_choices":[{"damage_healed":0.0,"max_hp_gain":0.0,"max_hp_loss":0.0,"gold_gain":0.0,"event_name":"Living Wall","player_choice":"Grow","floor":5.0,"gold_loss":0.0,"damage_taken":0.0,"cards_upgraded":["Zap"]},{"damage_healed":16.0,"max_hp_gain":0.0,"max_hp_loss":0.0,"gold_gain":0.0,"event_name":"Mushrooms","player_choice":"Healed and dodged fight","floor":13.0,"gold_loss":0.0,"damage_taken":0.0,"cards_obtained":["Parasite"]},{"damage_healed":0.0,"max_hp_gain":0.0,"max_hp_loss":0.0,"gold_gain":50.0,"event_name":"Nest","player_choice":"Stole From Cult","floor":19.0,"gold_loss":0.0,"damage_taken":0.0}],"is_beta":false,"boss_relics":[{"not_picked":["White Beast Statue","Snecko Eye"],"picked":"Tiny House"}],"items_purged_floors":[4,21],"is_endless":false,"potions_floor_spawned":[1,7,12,22],"killed_by":"Slavers","ascension_level":18}