{"gold_per_floor":[119,119,119,132,8,8,43,57,57,57,72,88,115,126,126,199,199,216,216,216,226,226,226,251,267,321,354,354,367,62,162,162,239,239,253,528,212,212,228,261,275,275,302,51,69,69,69,85,85,85],"floor_reached":51,"playtime":2226,"items_purged":["Strike_R","Strike_R+1","Regret"],"score":1255,"play_id":"e1194be5-f977-420e-95f3-6965fae1e05f","local_time":"20190516143217","is_ascension_mode":true,"campfire_choices":[{"data":"Uppercut","floor":6.0,"key":"SMITH"},{"data":"Flame Barrier","floor":10.0,"key":"SMITH"},{"data":"Flame Barrier","floor":15.0,"key":"SMITH"},{"floor":23.0,"key":"REST"},{"floor":28.0,"key":"REST"},{"floor":32.0,"key":"REST"},{"floor":42.0,"key":"REST"},{"floor":46,"key":"REST"},{"floor":49,"key":"REST"}],"neow_cost":"NONE","seed_source_timestamp":0,"circlet_count":0,"master_deck":["AscendersBane","Strike_R+1","Strike_R+1","Defend_R+1","Defend_R+1","Defend_R+1","Bash","Uppercut+1","Rampage","Headbutt","Flame Barrier+1","Flame Barrier+1","Barricade","Impervious","Metallicize","Power Through+1","Body Slam","Armaments","Iron Wave","Impervious","Seeing Red+1","Clothesline","True Grit+1","Clothesline","Corruption","Shrug It Off"],"special_seed":0,"relics":["Burning Blood","Dream Catcher","Sundial","Boot","Magic Flower","Fusion Hammer","Pen Nib","Anchor","Strawberry","Strange Spoon","Thread and Needle","Pear","Snecko Eye","Oddly Smooth Stone","Red Skull","Blood Vial","Bottled Flame"],"potions_floor_usage":[48,50],"damage_taken":[{"damage":11.0,"enemies":"Jaw Worm","floor":1.0,"turns":4.0},{"damage":6.0,"enemies":"2 Louse","floor":4.0,"turns":2.0},{"damage":25.0,"enemies":"Lagavulin","floor":7.0,"turns":5.0},{"damage":6.0,"enemies":"Small Slimes","floor":8.0,"turns":3.0},{"damage":0.0,"enemies":"Blue Slaver","floor":11.0,"turns":3.0},{"damage":3.0,"enemies":"Looter","floor":12.0,"turns":3.0},{"damage":12.0,"enemies":"Gremlin Nob","floor":13.0,"turns":4.0},{"damage":2.0,"enemies":"2 Fungi Beasts","floor":14.0,"turns":4.0},{"damage":22.0,"enemies":"Slime Boss","floor":16.0,"turns":17.0},{"damage":0.0,"enemies":"Chosen","floor":18.0,"turns":5.0},{"damage":4.0,"enemies":"Spheric Guardian","floor":21.0,"turns":5.0},{"damage":40.0,"enemies":"Gremlin Leader","floor":24.0,"turns":10.0},{"damage":7.0,"enemies":"Snecko","floor":25.0,"turns":4.0},{"damage":18.0,"enemies":"Slavers","floor":27.0,"turns":8.0},{"damage":3.0,"enemies":"Cultist and Chosen","floor":29.0,"turns":7.0},{"damage":9.0,"enemies":"Colosseum Slavers","floor":31.0,"turns":9.0},{"damage":46.0,"enemies":"Colosseum Nobs","floor":31.0,"turns":6.0},{"damage":33.0,"enemies":"Collector","floor":33.0,"turns":18.0},{"damage":0.0,"enemies":"3 Shapes","floor":35.0,"turns":7.0},{"damage":0.0,"enemies":"Orb Walker","floor":39.0,"turns":4.0},{"damage":5.0,"enemies":"Giant Head","floor":40.0,"turns":7.0},{"damage":19.0,"enemies":"Spire Growth","floor":41.0,"turns":8.0},{"damage":0.0,"enemies":"Maw","floor":45.0,"turns":7.0},{"damage":0,"enemies":"4 Shapes","floor":48,"turns":6},{"damage":6,"enemies":"Awakened One","floor":50,"turns":10}],"seed_played":"-8126874065945362745","potions_obtained":[{"floor":1.0,"key":"FearPotion"},{"floor":7.0,"key":"Swift Potion"},{"floor":8.0,"key":"Block Potion"},{"floor":13.0,"key":"Explosive Potion"},{"floor":16.0,"key":"Fire Potion"},{"floor":18.0,"key":"LiquidBronze"},{"floor":25.0,"key":"Block Potion"},{"floor":29.0,"key":"FearPotion"},{"floor":31.0,"key":"Swift Potion"},{"floor":39.0,"key":"BloodPotion"},{"floor":40.0,"key":"Regen Potion"},{"floor":48,"key":"Poison Potion"}],"is_trial":false,"path_per_floor":["M","?","?","M","$","R","E","M","T","R","M","M","E","M","R","B",null,"M","?","?","M","?","R","E","M","T","E","R","M","$","?","R","B",null,"M","?","$","?","M","E","M","R","T","$","M","R","?","M","R","B",null],"character_chosen":"IRONCLAD","items_purchased":["Headbutt","Strange Spoon","Oddly Smooth Stone","Clothesline","Bottled Flame"],"campfire_rested":6,"item_purchase_floors":[5,30,37,37,44],"current_hp_per_floor":[67,51,51,51,51,51,32,32,32,32,38,41,35,42,42,29,67,76,76,76,80,80,80,49,51,51,49,75,81,81,54,83,59,88,97,97,97,97,97,97,97,97,97,97,97,97,97,97,97,97],"gold":85,"neow_bonus":"RANDOM_COMMON_RELIC","is_prod":false,"is_daily":false,"chose_seed":false,"campfire_upgraded":3,"win_rate":0,"timestamp":1558009937,"path_taken":["M","?","?","M","$","R","E","M","T","R","M","M","E","M","R","BOSS","M","?","?","M","?","R","E","M","T","E","R","M","$","?","R","BOSS","M","?","$","?","M","E","M","R","T","$","?","R","?","M","R","BOSS"],"build_version":"2019-01-23","purchased_purges":3,"victory":true,"max_hp_per_floor":[80,80,80,80,80,80,80,80,80,80,80,80,80,80,80,80,80,80,80,80,80,80,80,80,80,80,87,87,87,87,97,97,97,97,97,97,97,97,97,97,97,97,97,97,97,97,97,97,97,97],"card_choices":[{"not_picked":["Pummel","Shockwave"],"picked":"Uppercut","floor":1.0},{"not_picked":["Seeing Red","Second Wind"],"picked":"Rampage","floor":4.0},{"not_picked":["Perfected Strike","Sentinel","Pummel"],"picked":"SKIP","floor":7.0},{"not_picked":["Headbutt","Heavy Blade"],"picked":"Flame Barrier","floor":8.0},{"not_picked":["Twin Strike","Thunderclap"],"picked":"Flame Barrier","floor":11.0},{"not_picked":["Sword Boomerang","Blood for Blood","Bloodletting"],"picked":"SKIP","floor":12.0},{"not_picked":["Battle Trance","True Grit","Cleave"],"picked":"SKIP","floor":13.0},{"not_picked":["Sword Boomerang","Pommel Strike"],"picked":"Barricade","floor":14.0},{"not_picked":["Dark Embrace","Brutality"],"picked":"Impervious","floor":16.0},{"not_picked":["Searing Blow","Twin Strike","Warcry"],"picked":"SKIP","floor":18.0},{"not_picked":["Perfected Strike","Sever Soul","Armaments"],"picked":"SKIP","floor":21.0},{"not_picked":["Dual Wield","Infernal Blade","Havoc"],"picked":"SKIP","floor":24.0},{"not_picked":["Disarm","Carnage","Blood for Blood+1"],"picked":"SKIP","floor":25.0},{"not_picked":["Anger","Corruption"],"picked":"Metallicize","floor":27.0},{"not_picked":["Reaper","Shockwave"],"picked":"Power Through+1","floor":28.0},{"not_picked":["Twin Strike","Iron Wave"],"picked":"Body Slam","floor":29.0},{"not_picked":["Infernal Blade","Clothesline"],"picked":"Armaments","floor":31.0},{"not_picked":["Wild Strike","Twin Strike"],"picked":"Iron Wave","floor":32.0},{"not_picked":["Fiend Fire","Demon Form"],"picked":"Impervious","floor":33.0},{"not_picked":["Havoc+1","Flex"],"picked":"Seeing Red+1","floor":35.0},{"not_picked":["Rage","Power Through","Cleave"],"picked":"SKIP","floor":39.0},{"not_picked":["Sever Soul+1","Inflame+1"],"picked":"True Grit+1","floor":40.0},{"not_picked":["Heavy Blade+1","Anger+1"],"picked":"Clothesline","floor":41.0},{"not_picked":["Rupture","Pommel Strike","Hemokinesis"],"picked":"SKIP","floor":45.0},{"not_picked":["Thunderclap","Double Tap"],"picked":"Corruption","floor":46},{"not_picked":["Cleave","Blood for Blood"],"picked":"Shrug It Off","floor":48}],"player_experience":218573,"relics_obtained":[{"floor":7.0,"key":"Sundial"},{"floor":9.0,"key":"Boot"},{"floor":13.0,"key":"Magic Flower"},{"floor":24.0,"key":"Pen Nib"},{"floor":26.0,"key":"Anchor"},{"floor":27.0,"key":"Strawberry"},{"floor":31.0,"key":"Thread and Needle"},{"floor":31.0,"key":"Pear"},{"floor":40.0,"key":"Red Skull"},{"floor":43.0,"key":"Blood Vial"}],"event_choices":[{"damage_healed":0.0,"max_hp_gain":0.0,"max_hp_loss":0.0,"gold_gain":0.0,"event_name":"Shining Light","player_choice":"Entered Light","floor":2.0,"gold_loss":0.0,"damage_taken":16.0,"cards_upgraded":["Defend_R","Defend_R"]},{"cards_removed":["Strike_R"],"damage_healed":0.0,"max_hp_gain":0.0,"max_hp_loss":0.0,"gold_gain":0.0,"event_name":"Living Wall","player_choice":"Forget","floor":3.0,"gold_loss":0.0,"damage_taken":0.0},{"damage_healed":0.0,"max_hp_gain":0.0,"max_hp_loss":0.0,"gold_gain":0.0,"event_name":"Cursed Tome","player_choice":"Ignored","floor":19.0,"gold_loss":0.0,"damage_taken":0.0},{"damage_healed":0.0,"max_hp_gain":0.0,"max_hp_loss":0.0,"gold_gain":0.0,"event_name":"Back to Basics","player_choice":"Simplicity","floor":20.0,"gold_loss":0.0,"damage_taken":0.0,"cards_upgraded":["Strike_R","Strike_R","Strike_R","Defend_R","Defend_R"]},{"damage_healed":0.0,"max_hp_gain":0.0,"max_hp_loss":0.0,"gold_gain":0.0,"event_name":"Ghosts","player_choice":"Ignored","floor":22.0,"gold_loss":0.0,"damage_taken":0.0},{"damage_healed":0.0,"max_hp_gain":0.0,"max_hp_loss":0.0,"gold_gain":0.0,"event_name":"Colosseum","player_choice":"Fight","floor":31.0,"gold_loss":0.0,"damage_taken":0.0},{"damage_healed":0.0,"max_hp_gain":0.0,"max_hp_loss":0.0,"gold_gain":0.0,"event_name":"Colosseum","player_choice":"Fought Nobs","floor":31.0,"gold_loss":0.0,"damage_taken":0.0},{"damage_healed":0.0,"max_hp_gain":0.0,"max_hp_loss":0.0,"gold_gain":275.0,"event_name":"Golden Shrine","player_choice":"Desecrate","floor":36.0,"gold_loss":0.0,"damage_taken":0.0,"cards_obtained":["Regret"]},{"damage_healed":0.0,"max_hp_gain":0.0,"max_hp_loss":0.0,"gold_gain":0.0,"event_name":"SecretPortal","player_choice":"Ignored","floor":38.0,"gold_loss":0.0,"damage_taken":0.0},{"cards_removed":["Defend_R"],"damage_healed":0,"gold_gain":0,"player_choice":"Offered Basic","damage_taken":0,"max_hp_gain":0,"max_hp_loss":0,"event_name":"Bonfire Elementals","floor":47,"gold_loss":0}],"is_beta":false,"boss_relics":[{"not_picked":["Orrery","Coffee Dripper"],"picked":"Fusion Hammer"},{"not_picked":["Runic Dome","Black Blood"],"picked":"Snecko Eye"}],"items_purged_floors":[5,30,37],"is_endless":false,"potions_floor_spawned":[1,7,8,13,14,16,18,25,29,31,31,39,40,48],"ascension_level":13}