{"gold_per_floor":[119,132,147,147,158,158,158,186,186,201,221,221,69,94,94,169,169,186,286,313,47,64,91,91,91,91,120,120,135,135,160,160,233,233,247,265,277,15,29,29,43,73,120,120,220,22,22,22,22,22],"floor_reached":51,"playtime":4865,"items_purged":["Strike_B"],"score":1400,"play_id":"51e33118-e7b1-430f-a8fd-95077d155ceb","local_time":"20190519225138","is_ascension_mode":true,"campfire_choices":[{"data":"Chaos","floor":6,"key":"SMITH"},{"data":"Dualcast","floor":12,"key":"SMITH"},{"data":"Loop","floor":15,"key":"SMITH"},{"floor":24,"key":"REST"},{"floor":28,"key":"REST"},{"data":"Buffer","floor":30,"key":"SMITH"},{"floor":32,"key":"REST"},{"data":"Fission","floor":40,"key":"SMITH"},{"floor":44,"key":"REST"},{"floor":49,"key":"REST"}],"neow_cost":"NONE","seed_source_timestamp":59386984089666,"circlet_count":0,"master_deck":["AscendersBane","Strike_B","Strike_B","Defend_B","Defend_B","Defend_B","Defend_B","Zap","Dualcast+1","Ball Lightning","Reinforced Body","Chill","Chaos+1","Electrodynamics","Capacitor","Chill","Hologram","Cold Snap+1","Loop+1","Sunder+1","Buffer+1","Doom and Gloom+1","Skim","Sunder+1","Echo Form","Reinforced Body","Go for the Eyes+1","Undo","Biased Cognition","White Noise","Echo Form","Echo Form","Barrage+1","Chaos+1","Fission+1","Heatsinks","Conserve Battery","Chaos","Coolheaded","Beam Cell+1","Consume","Blizzard+1","Flash of Steel+1","Decay"],"relics":["Cracked Core","Molten Egg 2","Turnip","Mummified Hand","Oddly Smooth Stone","Black Star","StoneCalendar","Question Card","Red Mask","Happy Flower","Lantern","Unceasing Top","Strawberry","Dodecahedron","Darkstone Periapt","The Courier","Inserter","Pocketwatch","Shovel","Nunchaku","Pen Nib","Thread and Needle"],"potions_floor_usage":[19,20,23,27,31,50,50],"damage_taken":[{"damage":0,"enemies":"Small Slimes","floor":1,"turns":2},{"damage":6,"enemies":"Cultist","floor":2,"turns":3},{"damage":0,"enemies":"2 Louse","floor":3,"turns":3},{"damage":3,"enemies":"Looter","floor":5,"turns":3},{"damage":12,"enemies":"Gremlin Nob","floor":8,"turns":4},{"damage":3,"enemies":"Blue Slaver","floor":10,"turns":2},{"damage":1,"enemies":"2 Fungi Beasts","floor":11,"turns":2},{"damage":0,"enemies":"3 Sentries","floor":14,"turns":3},{"damage":21,"enemies":"The Guardian","floor":16,"turns":11},{"damage":0,"enemies":"Chosen","floor":18,"turns":7},{"damage":14,"enemies":"Colosseum Slavers","floor":19,"turns":5},{"damage":13,"enemies":"Colosseum Nobs","floor":19,"turns":3},{"damage":0,"enemies":"Masked Bandits","floor":20,"turns":2},{"damage":11,"enemies":"Spheric Guardian","floor":22,"turns":4},{"damage":25,"enemies":"Book of Stabbing","floor":23,"turns":5},{"damage":0,"enemies":"Gremlin Leader","floor":27,"turns":5},{"damage":11,"enemies":"Snecko","floor":29,"turns":5},{"damage":0,"enemies":"Slavers","floor":31,"turns":4},{"damage":0,"enemies":"Champ","floor":33,"turns":7},{"damage":11,"enemies":"3 Shapes","floor":35,"turns":3},{"damage":0,"enemies":"Orb Walker","floor":36,"turns":4},{"damage":0,"enemies":"Spire Growth","floor":37,"turns":5},{"damage":0,"enemies":"Jaw Worm Horde","floor":39,"turns":3},{"damage":4,"enemies":"4 Shapes","floor":41,"turns":4},{"damage":36,"enemies":"Nemesis","floor":42,"turns":5},{"damage":24,"enemies":"Mind Bloom Boss Battle","floor":45,"turns":5},{"damage":10,"enemies":"Time Eater","floor":50,"turns":10}],"seed_played":"-1484800816513679888","potions_obtained":[{"floor":2,"key":"FearPotion"},{"floor":10,"key":"SkillPotion"},{"floor":14,"key":"Explosive Potion"},{"floor":19,"key":"SkillPotion"},{"floor":22,"key":"FearPotion"},{"floor":23,"key":"Explosive Potion"},{"floor":36,"key":"Strength Potion"},{"floor":39,"key":"SteroidPotion"},{"floor":42,"key":"SpeedPotion"}],"is_trial":false,"path_per_floor":["?","?","M","?","?","$","?","?","?"],"character_chosen":"DEFECT","items_purchased":["Hologram","Cold Snap+1","Loop","Echo Form","Reinforced Body","Heatsinks","Pocketwatch","Consume","Blizzard+1","Flash of Steel+1"],"campfire_rested":5,"item_purchase_floors":[13,13,13,21,21,38,38,46,46,46],"current_hp_per_floor":[75,69,69,69,66,66,66,54,54,51,50,50,50,50,50,29,69,69,42,42,42,31,6,30,30,30,37,63,52,52,52,78,78,86,75,75,75,75,75,75,71,35,35,61,37,37,43,43,71,61],"gold":22,"neow_bonus":"TEN_PERCENT_HP_BONUS","is_prod":false,"is_daily":false,"chose_seed":false,"campfire_upgraded":5,"win_rate":0,"timestamp":1558320698,"path_taken":["M","M","M","?","M","R","?","E","T","M","?","R","$","E","R","BOSS","M","?","?","?","M","E","R","?","T","E","R","M","R","E","R","BOSS","M","M","M","$","M","R","M","E","T","R","?","$","?","$","R","BOSS"],"build_version":"2019-01-23","purchased_purges":1,"victory":true,"max_hp_per_floor":[82,82,82,82,82,82,82,82,82,82,82,82,82,82,82,82,82,82,82,82,82,82,82,82,82,82,89,89,89,89,89,89,89,89,89,89,89,89,89,89,89,89,89,89,89,89,95,95,95,95],"card_choices":[{"not_picked":["Compile Driver","Leap"],"picked":"Ball Lightning","floor":1},{"not_picked":["Conserve Battery","Sweeping Beam"],"picked":"Reinforced Body","floor":2},{"not_picked":["Cold Snap","Sweeping Beam"],"picked":"Chill","floor":3},{"not_picked":["Hello World","Turbo"],"picked":"Chaos","floor":5},{"not_picked":["Storm","Aggregate"],"picked":"Electrodynamics","floor":8},{"not_picked":["Double Energy","Conserve Battery"],"picked":"Capacitor","floor":10},{"not_picked":["Turbo","Rebound+1"],"picked":"Chill","floor":11},{"not_picked":["Doom and Gloom+1","Storm"],"picked":"Sunder+1","floor":14},{"not_picked":["Fission","Biased Cognition"],"picked":"Buffer","floor":16},{"not_picked":["Force Field","Sweeping Beam+1"],"picked":"Doom and Gloom+1","floor":18},{"not_picked":["Sweeping Beam+1","Barrage+1"],"picked":"Skim","floor":19},{"not_picked":["Steam","Redo+1","Steam Power"],"picked":"Sunder+1","floor":20},{"not_picked":["BootSequence","Consume","Double Energy+1"],"picked":"Go for the Eyes+1","floor":22},{"not_picked":["Loop","Turbo","Redo+1"],"picked":"Undo","floor":23},{"not_picked":["Loop","Streamline+1","Go for the Eyes+1"],"picked":"Biased Cognition","floor":27},{"not_picked":["Steam","Coolheaded","Conserve Battery"],"picked":"White Noise","floor":29},{"not_picked":["Sweeping Beam+1","Capacitor","Streamline+1"],"picked":"Echo Form","floor":31},{"not_picked":["Thunder Strike+1","Seek","Machine Learning"],"picked":"Echo Form","floor":33},{"not_picked":["Auto Shields","Stack+1","Gash+1"],"picked":"Barrage+1","floor":35},{"not_picked":["Beam Cell+1","Lockon+1","Self Repair+1"],"picked":"Chaos+1","floor":36},{"not_picked":["Streamline+1","Melter+1","Hologram"],"picked":"Fission","floor":37},{"not_picked":["Go for the Eyes+1","Streamline+1","Stack"],"picked":"Conserve Battery","floor":39},{"not_picked":["Chill+1","Rebound+1","Undo"],"picked":"Chaos","floor":41},{"not_picked":["Reprogram","Streamline+1","Compile Driver+1"],"picked":"Coolheaded","floor":42},{"not_picked":["Melter+1","Gash+1","Leap+1"],"picked":"Beam Cell+1","floor":45}],"player_experience":578153,"relics_obtained":[{"floor":8,"key":"Turnip"},{"floor":9,"key":"Mummified Hand"},{"floor":14,"key":"Oddly Smooth Stone"},{"floor":19,"key":"StoneCalendar"},{"floor":19,"key":"Question Card"},{"floor":20,"key":"Red Mask"},{"floor":23,"key":"Happy Flower"},{"floor":23,"key":"Lantern"},{"floor":26,"key":"Unceasing Top"},{"floor":27,"key":"Strawberry"},{"floor":27,"key":"Dodecahedron"},{"floor":31,"key":"Darkstone Periapt"},{"floor":31,"key":"The Courier"},{"floor":42,"key":"Shovel"},{"floor":42,"key":"Nunchaku"},{"floor":43,"key":"Pen Nib"},{"floor":45,"key":"Thread and Needle"}],"event_choices":[{"cards_removed":["Strike_B"],"damage_healed":0,"gold_gain":0,"player_choice":"Forget","damage_taken":0,"max_hp_gain":0,"max_hp_loss":0,"event_name":"Living Wall","floor":4,"gold_loss":0},{"damage_healed":0,"gold_gain":0,"player_choice":"Gave Potion","damage_taken":0,"relics_obtained":["Molten Egg 2"],"max_hp_gain":0,"max_hp_loss":0,"event_name":"WeMeetAgain","floor":7,"gold_loss":0},{"damage_healed":0,"gold_gain":0,"player_choice":"Fight","damage_taken":0,"max_hp_gain":0,"max_hp_loss":0,"event_name":"Colosseum","floor":19,"gold_loss":0},{"damage_healed":0,"gold_gain":0,"player_choice":"Fought Nobs","damage_taken":0,"max_hp_gain":0,"max_hp_loss":0,"event_name":"Colosseum","floor":19,"gold_loss":0},{"damage_healed":0,"gold_gain":0,"player_choice":"Fought Bandits","damage_taken":0,"max_hp_gain":0,"max_hp_loss":0,"event_name":"Masked Bandits","floor":20,"gold_loss":0},{"damage_healed":0,"gold_gain":0,"player_choice":"Ignored","damage_taken":0,"max_hp_gain":0,"max_hp_loss":0,"event_name":"Vampires","floor":25,"gold_loss":0},{"damage_healed":0,"gold_gain":0,"player_choice":"Fight","damage_taken":0,"max_hp_gain":0,"max_hp_loss":0,"event_name":"MindBloom","floor":45,"gold_loss":0},{"damage_healed":0,"gold_gain":0,"player_choice":"Cursed","damage_taken":0,"max_hp_gain":0,"max_hp_loss":0,"event_name":"Wheel of Change","floor":47,"gold_loss":0,"cards_obtained":["Decay"]}],"is_beta":false,"boss_relics":[{"not_picked":["Lizard Tail","Pandora\u0027s Box"],"picked":"Black Star"},{"not_picked":["Empty Cage","Runic Pyramid"],"picked":"Inserter"}],"items_purged_floors":[21],"is_endless":false,"potions_floor_spawned":[2,10,14,19,19,22,23,36,39,42],"ascension_level":13}