{"gold_per_floor":[367,367,367,33,46,77,77,97,97,109,74,90,109,137,137,137],"floor_reached":16,"playtime":607,"items_purged":["Strike_G"],"score":168,"play_id":"e811164e-0889-4792-920f-4960ede0e20f","local_time":"20190406163520","is_ascension_mode":true,"campfire_choices":[{"floor":7,"key":"REST"},{"data":"Footwork","floor":15,"key":"SMITH"}],"neow_cost":"TEN_PERCENT_HP_LOSS","seed_source_timestamp":48543011484691,"circlet_count":0,"master_deck":["AscendersBane","Defend_G","Defend_G","Defend_G","Defend_G","Strike_G","Strike_G","Strike_G","Strike_G","Survivor","Neutralize","Tactician","Well Laid Plans","Blade Dance","Blade Dance","Backflip","Footwork+1","Sucker Punch","Backflip","Caltrops"],"relics":["Ring of the Snake","Ninja Scroll","Oddly Smooth Stone","Pantograph","The Courier","Art of War"],"potions_floor_usage":[14,16,16],"damage_taken":[{"damage":0,"enemies":"Small Slimes","floor":1,"turns":5},{"damage":0,"enemies":"2 Louse","floor":5,"turns":2},{"damage":47,"enemies":"Gremlin Nob","floor":6,"turns":5},{"damage":0,"enemies":"Cultist","floor":8,"turns":3},{"damage":14,"enemies":"Large Slime","floor":10,"turns":8},{"damage":0,"enemies":"Exordium Wildlife","floor":12,"turns":3},{"damage":4,"enemies":"Red Slaver","floor":13,"turns":4},{"damage":22,"enemies":"3 Sentries","floor":14,"turns":9},{"damage":34,"enemies":"Slime Boss","floor":16,"turns":7}],"seed_played":"1728120289122148180","potions_obtained":[{"floor":1,"key":"Swift Potion"},{"floor":8,"key":"GamblersBrew"},{"floor":12,"key":"Weak Potion"},{"floor":13,"key":"LiquidBronze"},{"floor":14,"key":"SteroidPotion"}],"is_trial":false,"path_per_floor":["M","?","?","$","M","E","R","M","T","M","?","M","M","E","R","B"],"character_chosen":"THE_SILENT","items_purchased":["Well Laid Plans","Oddly Smooth Stone","Blade Dance"],"campfire_rested":1,"item_purchase_floors":[4,4,4],"current_hp_per_floor":[63,63,63,63,63,16,34,34,34,20,35,35,31,9,9,0],"gold":137,"neow_bonus":"TWO_FIFTY_GOLD","is_prod":false,"is_daily":false,"chose_seed":false,"campfire_upgraded":1,"win_rate":0,"timestamp":1554561320,"path_taken":["M","?","?","$","M","E","R","M","T","?","?","M","M","E","R","BOSS"],"build_version":"2019-01-23","purchased_purges":1,"victory":false,"max_hp_per_floor":[63,63,63,63,63,63,63,63,63,63,63,63,63,63,63,63],"card_choices":[{"not_picked":["Sucker Punch","Deflect"],"picked":"Tactician","floor":1},{"not_picked":["Flying Knee","Sucker Punch"],"picked":"Blade Dance","floor":5},{"not_picked":["Terror","Bouncing Flask"],"picked":"Backflip","floor":6},{"not_picked":["Bane","Well Laid Plans"],"picked":"Footwork","floor":8},{"not_picked":["Doppelganger","Bane","PiercingWail"],"picked":"SKIP","floor":10},{"not_picked":["Deadly Poison","Flying Knee"],"picked":"Sucker Punch","floor":12},{"not_picked":["Flying Knee","Setup"],"picked":"Backflip","floor":13},{"not_picked":["Eviscerate","Venomology"],"picked":"Caltrops","floor":14}],"player_experience":155153,"relics_obtained":[{"floor":6,"key":"Pantograph"},{"floor":9,"key":"The Courier"},{"floor":14,"key":"Art of War"}],"event_choices":[{"cards_removed":["Defend_G"],"damage_healed":0,"gold_gain":0,"player_choice":"Forget","damage_taken":0,"max_hp_gain":0,"max_hp_loss":0,"event_name":"Living Wall","floor":2,"gold_loss":0},{"damage_healed":0,"gold_gain":0,"player_choice":"Gave Potion","damage_taken":0,"relics_obtained":["Ninja Scroll"],"max_hp_gain":0,"max_hp_loss":0,"event_name":"WeMeetAgain","floor":3,"gold_loss":0},{"damage_healed":15,"gold_gain":0,"player_choice":"Healed","damage_taken":0,"max_hp_gain":0,"max_hp_loss":0,"event_name":"The Cleric","floor":11,"gold_loss":35}],"is_beta":false,"boss_relics":[],"items_purged_floors":[4],"is_endless":false,"potions_floor_spawned":[1,8,12,13,14],"killed_by":"Slime Boss","ascension_level":10}