{"gold_per_floor":[211,211,5,5,23,56,56,70,70,96,22,22,47,77,77,178,178,191,191,191,210,310,310,16,50,50,50,69,69,81,106,106,201,201,220,104,117,134,134,134,154,154,154,36,36],"floor_reached":45,"playtime":4360,"items_purged":["Decay"],"score":608,"play_id":"af913092-d919-4533-a423-29367b8885af","local_time":"20190503024618","is_ascension_mode":true,"campfire_choices":[{"data":"Chrysalis","floor":7,"key":"SMITH"},{"floor":12,"key":"REST"},{"data":"Loop","floor":15,"key":"SMITH"},{"floor":23,"key":"REST"},{"floor":27,"key":"REST"},{"floor":29,"key":"REST"},{"floor":32,"key":"REST"},{"floor":40,"key":"REST"}],"neow_cost":"NONE","seed_source_timestamp":3842698864578530,"circlet_count":0,"master_deck":["Zap","Dualcast","Hologram","Skim","Chrysalis+1","Darkness","Reboot","Loop+1","Ball Lightning","Creative AI","Hologram","Loop","Redo","Creative AI","Conserve Battery","Hello World","Glacier","Compile Driver","RitualDagger","BootSequence+1","Aggregate","Sunder+1","Leap+1","Double Energy","Fusion","Machine Learning","Coolheaded+1","Melter+1","Compile Driver+1","Turbo","Rebound+1","Steam Power","Defragment"],"relics":["Cracked Core","Strawberry","Gremlin Horn","Potion Belt","Juzu Bracelet","Bronze Scales","Pandora\u0027s Box","Gambling Chip","Molten Egg 2","Emotion Chip","Blood Vial","The Courier","Shuriken","Cursed Key","Mercury Hourglass"],"potions_floor_usage":[16,25,28,33,33,33,45],"damage_taken":[{"damage":2,"enemies":"2 Louse","floor":1,"turns":2},{"damage":0,"enemies":"Cultist","floor":5,"turns":4},{"damage":35,"enemies":"Gremlin Nob","floor":6,"turns":4},{"damage":7,"enemies":"Jaw Worm","floor":8,"turns":3},{"damage":0,"enemies":"Lagavulin","floor":13,"turns":5},{"damage":19,"enemies":"Slime Boss","floor":16,"turns":9},{"damage":14,"enemies":"3 Byrds","floor":18,"turns":2},{"damage":22,"enemies":"Spheric Guardian","floor":21,"turns":5},{"damage":15,"enemies":"Colosseum Slavers","floor":22,"turns":3},{"damage":15,"enemies":"Colosseum Nobs","floor":22,"turns":3},{"damage":29,"enemies":"Slavers","floor":25,"turns":8},{"damage":15,"enemies":"Snake Plant","floor":28,"turns":5},{"damage":9,"enemies":"Snecko","floor":30,"turns":4},{"damage":0,"enemies":"Gremlin Leader","floor":31,"turns":6},{"damage":23,"enemies":"Champ","floor":33,"turns":9},{"damage":20,"enemies":"3 Darklings","floor":35,"turns":5},{"damage":8,"enemies":"3 Shapes","floor":37,"turns":3},{"damage":25,"enemies":"3 Darklings","floor":38,"turns":5},{"damage":33,"enemies":"Maw","floor":41,"turns":7},{"damage":55,"enemies":"Transient","floor":45,"turns":5}],"seed_played":"5643988723021710386","potions_obtained":[{"floor":8,"key":"Dexterity Potion"},{"floor":13,"key":"Strength Potion"},{"floor":22,"key":"SpeedPotion"},{"floor":25,"key":"Swift Potion"},{"floor":28,"key":"FearPotion"},{"floor":31,"key":"AttackPotion"},{"floor":35,"key":"Regen Potion"},{"floor":41,"key":"Energy Potion"}],"is_trial":false,"path_per_floor":["?","$","?","M","T","?","?","?","?","?","?"],"character_chosen":"DEFECT","items_purchased":["Skim","Chrysalis","Loop","Emotion Chip","Melter+1","Compile Driver+1","Turbo","Defragment"],"campfire_rested":6,"item_purchase_floors":[3,3,11,24,36,36,36,44],"current_hp_per_floor":[73,75,75,75,75,47,47,40,40,40,40,64,64,64,64,45,82,68,68,62,40,10,34,34,5,5,29,16,40,33,35,59,38,82,62,62,56,33,33,57,26,26,26,26,0],"gold":36,"neow_bonus":"HUNDRED_GOLD","is_prod":false,"is_daily":false,"chose_seed":false,"campfire_upgraded":2,"win_rate":0,"timestamp":1556865978,"path_taken":["M","?","?","?","?","E","R","M","T","?","$","R","E","?","R","BOSS","M","?","?","M","?","R","$","E","T","R","M","R","M","E","R","BOSS","M","$","M","M","?","R","M","?","T","$","M"],"build_version":"2019-01-23","purchased_purges":1,"victory":false,"max_hp_per_floor":[75,75,75,75,75,82,82,82,82,82,82,82,82,82,82,82,82,82,82,82,82,82,82,82,82,82,82,82,82,82,82,82,82,82,82,82,82,82,82,82,82,82,82,82,82],"card_choices":[{"not_picked":["Static Discharge","Turbo"],"picked":"Hologram","floor":1},{"not_picked":["Compile Driver","Barrage"],"picked":"Darkness","floor":5},{"not_picked":["Steam","Gash"],"picked":"Reboot","floor":6},{"not_picked":["Beam Cell","Leap","Reprogram"],"picked":"SKIP","floor":8},{"not_picked":["Compile Driver","All For One"],"picked":"Ball Lightning","floor":13},{"not_picked":["Core Surge","All For One"],"picked":"Creative AI","floor":16},{"not_picked":["Gash","Steam"],"picked":"Compile Driver","floor":18},{"not_picked":["Hologram+1","Streamline"],"picked":"BootSequence+1","floor":21},{"not_picked":["Gash+1","Rip and Tear"],"picked":"Aggregate","floor":22},{"not_picked":["Fusion+1","Loop+1"],"picked":"Sunder+1","floor":25},{"not_picked":["Go for the Eyes+1","Scrape+1"],"picked":"Leap+1","floor":28},{"not_picked":["Turbo","Streamline+1"],"picked":"Double Energy","floor":30},{"not_picked":["Static Discharge","Steam"],"picked":"Fusion","floor":31},{"not_picked":["Reboot","Multi-Cast"],"picked":"Machine Learning","floor":33},{"not_picked":["Streamline+1","Blizzard+1"],"picked":"Coolheaded+1","floor":35},{"not_picked":["Compile Driver+1","Turbo","Stack+1"],"picked":"SKIP","floor":37},{"not_picked":["Steam+1","Gash+1"],"picked":"Rebound+1","floor":38},{"not_picked":["Redo","Streamline+1"],"picked":"Steam Power","floor":41}],"player_experience":216295,"relics_obtained":[{"floor":6,"key":"Strawberry"},{"floor":9,"key":"Gremlin Horn"},{"floor":10,"key":"Potion Belt"},{"floor":13,"key":"Juzu Bracelet"},{"floor":22,"key":"Gambling Chip"},{"floor":22,"key":"Molten Egg 2"},{"floor":25,"key":"Blood Vial"},{"floor":26,"key":"The Courier"},{"floor":31,"key":"Shuriken"},{"floor":43,"key":"Mercury Hourglass"}],"event_choices":[{"damage_healed":2,"gold_gain":0,"player_choice":"Full Heal","damage_taken":0,"max_hp_gain":0,"max_hp_loss":0,"event_name":"Wheel of Change","floor":2,"gold_loss":0},{"cards_removed":["Strike_B"],"damage_healed":0,"gold_gain":0,"player_choice":"Offered Basic","damage_taken":0,"max_hp_gain":0,"max_hp_loss":0,"event_name":"Bonfire Elementals","floor":4,"gold_loss":0},{"damage_healed":0,"gold_gain":30,"player_choice":"Searched \u00273\u0027 times","damage_taken":0,"relics_obtained":["Bronze Scales"],"max_hp_gain":0,"max_hp_loss":0,"event_name":"Dead Adventurer","floor":14,"gold_loss":0},{"damage_healed":0,"gold_gain":0,"player_choice":"Ignored","damage_taken":0,"max_hp_gain":0,"max_hp_loss":0,"event_name":"Vampires","floor":19,"gold_loss":0},{"damage_healed":0,"gold_gain":0,"player_choice":"Joined the Cult","damage_taken":6,"max_hp_gain":0,"max_hp_loss":0,"event_name":"Nest","floor":20,"gold_loss":0,"cards_obtained":["RitualDagger"]},{"damage_healed":0,"gold_gain":0,"player_choice":"Fight","damage_taken":0,"max_hp_gain":0,"max_hp_loss":0,"event_name":"Colosseum","floor":22,"gold_loss":0},{"damage_healed":0,"gold_gain":0,"player_choice":"Fought Nobs","damage_taken":0,"max_hp_gain":0,"max_hp_loss":0,"event_name":"Colosseum","floor":22,"gold_loss":0},{"damage_healed":0,"gold_gain":0,"player_choice":"1 cards matched","damage_taken":0,"max_hp_gain":0,"max_hp_loss":0,"event_name":"Match and Keep!","floor":39,"gold_loss":0,"cards_obtained":["BootSequence"]},{"cards_removed":["BootSequence"],"damage_healed":0,"gold_gain":0,"player_choice":"Removed Skill","damage_taken":0,"max_hp_gain":0,"max_hp_loss":0,"event_name":"Falling","floor":42,"gold_loss":0}],"is_beta":false,"boss_relics":[{"not_picked":["Orrery","FrozenCore"],"picked":"Pandora\u0027s Box"},{"not_picked":["Runic Dome","Runic Pyramid"],"picked":"Cursed Key"}],"items_purged_floors":[44],"is_endless":false,"potions_floor_spawned":[8,13,22,22,25,28,31,35,41],"killed_by":"Transient","ascension_level":4}