{"gold_per_floor":[117,134,59,20,31,31,66,66,66,83,83,83,143,162,162,239,239,254,254,169,70,83,83,83],"floor_reached":24,"playtime":1484,"items_purged":["Strike_B"],"score":445,"play_id":"ca49f67f-a0b5-4b45-883a-c0c0b4c1931f","local_time":"20180916134143","is_ascension_mode":true,"campfire_choices":[{"data":"Barrage","floor":6.0,"key":"SMITH"},{"data":"Redo","floor":8.0,"key":"SMITH"},{"data":"Multi-Cast","floor":12.0,"key":"SMITH"},{"data":"Buffer","floor":23.0,"key":"SMITH"}],"neow_cost":"NONE","seed_source_timestamp":279538529277031,"circlet_count":0,"master_deck":["Strike_B","Defend_B","Defend_B+1","Defend_B","Defend_B+1","Zap","Dualcast","AscendersBane","Stack","Barrage+1","Doom and Gloom","Redo+1","Multi-Cast+1","Conserve Battery","Buffer+1","Hologram","Seek","Steam+1","Conserve Battery","Hologram+1"],"special_seed":0,"relics":["Cracked Core","ReplayFunnel","Gambling Chip","StoneCalendar","Tiny Chest","Ring of Chaos","Simple Rune"],"potions_floor_usage":[24],"damage_taken":[{"damage":7.0,"enemies":"Small Slimes","floor":1.0,"turns":3.0},{"damage":7.0,"enemies":"Jaw Worm","floor":2.0,"turns":3.0},{"damage":0.0,"enemies":"Cultist","floor":5.0,"turns":3.0},{"damage":21.0,"enemies":"Erikyupuro","floor":7.0,"turns":5.0},{"damage":0.0,"enemies":"Blue Slaver","floor":10.0,"turns":4.0},{"damage":18.0,"enemies":"Lagavulin","floor":13.0,"turns":4.0},{"damage":0.0,"enemies":"Looter","floor":14.0,"turns":4.0},{"damage":0.0,"enemies":"Hexaghost","floor":16.0,"turns":7.0},{"damage":10.0,"enemies":"Shell Parasite","floor":18.0,"turns":6.0},{"damage":23.0,"enemies":"Colosseum Slavers","floor":19.0,"turns":4.0},{"damage":0.0,"enemies":"Chosen","floor":22.0,"turns":3.0},{"damage":30,"enemies":"Slavers","floor":24,"turns":4}],"seed_played":"6120892915076345632","potions_obtained":[{"floor":1.0,"key":"SpeedPotion"},{"floor":7.0,"key":"Toxic Potion"},{"floor":10.0,"key":"PowerPotion"},{"floor":18.0,"key":"Ancient Potion"}],"is_trial":false,"path_per_floor":["M","M","?","$","M","R","E","R","T","M","?","R","E","M","?","B",null,"M","?","?","$","M","R"],"character_chosen":"DEFECT","items_purchased":["Doom and Gloom","Conserve Battery"],"campfire_rested":0,"item_purchase_floors":[4,21],"current_hp_per_floor":[57,50,50,50,50,50,29,29,29,29,29,29,11,11,11,11,56,46,23,23,23,23,23,0],"gold":83,"neow_bonus":"RANDOM_COMMON_RELIC","is_prod":false,"is_daily":false,"chose_seed":false,"campfire_upgraded":4,"win_rate":0,"timestamp":1537098103,"path_taken":["M","M","?","$","M","R","E","R","T","M","?","R","E","M","R","BOSS","M","?","?","$","M","R","E"],"build_version":"2018-09-06","purchased_purges":1,"victory":false,"max_hp_per_floor":[71,71,71,71,71,71,71,71,71,71,71,71,71,71,71,71,71,71,71,71,71,71,71,71],"card_choices":[{"not_picked":["ReplaySort","Fusion"],"picked":"Stack","floor":1.0},{"not_picked":["Hologram","Scrape"],"picked":"Barrage","floor":2.0},{"not_picked":["Beam Cell","Steam Power"],"picked":"Redo","floor":5.0},{"not_picked":["Blizzard","Compile Driver"],"picked":"Multi-Cast","floor":7.0},{"not_picked":["Turbo","Storm"],"picked":"Conserve Battery","floor":10.0},{"not_picked":["ReplayTheSpireMod:GoodbyeWorld","Gash"],"picked":"Buffer","floor":13.0},{"not_picked":["Coolheaded","Glacier"],"picked":"Hologram","floor":14.0},{"not_picked":["Meteor Strike","Thunder Strike"],"picked":"Seek","floor":16.0},{"not_picked":["Hologram+1","ReplayTheSpireMod:Repulse"],"picked":"Steam+1","floor":18.0},{"not_picked":["Recycle","Cold Snap"],"picked":"Hologram+1","floor":22.0}],"player_experience":1087866,"relics_obtained":[{"floor":7.0,"key":"Gambling Chip"},{"floor":9.0,"key":"StoneCalendar"},{"floor":13.0,"key":"Tiny Chest"}],"event_choices":[{"event_name":"The Cleric","player_choice":"Card Removal","floor":3.0,"damage_taken":0.0},{"event_name":"Bonfire Elementals","player_choice":"BASIC","floor":11.0,"damage_taken":0.0},{"event_name":"Scrap Ooze","player_choice":"unsuccessful","floor":15.0,"damage_taken":0.0},{"event_name":"Colosseum","player_choice":"Fight","floor":19.0,"damage_taken":0.0},{"event_name":"Colosseum","player_choice":"Fled From Nobs","floor":19.0,"damage_taken":0.0},{"event_name":"Addict","player_choice":"Obtained Relic","floor":20.0,"damage_taken":0.0}],"is_beta":false,"boss_relics":[{"not_picked":["Honey Jar","Kintsugi"],"picked":"Ring of Chaos"}],"items_purged_floors":[21],"is_endless":false,"potions_floor_spawned":[1,7,10,18],"killed_by":"Slavers","ascension_level":15}