{"gold_per_floor":[11,25,25,40,53,53,66,94,94,127,50,62,9,29,29,107,107,125,143,5,16,36,36,71,71,71,71,71,89,89,14,14,91,91,103,103,121,0,20,46,64,64,64,64,84,116,131,157,157,157,157,157,157,18,52,52],"floor_reached":56,"playtime":5480,"items_purged":["Strike_R","Strike_R"],"score":1967,"play_id":"60b4eb80-aff1-4c12-a670-dbb5b46a4568","local_time":"20190530233912","is_ascension_mode":true,"campfire_choices":[{"data":"Armaments","floor":6,"key":"SMITH"},{"floor":15,"key":"REST"},{"data":"Spot Weakness","floor":23,"key":"SMITH"},{"data":"Disarm","floor":27,"key":"SMITH"},{"data":"Impervious","floor":30,"key":"SMITH"},{"data":"Clothesline","floor":32,"key":"SMITH"},{"data":"Demon Form","floor":42,"key":"SMITH"},{"floor":44,"key":"RECALL"},{"floor":49,"key":"REST"},{"data":"Panacea","floor":53,"key":"SMITH"}],"neow_cost":"NO_GOLD","seed_source_timestamp":657857434979323,"circlet_count":0,"master_deck":["AscendersBane","Strike_R","Strike_R","Strike_R","Defend_R","Defend_R","Defend_R","Defend_R+1","Bash","Fiend Fire","Armaments+1","Clothesline+1","Disarm+1","Shockwave+1","Battle Trance","Offering","Cleave","Shrug It Off","Shrug It Off","Feed","Battle Trance","Reaper","Shrug It Off","Spot Weakness+1","Impervious+1","Reaper","Shrug It Off","Demon Form+1","Dark Shackles","Panacea+1","Shrug It Off+1","Shrug It Off+1","Finesse+1"],"relics":["Burning Blood","Singing Bowl","Blue Candle","War Paint","Mark of Pain","Calipers","Runic Pyramid","Red Mask","Toxic Egg 2","Frozen Egg 2","Charon\u0027s Ashes","Smiling Mask","Letter Opener"],"potions_floor_usage":[5,19,22,37,40,56,56],"damage_taken":[{"damage":2,"enemies":"Jaw Worm","floor":1,"turns":3},{"damage":2,"enemies":"Cultist","floor":2,"turns":4},{"damage":1,"enemies":"2 Louse","floor":4,"turns":4},{"damage":5,"enemies":"Gremlin Gang","floor":5,"turns":5},{"damage":21,"enemies":"Exordium Wildlife","floor":7,"turns":5},{"damage":21,"enemies":"Lagavulin","floor":8,"turns":7},{"damage":39,"enemies":"3 Sentries","floor":10,"turns":12},{"damage":13,"enemies":"Large Slime","floor":12,"turns":4},{"damage":1,"enemies":"Exordium Thugs","floor":14,"turns":5},{"damage":31,"enemies":"Slime Boss","floor":16,"turns":15},{"damage":10,"enemies":"Chosen","floor":18,"turns":7},{"damage":7,"enemies":"3 Byrds","floor":19,"turns":2},{"damage":27,"enemies":"Centurion and Healer","floor":21,"turns":8},{"damage":19,"enemies":"Shelled Parasite and Fungi","floor":22,"turns":8},{"damage":30,"enemies":"Book of Stabbing","floor":24,"turns":6},{"damage":5,"enemies":"Snake Plant","floor":29,"turns":7},{"damage":27,"enemies":"Champ","floor":33,"turns":19},{"damage":58,"enemies":"3 Shapes","floor":35,"turns":10},{"damage":58,"enemies":"3 Darklings","floor":37,"turns":7},{"damage":52,"enemies":"Jaw Worm Horde","floor":39,"turns":7},{"damage":47,"enemies":"Reptomancer","floor":40,"turns":5},{"damage":16,"enemies":"Maw","floor":41,"turns":10},{"damage":45,"enemies":"Transient","floor":45,"turns":6},{"damage":37,"enemies":"Nemesis","floor":46,"turns":9},{"damage":20,"enemies":"Spire Growth","floor":47,"turns":7},{"damage":146,"enemies":"Giant Head","floor":48,"turns":10},{"damage":36,"enemies":"Time Eater","floor":50,"turns":8},{"damage":29,"enemies":"Awakened One","floor":51,"turns":9},{"damage":103,"enemies":"Shield and Spear","floor":55,"turns":9},{"damage":80,"enemies":"The Heart","floor":56,"turns":6}],"seed_played":"9152520095735041035","potions_obtained":[{"floor":2,"key":"SneckoOil"},{"floor":4,"key":"LiquidBronze"},{"floor":8,"key":"BloodPotion"},{"floor":21,"key":"SteroidPotion"},{"floor":33,"key":"AttackPotion"},{"floor":37,"key":"SpeedPotion"},{"floor":40,"key":"Energy Potion"},{"floor":41,"key":"SpeedPotion"}],"is_trial":false,"path_per_floor":["M","M","?","M","M","R","M","E","T","E","$","M","$","M","R","B",null,"M","M","$","M","M","R","E","?","T","R","?","M","R","$","R","B",null,"M","?","M","?","M","E","M","R","T","R","M","E","M","E","R","B","B",null,"R","$","E","B"],"character_chosen":"IRONCLAD","items_purchased":["Offering","Shrug It Off","Reaper","Shrug It Off","Finesse+1"],"campfire_rested":2,"item_purchase_floors":[11,13,20,20,54],"current_hp_per_floor":[72,75,75,75,75,75,60,47,47,16,16,9,9,14,37,12,62,61,66,66,51,59,59,48,48,48,48,48,64,64,64,64,65,89,102,94,78,78,71,74,110,110,110,110,97,112,128,34,73,83,130,130,130,130,78,0],"gold":52,"neow_bonus":"THREE_RARE_CARDS","is_prod":false,"is_daily":false,"chose_seed":false,"campfire_upgraded":7,"win_rate":0,"timestamp":1559252352,"path_taken":["M","M","?","M","?","R","M","E","T","E","$","M","$","M","R","BOSS","M","M","?","M","?","R","E","?","T","R","?","?","R","$","R","BOSS","M","?","M","?","M","E","M","R","T","R","M","E","M","E","R","BOSS","BOSS","R","$","E","BOSS"],"build_version":"2019-01-23","purchased_purges":2,"victory":false,"max_hp_per_floor":[75,75,75,75,75,75,75,77,77,79,79,79,79,79,79,79,79,82,88,88,88,94,94,94,94,94,94,94,97,97,97,97,97,97,102,104,110,110,115,117,122,122,122,122,122,122,128,130,130,130,130,130,130,130,136,136],"card_choices":[{"not_picked":["Berserk","Double Tap"],"picked":"Fiend Fire","floor":0},{"not_picked":["Warcry","Perfected Strike"],"picked":"Armaments","floor":1},{"not_picked":["Armaments","Twin Strike"],"picked":"Clothesline","floor":2},{"not_picked":["Wild Strike","Sword Boomerang"],"picked":"Disarm","floor":4},{"not_picked":["Flex","Headbutt"],"picked":"Shockwave","floor":5},{"not_picked":["Dropkick","Cleave"],"picked":"Battle Trance","floor":7},{"not_picked":["Seeing Red","Flex","Intimidate"],"picked":"Singing Bowl","floor":8},{"not_picked":["Clothesline","Sentinel","Body Slam"],"picked":"Singing Bowl","floor":10},{"not_picked":["Wild Strike","Havoc"],"picked":"Cleave","floor":12},{"not_picked":["Pommel Strike","Whirlwind"],"picked":"Shrug It Off","floor":14},{"not_picked":["Barricade","Dark Embrace"],"picked":"Feed","floor":16},{"not_picked":["Perfected Strike","Wild Strike"],"picked":"Battle Trance","floor":18},{"not_picked":["Twin Strike","Clothesline","Warcry+1"],"picked":"Singing Bowl","floor":19},{"not_picked":["Sentinel","Perfected Strike"],"picked":"Spot Weakness","floor":21},{"not_picked":["Warcry","Infernal Blade","Pummel"],"picked":"Singing Bowl","floor":22},{"not_picked":["Burning Pact","Flex"],"picked":"Impervious","floor":24},{"not_picked":["Thunderclap+1","Pummel+1"],"picked":"Shrug It Off","floor":29},{"not_picked":["Reaper","Juggernaut"],"picked":"Demon Form","floor":33},{"not_picked":["Perfected Strike","Pommel Strike","Ghostly Armor"],"picked":"Singing Bowl","floor":35},{"not_picked":["Blind","Metamorphosis"],"picked":"Dark Shackles","floor":36},{"not_picked":["Metamorphosis","PanicButton","Swift Strike"],"picked":"Singing Bowl","floor":36},{"not_picked":["Enlightenment","Finesse"],"picked":"Panacea","floor":36},{"not_picked":["Havoc","Thunderclap+1","Armaments"],"picked":"Singing Bowl","floor":37},{"not_picked":["Twin Strike","Spot Weakness+1","Anger"],"picked":"Singing Bowl","floor":39},{"not_picked":["Headbutt","Anger","Sentinel"],"picked":"Singing Bowl","floor":40},{"not_picked":["Armaments+1","Limit Break+1","Whirlwind"],"picked":"Singing Bowl","floor":41},{"not_picked":["Wild Strike","Power Through+1"],"picked":"Shrug It Off+1","floor":45},{"not_picked":["Warcry+1","Body Slam"],"picked":"Shrug It Off+1","floor":46},{"not_picked":["Rampage","Headbutt+1","Cleave"],"picked":"Singing Bowl","floor":47},{"not_picked":["Infernal Blade+1","Sever Soul","Headbutt+1"],"picked":"Singing Bowl","floor":48},{"not_picked":["Sword Boomerang","Searing Blow","Brutality+1"],"picked":"Singing Bowl","floor":55}],"player_experience":1345079,"relics_obtained":[{"floor":8,"key":"Singing Bowl"},{"floor":9,"key":"Blue Candle"},{"floor":10,"key":"War Paint"},{"floor":24,"key":"Calipers"},{"floor":40,"key":"Toxic Egg 2"},{"floor":43,"key":"Frozen Egg 2"},{"floor":46,"key":"Charon\u0027s Ashes"},{"floor":48,"key":"Smiling Mask"},{"floor":55,"key":"Letter Opener"}],"event_choices":[{"damage_healed":0,"gold_gain":0,"player_choice":"Full Heal","damage_taken":0,"max_hp_gain":0,"max_hp_loss":0,"event_name":"Wheel of Change","floor":3,"gold_loss":0},{"damage_healed":0,"gold_gain":0,"player_choice":"Ignored","damage_taken":0,"max_hp_gain":0,"max_hp_loss":0,"event_name":"Beggar","floor":25,"gold_loss":0},{"damage_healed":0,"gold_gain":0,"player_choice":"Copied","damage_taken":0,"max_hp_gain":0,"max_hp_loss":0,"event_name":"Duplicator","floor":28,"gold_loss":0,"cards_obtained":["Reaper"]},{"damage_healed":0,"gold_gain":0,"player_choice":"Memory 3","damage_taken":10,"max_hp_gain":0,"max_hp_loss":0,"event_name":"SensoryStone","floor":36,"gold_loss":0},{"damage_healed":0,"gold_gain":0,"player_choice":"Paid","damage_taken":0,"relics_obtained":["Red Mask"],"max_hp_gain":0,"max_hp_loss":0,"event_name":"Tomb of Lord Red Mask","floor":38,"gold_loss":121}],"is_beta":false,"boss_relics":[{"not_picked":["Ectoplasm","Calling Bell"],"picked":"Mark of Pain"},{"not_picked":["Philosopher\u0027s Stone","Empty Cage"],"picked":"Runic Pyramid"}],"items_purged_floors":[31,54],"is_endless":false,"potions_floor_spawned":[2,4,8,16,18,21,33,37,40,41,47],"killed_by":"The Heart","ascension_level":20}