{"gold_per_floor":[110,110,110,127,127,144,144,144,144,164,183,201,215,229,229,353,353,339,339,339,360,24,60,60,83,83,83,103,103,134,147,147,267,267,280,304,19,42,42,58,58],"floor_reached":41,"playtime":4180,"items_purged":["Defend_G"],"score":479,"play_id":"53635326-6cdd-4c12-822c-044f76efc840","local_time":"20180922020152","is_ascension_mode":false,"campfire_choices":[{"data":"Crippling Poison","floor":8,"key":"SMITH"},{"floor":15,"key":"REST"},{"data":"Doppelganger","floor":24,"key":"SMITH"},{"data":"Distraction","floor":27,"key":"SMITH"},{"data":"Terror","floor":32,"key":"SMITH"}],"neow_cost":"","seed_source_timestamp":175321689037309,"circlet_count":0,"master_deck":["Defend_G","Defend_G","Survivor","Neutralize","Deadly Poison","Crippling Poison+1","Leg Sweep","Terror+1","Flying Knee","Backflip","Flying Knee","Distraction+1","Heel Hook","Doppelganger+1","Riddle With Holes+1","Blur+1","Deadly Poison","Bite","Bite","Bite","Bite","Bite","Slice+1","Distraction","Impatience","Coolheaded+1","Carnage","Conserve Battery","Cloak And Dagger+1","Envenom","Flash of Steel","Twin Strike+1","Finisher","Deadly Poison","Discovery","Ghostly Armor+1"],"relics":["Ring of the Snake","Golden Idol","Bag of Preparation","Astrolabe","Bronze Scales","PrismaticShard","Ancient Tea Set","Tingsha","Vajra","Gremlin Horn","Black Star","ClockworkSouvenir"],"potions_floor_usage":[16,16,23,33,33,33,40,40,41],"damage_taken":[{"damage":0,"enemies":"2 Louse","floor":1,"turns":3},{"damage":4,"enemies":"Small Slimes","floor":4,"turns":4},{"damage":6,"enemies":"Cultist","floor":6,"turns":4},{"damage":1,"enemies":"2 Fungi Beasts","floor":10,"turns":3},{"damage":6,"enemies":"Red Slaver","floor":11,"turns":3},{"damage":5,"enemies":"Looter","floor":12,"turns":3},{"damage":6,"enemies":"Gremlin Gang","floor":13,"turns":3},{"damage":1,"enemies":"Blue Slaver","floor":14,"turns":4},{"damage":22,"enemies":"Hexaghost","floor":16,"turns":10},{"damage":14,"enemies":"2 Thieves","floor":18,"turns":4},{"damage":16,"enemies":"Shell Parasite","floor":21,"turns":5},{"damage":7,"enemies":"Slavers","floor":23,"turns":5},{"damage":3,"enemies":"Snecko","floor":25,"turns":4},{"damage":6,"enemies":"Centurion and Healer","floor":28,"turns":5},{"damage":13,"enemies":"Book of Stabbing","floor":30,"turns":4},{"damage":4,"enemies":"Cultist and Chosen","floor":31,"turns":4},{"damage":28,"enemies":"Automaton","floor":33,"turns":9},{"damage":6,"enemies":"Orb Walker","floor":35,"turns":3},{"damage":43,"enemies":"3 Darklings","floor":36,"turns":7},{"damage":13,"enemies":"Transient","floor":38,"turns":5},{"damage":9,"enemies":"Reptomancer","floor":40,"turns":5},{"damage":15,"enemies":"3 Darklings","floor":41,"turns":5}],"seed_played":"8139478903729503435","potions_obtained":[{"floor":4,"key":"SneckoOil"},{"floor":10,"key":"Weak Potion"},{"floor":12,"key":"Strength Potion"},{"floor":13,"key":"Ancient Potion"},{"floor":14,"key":"SkillPotion"},{"floor":21,"key":"PowerPotion"},{"floor":28,"key":"AttackPotion"},{"floor":31,"key":"Energy Potion"},{"floor":33,"key":"Weak Potion"},{"floor":35,"key":"Dexterity Potion"},{"floor":38,"key":"Weak Potion"}],"is_trial":false,"path_per_floor":["M","?","?","M","?","M","?","R","T","M","M","M","M","M","R","B",null,"M","T","?","M","$","E","R","M","T","R","M","?","E","M","R","B",null,"M","M","$","M","?","M"],"character_chosen":"THE_SILENT","items_purchased":["PrismaticShard","Distraction","ClockworkSouvenir","Finisher","Deadly Poison"],"campfire_rested":1,"item_purchase_floors":[22,22,37,37,37],"current_hp_per_floor":[70,70,70,66,66,60,43,43,43,42,36,31,25,24,45,23,70,56,56,49,35,35,34,34,35,35,35,39,39,28,32,32,18,49,47,14,14,7,7,6,0],"gold":58,"neow_bonus":"","is_prod":false,"is_daily":false,"chose_seed":false,"campfire_upgraded":4,"win_rate":0.0,"timestamp":1537596112,"path_taken":["M","?","?","?","?","M","?","R","T","?","?","M","?","M","R","BOSS","M","?","?","M","$","E","R","M","T","R","M","?","E","?","R","BOSS","M","M","$","M","?","M","M"],"build_version":"2018-09-06","purchased_purges":1,"victory":false,"max_hp_per_floor":[70,70,70,70,70,70,70,70,70,70,70,70,70,70,70,70,70,70,70,49,49,49,49,49,49,49,49,49,49,49,49,49,49,49,49,49,49,49,49,49,49],"card_choices":[{"not_picked":["Blade Dance","Deflect"],"picked":"Deadly Poison","floor":1},{"not_picked":["Deflect","PiercingWail"],"picked":"Crippling Poison","floor":4},{"not_picked":["Quick Slash","Flying Knee"],"picked":"Terror","floor":6},{"not_picked":["Distraction","Backstab"],"picked":"Flying Knee","floor":10},{"not_picked":["Slice","Sucker Punch"],"picked":"Backflip","floor":11},{"not_picked":["Backflip","Well Laid Plans"],"picked":"Flying Knee","floor":12},{"not_picked":["Riddle With Holes","Quick Slash"],"picked":"Distraction","floor":13},{"not_picked":["Bouncing Flask","Adrenaline"],"picked":"Heel Hook","floor":14},{"not_picked":["Glass Knife","Night Terror"],"picked":"Doppelganger","floor":16},{"not_picked":["Escape Plan+1","Dash"],"picked":"Deadly Poison","floor":18},{"not_picked":["Sucker Punch","Endless Agony"],"picked":"Slice+1","floor":21},{"not_picked":["Sucker Punch","Deflect+1"],"picked":"Impatience","floor":23},{"not_picked":["Seeing Red","Blind"],"picked":"Coolheaded+1","floor":25},{"not_picked":["Dark Shackles","Core Surge"],"picked":"Carnage","floor":28},{"not_picked":["Pummel","Entrench+1"],"picked":"Conserve Battery","floor":30},{"not_picked":["Barrage","Recycle"],"picked":"Cloak And Dagger+1","floor":31},{"not_picked":["Secret Technique","Berserk"],"picked":"Envenom","floor":33},{"not_picked":["Warcry","Stack"],"picked":"Flash of Steel","floor":35},{"not_picked":["Force Field","Compile Driver"],"picked":"Twin Strike+1","floor":36},{"not_picked":["Headbutt","Leap"],"picked":"Discovery","floor":38},{"not_picked":["Prepared+1","Streamline+1"],"picked":"Ghostly Armor+1","floor":40}],"player_experience":28080,"relics_obtained":[{"floor":9,"key":"Bag of Preparation"},{"floor":19,"key":"Bronze Scales"},{"floor":23,"key":"Ancient Tea Set"},{"floor":26,"key":"Tingsha"},{"floor":30,"key":"Gremlin Horn"}],"event_choices":[{"event_name":"Liars Game","player_choice":"disagreed","floor":2,"damage_taken":0},{"event_name":"Wheel of Change","player_choice":"Full Heal","floor":3,"damage_taken":0},{"event_name":"Living Wall","player_choice":"Change","floor":5,"damage_taken":0},{"event_name":"Golden Idol","player_choice":"Take Damage","floor":7,"damage_taken":0},{"event_name":"Vampires","player_choice":"Became a vampire","floor":20,"damage_taken":0},{"event_name":"The Mausoleum","player_choice":"Yes","floor":29,"damage_taken":0},{"event_name":"Falling","player_choice":"Removed Power","floor":39,"damage_taken":0}],"is_beta":false,"boss_relics":[{"not_picked":["Runic Pyramid","Coffee Dripper"],"picked":"Astrolabe"},{"not_picked":["Calling Bell","Empty Cage"],"picked":"Black Star"}],"items_purged_floors":[22],"is_endless":false,"potions_floor_spawned":[4,10,12,13,14,21,28,31,33,35,38],"killed_by":"3 Darklings","ascension_level":0}