{"gold_per_floor":[117,117,135,85,97,129,140,174,174,174,174,349,349,349,349,349],"floor_reached":16,"playtime":854,"items_purged":[],"score":113,"play_id":"69012919-e81a-4a07-bc02-f9857f2535b9","local_time":"20181009033655","is_ascension_mode":true,"campfire_choices":[{"floor":10,"key":"REST"},{"floor":13,"key":"REST"},{"data":"Consume","floor":15,"key":"SMITH"}],"neow_cost":"NONE","seed_source_timestamp":481829913109470,"circlet_count":0,"master_deck":["Strike_B","Strike_B","Strike_B","Defend_B","Defend_B","Defend_B","Zap","Dualcast+1","Consume+1","Genetic Algorithm","Ball Lightning","BootSequence","Sunder","Sweeping Beam","Doubt"],"relics":["Cracked Core","Vajra","Bag of Preparation","Juzu Bracelet","Letter Opener"],"potions_floor_usage":[16],"damage_taken":[{"damage":3,"enemies":"Jaw Worm","floor":1,"turns":3},{"damage":0,"enemies":"Small Slimes","floor":3,"turns":3},{"damage":5,"enemies":"Cultist","floor":5,"turns":3},{"damage":28,"enemies":"Lagavulin","floor":6,"turns":5},{"damage":1,"enemies":"Exordium Wildlife","floor":7,"turns":3},{"damage":17,"enemies":"Gremlin Nob","floor":8,"turns":4},{"damage":59,"enemies":"The Guardian","floor":16,"turns":9}],"seed_played":"2120053477337528231","potions_obtained":[{"floor":7,"key":"Weak Potion"},{"floor":8,"key":"Strength Potion"}],"is_trial":false,"path_per_floor":["M","?","M","?","M","E","M","E","T","R","?","?","R","?","R"],"character_chosen":"DEFECT","items_purchased":[],"campfire_rested":2,"item_purchase_floors":[],"current_hp_per_floor":[72,65,65,65,60,32,31,14,14,36,11,11,33,58,58,0],"gold":349,"neow_bonus":"UPGRADE_CARD","is_prod":false,"is_daily":false,"chose_seed":false,"campfire_upgraded":1,"win_rate":0,"timestamp":1539070615,"path_taken":["M","?","M","?","M","E","M","E","T","R","?","?","R","?","R","BOSS"],"build_version":"2018-09-06","purchased_purges":0,"victory":false,"max_hp_per_floor":[75,75,75,75,75,75,75,75,75,75,75,75,75,75,75,75],"card_choices":[{"not_picked":["Steam","Gash"],"picked":"Consume","floor":1},{"not_picked":["Turbo","Leap"],"picked":"Genetic Algorithm","floor":3},{"not_picked":["Barrage","Redo"],"picked":"Ball Lightning","floor":5},{"not_picked":["Go for the Eyes","Consume"],"picked":"BootSequence","floor":6},{"not_picked":["Genetic Algorithm","Redo"],"picked":"Sunder","floor":7},{"not_picked":["Lockon","Multi-Cast"],"picked":"Sweeping Beam","floor":8}],"player_experience":77091,"relics_obtained":[{"floor":6,"key":"Vajra"},{"floor":8,"key":"Bag of Preparation"},{"floor":9,"key":"Juzu Bracelet"}],"event_choices":[{"event_name":"Golden Wing","player_choice":"Card Removal","floor":2,"damage_taken":0},{"event_name":"The Cleric","player_choice":"Card Removal","floor":4,"damage_taken":0},{"event_name":"Scrap Ooze","player_choice":"success","floor":11,"damage_taken":25},{"event_name":"Liars Game","player_choice":"agreed","floor":12,"damage_taken":0},{"event_name":"Big Fish","player_choice":"Banana","floor":14,"damage_taken":0}],"is_beta":false,"boss_relics":[],"items_purged_floors":[],"is_endless":false,"potions_floor_spawned":[7,8],"killed_by":"The Guardian","ascension_level":1}