{"gold_per_floor":[117,130,141,160,109,109,141,141,141,174,185,76,76,90,90,193,193,164,176,176,176,8,8,8,8,8,25,25,43,43,69,69,171,171,190,190,290,308,177,177,197,197,221,252,272,137,152,165,165,165],"floor_reached":50,"playtime":6621,"items_purged":["Strike_G"],"score":529,"play_id":"a8995877-b383-4d51-b59f-3e0a9f76d303","local_time":"20190228002037","is_ascension_mode":true,"campfire_choices":[{"floor":6,"key":"REST"},{"data":"Infinite Blades","floor":8,"key":"SMITH"},{"floor":13,"key":"REST"},{"data":"Footwork","floor":15,"key":"SMITH"},{"floor":23,"key":"REST"},{"floor":25,"key":"REST"},{"floor":30,"key":"REST"},{"floor":32,"key":"REST"},{"floor":40,"key":"REST"},{"floor":49,"key":"REST"}],"neow_cost":"NONE","seed_source_timestamp":0,"circlet_count":0,"master_deck":["Defend_G","Defend_G+1","Defend_G","Defend_G+1","Strike_G","Strike_G","Strike_G","Survivor","Neutralize","Infinite Blades+1","Backflip","Quick Slash","Dagger Spray","Tools of the Trade","Footwork+1","Infinite Blades","Blade Dance","Footwork+1","Apotheosis+1","Envenom","Distraction+1","Finesse","Accuracy","Flash of Steel","Prepared+1"],"special_seed":0,"relics":["Ring of the Snake","Boot","Oddly Smooth Stone","Blue Candle","Black Star","Regal Pillow","Kunai","War Paint","Busted Crown","Torii","Pocketwatch","Bottled Lightning"],"potions_floor_usage":[7,10,18,20,41,45,50,50],"damage_taken":[{"damage":0,"enemies":"Cultist","floor":1,"turns":5},{"damage":1,"enemies":"2 Louse","floor":2,"turns":3},{"damage":0,"enemies":"Small Slimes","floor":3,"turns":4},{"damage":23,"enemies":"Gremlin Gang","floor":4,"turns":9},{"damage":16,"enemies":"Lagavulin","floor":7,"turns":8},{"damage":20,"enemies":"Gremlin Nob","floor":10,"turns":4},{"damage":0,"enemies":"Red Slaver","floor":11,"turns":4},{"damage":1,"enemies":"Looter","floor":14,"turns":4},{"damage":18,"enemies":"The Guardian","floor":16,"turns":14},{"damage":16,"enemies":"2 Thieves","floor":18,"turns":5},{"damage":37,"enemies":"Spheric Guardian","floor":19,"turns":8},{"damage":14,"enemies":"Chosen and Byrds","floor":20,"turns":5},{"damage":7,"enemies":"Snecko","floor":27,"turns":8},{"damage":13,"enemies":"Cultist and Chosen","floor":29,"turns":8},{"damage":26,"enemies":"Book of Stabbing","floor":31,"turns":7},{"damage":35,"enemies":"Automaton","floor":33,"turns":15},{"damage":19,"enemies":"3 Shapes","floor":35,"turns":6},{"damage":10,"enemies":"Mind Bloom Boss Battle","floor":37,"turns":8},{"damage":1,"enemies":"Orb Walker","floor":38,"turns":5},{"damage":9,"enemies":"Maw","floor":41,"turns":6},{"damage":11,"enemies":"Nemesis","floor":44,"turns":7},{"damage":1,"enemies":"4 Shapes","floor":45,"turns":6},{"damage":0,"enemies":"Spire Growth","floor":47,"turns":5},{"damage":1,"enemies":"Transient","floor":48,"turns":5},{"damage":74,"enemies":"Time Eater","floor":50,"turns":12}],"seed_played":"7670172654118217941","potions_obtained":[{"floor":3,"key":"SteroidPotion"},{"floor":7,"key":"AttackPotion"},{"floor":16,"key":"AttackPotion"},{"floor":19,"key":"SmokeBomb"},{"floor":37,"key":"Weak Potion"},{"floor":38,"key":"Poison Potion"},{"floor":41,"key":"SpeedPotion"},{"floor":48,"key":"SkillPotion"}],"is_trial":false,"path_per_floor":["M","M","M","M","$","R","E","R","T","E","M","$","R","M","R","B",null,"M","M","M","?","$","R","?","R","T","M","?","M","R","E","R","B",null,"M","?","?","M","$","R","M","?","T","E","M","$","M","M","R","B"],"character_chosen":"THE_SILENT","items_purchased":["Quick Slash","Footwork","Apotheosis","Accuracy","Strength Potion","Block Potion","Flash of Steel"],"campfire_rested":8,"item_purchase_floors":[5,12,22,39,39,46,46],"current_hp_per_floor":[70,69,69,46,46,67,51,51,51,31,31,31,52,51,51,33,70,54,17,3,3,3,24,24,45,45,38,38,25,61,35,70,35,70,51,51,41,40,40,70,61,61,61,50,49,49,49,48,70,0],"gold":165,"neow_bonus":"REMOVE_CARD","is_prod":false,"is_daily":false,"chose_seed":false,"campfire_upgraded":2,"win_rate":0,"timestamp":1551342037,"path_taken":["M","M","M","M","$","R","E","R","T","E","?","$","R","M","R","BOSS","M","M","M","?","?","R","?","R","T","M","?","?","R","E","R","BOSS","M","?","?","M","$","R","M","?","T","E","M","$","M","M","R","BOSS"],"build_version":"2019-01-23","purchased_purges":1,"victory":false,"max_hp_per_floor":[70,70,70,70,70,70,70,70,70,70,70,70,70,70,70,70,70,70,70,70,70,70,70,70,70,70,70,70,70,70,70,70,70,70,70,70,70,70,70,70,70,70,70,70,70,70,70,70,70,70],"card_choices":[{"not_picked":["Slice","Accuracy","Underhanded Strike"],"picked":"SKIP","floor":1},{"not_picked":["Slice","Terror"],"picked":"Infinite Blades","floor":2},{"not_picked":["Poisoned Stab","Dodge and Roll","Venomology"],"picked":"SKIP","floor":3},{"not_picked":["Dash","Underhanded Strike"],"picked":"Backflip","floor":4},{"not_picked":["Crippling Poison","Infinite Blades"],"picked":"Dagger Spray","floor":7},{"not_picked":["Dash","Slice"],"picked":"Tools of the Trade","floor":10},{"not_picked":["Dash","Acrobatics","Flying Knee"],"picked":"SKIP","floor":11},{"not_picked":["PiercingWail","Poisoned Stab"],"picked":"Infinite Blades","floor":14},{"not_picked":["Dagger Throw","Catalyst+1"],"picked":"Blade Dance","floor":18},{"not_picked":["Underhanded Strike","Sucker Punch","Prepared"],"picked":"SKIP","floor":19},{"not_picked":["Calculated Gamble","Backflip","Sucker Punch"],"picked":"SKIP","floor":27},{"not_picked":["Bane+1","Acrobatics+1","Prepared"],"picked":"SKIP","floor":29},{"not_picked":["Calculated Gamble","Cloak And Dagger","Slice+1"],"picked":"SKIP","floor":31},{"not_picked":["Adrenaline","Wraith Form v2"],"picked":"Envenom","floor":33},{"not_picked":[],"picked":"Distraction+1","floor":35},{"not_picked":[],"picked":"Finesse","floor":36},{"not_picked":["Cloak And Dagger+1"],"picked":"SKIP","floor":38},{"not_picked":["Slice+1"],"picked":"SKIP","floor":41},{"not_picked":["Outmaneuver"],"picked":"SKIP","floor":44},{"not_picked":["Acrobatics+1"],"picked":"SKIP","floor":45},{"not_picked":["Eviscerate+1"],"picked":"SKIP","floor":47},{"not_picked":[],"picked":"Prepared+1","floor":48}],"player_experience":112935,"relics_obtained":[{"floor":7,"key":"Boot"},{"floor":9,"key":"Oddly Smooth Stone"},{"floor":10,"key":"Blue Candle"},{"floor":26,"key":"Regal Pillow"},{"floor":31,"key":"Kunai"},{"floor":31,"key":"War Paint"},{"floor":37,"key":"Torii"},{"floor":44,"key":"Pocketwatch"},{"floor":44,"key":"Bottled Lightning"}],"event_choices":[{"damage_healed":0,"gold_gain":0,"player_choice":"Copied","damage_taken":0,"max_hp_gain":0,"max_hp_loss":0,"event_name":"Duplicator","floor":21,"gold_loss":0,"cards_obtained":["Footwork"]},{"cards_removed":["Strike_G"],"damage_healed":0,"gold_gain":0,"player_choice":"Elegance","damage_taken":0,"max_hp_gain":0,"max_hp_loss":0,"event_name":"Back to Basics","floor":24,"gold_loss":0},{"damage_healed":0,"gold_gain":0,"player_choice":"Upgraded","damage_taken":0,"max_hp_gain":0,"max_hp_loss":0,"event_name":"Upgrade Shrine","floor":28,"gold_loss":0,"cards_upgraded":["Apotheosis"]},{"damage_healed":0,"gold_gain":0,"player_choice":"Memory 1","damage_taken":0,"max_hp_gain":0,"max_hp_loss":0,"event_name":"SensoryStone","floor":36,"gold_loss":0},{"damage_healed":0,"gold_gain":0,"player_choice":"Fight","damage_taken":0,"max_hp_gain":0,"max_hp_loss":0,"event_name":"MindBloom","floor":37,"gold_loss":0},{"damage_healed":0,"gold_gain":0,"player_choice":"Ignored","damage_taken":0,"max_hp_gain":0,"max_hp_loss":0,"event_name":"Mysterious Sphere","floor":42,"gold_loss":0}],"is_beta":false,"boss_relics":[{"not_picked":["Empty Cage","Calling Bell"],"picked":"Black Star"},{"not_picked":["Lizard Tail","Coffee Dripper"],"picked":"Busted Crown"}],"items_purged_floors":[12],"is_endless":false,"potions_floor_spawned":[3,7,16,19,20,37,38,41,48],"killed_by":"Time Eater","ascension_level":1}