{"gold_per_floor":[117,128,145,145,40,40,40,40,40,59,77,87,87,103,103,203,203,176,194,194],"floor_reached":20,"playtime":1615,"items_purged":[],"score":193,"play_id":"d13305b1-d6aa-48a1-a5c0-4a1771fdca25","local_time":"20190524144225","is_ascension_mode":false,"campfire_choices":[{"data":"Chaos","floor":6,"key":"SMITH"},{"data":"Conserve Battery","floor":8,"key":"SMITH"},{"data":"Strike_B","floor":13,"key":"SMITH"},{"floor":15,"key":"REST"}],"neow_cost":"NONE","seed_source_timestamp":75700668545336,"circlet_count":0,"master_deck":["Strike_B","Strike_B","Strike_B+1","Defend_B","Defend_B","Defend_B","Defend_B","Zap","Dualcast","Conserve Battery+1","Fusion","Chaos+1","Cold Snap","Core Surge","Writhe","Regret","Parasite"],"relics":["Busted Crown","Calling Bell","Strawberry","Sundial","Mango"],"potions_floor_usage":[16,16,19],"damage_taken":[{"damage":5,"enemies":"Small Slimes","floor":1,"turns":4},{"damage":7,"enemies":"Jaw Worm","floor":2,"turns":4},{"damage":1,"enemies":"Cultist","floor":3,"turns":4},{"damage":14,"enemies":"Blue Slaver","floor":10,"turns":5},{"damage":3,"enemies":"3 Louse","floor":11,"turns":4},{"damage":10,"enemies":"Looter","floor":12,"turns":3},{"damage":2,"enemies":"Blue Slaver","floor":14,"turns":3},{"damage":44,"enemies":"The Guardian","floor":16,"turns":13},{"damage":29,"enemies":"2 Thieves","floor":18,"turns":5},{"damage":23,"enemies":"3 Byrds","floor":19,"turns":8},{"damage":47,"enemies":"Centurion and Healer","floor":20,"turns":7}],"seed_played":"4152950260199074168","potions_obtained":[{"floor":12,"key":"Swift Potion"},{"floor":14,"key":"LiquidBronze"},{"floor":18,"key":"Block Potion"},{"floor":19,"key":"Swift Potion"}],"is_trial":false,"path_per_floor":["M","M","M","?","$","R","?","R","T","M","M","M","R","M","R","B",null,"M","M","M"],"character_chosen":"DEFECT","items_purchased":["Fusion","Chaos"],"campfire_rested":1,"item_purchase_floors":[5,5],"current_hp_per_floor":[70,63,62,62,62,62,62,62,62,48,45,35,35,33,55,11,96,67,44,0],"gold":194,"neow_bonus":"BOSS_RELIC","is_prod":false,"is_daily":false,"chose_seed":false,"campfire_upgraded":3,"win_rate":0,"timestamp":1558719745,"path_taken":["M","M","M","?","$","R","?","R","T","M","M","?","R","M","R","BOSS","M","M","M"],"build_version":"2019-01-23","purchased_purges":0,"victory":false,"max_hp_per_floor":[75,75,75,75,75,75,75,75,75,75,75,75,75,75,75,75,96,96,96,96],"card_choices":[{"not_picked":["Gash"],"picked":"SKIP","floor":1},{"not_picked":[],"picked":"Conserve Battery","floor":2},{"not_picked":["Barrage"],"picked":"SKIP","floor":3},{"not_picked":[],"picked":"Cold Snap","floor":10},{"not_picked":["Blizzard"],"picked":"SKIP","floor":11},{"not_picked":["Gash"],"picked":"SKIP","floor":12},{"not_picked":["Steam"],"picked":"SKIP","floor":14},{"not_picked":[],"picked":"Core Surge","floor":16},{"not_picked":["Recycle"],"picked":"SKIP","floor":18},{"not_picked":["Barrage"],"picked":"SKIP","floor":19}],"player_experience":139452,"relics_obtained":[{"floor":17,"key":"Strawberry"},{"floor":17,"key":"Sundial"},{"floor":17,"key":"Mango"}],"event_choices":[{"damage_healed":0,"gold_gain":0,"player_choice":"Ignored","damage_taken":0,"max_hp_gain":0,"max_hp_loss":0,"event_name":"Golden Wing","floor":4,"gold_loss":0},{"cards_removed":["Strike_B"],"damage_healed":0,"gold_gain":0,"player_choice":"Offered Basic","damage_taken":0,"max_hp_gain":0,"max_hp_loss":0,"event_name":"Bonfire Elementals","floor":7,"gold_loss":0}],"is_beta":false,"boss_relics":[{"not_picked":["Tiny House","Sozu"],"picked":"Calling Bell"}],"items_purged_floors":[],"is_endless":false,"potions_floor_spawned":[12,14,18,19],"killed_by":"Centurion and Healer","ascension_level":0}