{"gold_per_floor":[109,181,199,199,214,214,214,234,289,317,20,48,48,61,61,161,161,179,179,192,208,108,108,108,123,123,135,135,135,6,39,39,39],"floor_reached":33,"playtime":4478,"items_purged":[],"score":355,"play_id":"11fbbfe6-233f-47ca-8c6d-2c40e65586de","local_time":"20181121170218","is_ascension_mode":true,"campfire_choices":[{"data":"Shockwave","floor":6,"key":"SMITH"},{"data":"True Grit","floor":13,"key":"SMITH"},{"floor":15,"key":"REST"},{"data":"Uppercut","floor":24,"key":"SMITH"},{"floor":32,"key":"REST"}],"neow_cost":"NONE","seed_source_timestamp":610494273714064,"circlet_count":0,"master_deck":["Strike_R","Strike_R","Strike_R","Strike_R","Defend_R","Defend_R","Defend_R","Defend_R+1","Bash","Hemokinesis+1","Shockwave+1","Infernal Blade","Clothesline","Pommel Strike","True Grit+1","Shrug It Off","Shrug It Off","Clothesline","Offering","Feel No Pain","Ghostly","Ghostly","Ghostly","Ghostly","Ghostly","True Grit+1","Uppercut+1","Sadistic Nature","Reaper","Inflame","Havoc+1","Disarm","Metallicize"],"relics":["Burning Blood","Pen Nib","Tiny Chest","Art of War","Membership Card","Bag of Marbles","Strawberry","Mark of Pain","Question Card","Vajra","Self Forming Clay","Lantern","Omamori"],"potions_floor_usage":[16,31,31,33,33],"damage_taken":[{"damage":3,"enemies":"2 Louse","floor":1,"turns":2},{"damage":3,"enemies":"Small Slimes","floor":3,"turns":3},{"damage":2,"enemies":"Cultist","floor":5,"turns":3},{"damage":24,"enemies":"Exordium Thugs","floor":8,"turns":3},{"damage":14,"enemies":"Gremlin Nob","floor":10,"turns":3},{"damage":22,"enemies":"3 Sentries","floor":12,"turns":8},{"damage":0,"enemies":"2 Fungi Beasts","floor":14,"turns":3},{"damage":40,"enemies":"The Guardian","floor":16,"turns":13},{"damage":6,"enemies":"3 Byrds","floor":18,"turns":5},{"damage":1,"enemies":"Shell Parasite","floor":20,"turns":6},{"damage":15,"enemies":"Centurion and Healer","floor":21,"turns":6},{"damage":16,"enemies":"Chosen and Byrds","floor":25,"turns":8},{"damage":18,"enemies":"Snecko","floor":27,"turns":5},{"damage":22,"enemies":"Gremlin Leader","floor":31,"turns":7},{"damage":56,"enemies":"Collector","floor":33,"turns":12}],"seed_played":"-5322987329631249731","potions_obtained":[{"floor":1,"key":"Block Potion"},{"floor":5,"key":"SkillPotion"},{"floor":8,"key":"Strength Potion"},{"floor":10,"key":"Fire Potion"},{"floor":16,"key":"SkillPotion"},{"floor":31,"key":"Poison Potion"}],"is_trial":false,"path_per_floor":["M","?","M","?","M","R","?","M","T","E","$","E","R","M","R","B",null,"M","?","M","M","$","?","R","M","T","M","T","T","$","E","R","B"],"character_chosen":"IRONCLAD","items_purchased":["Shrug It Off","Membership Card","Bag of Marbles","Uppercut","Sadistic Nature","Disarm","Metallicize","Lantern"],"campfire_rested":2,"item_purchase_floors":[11,11,11,22,22,30,30,30],"current_hp_per_floor":[80,80,80,64,68,68,68,50,50,42,42,33,33,39,65,31,87,87,43,43,34,34,34,34,33,33,30,30,30,30,19,31,0],"gold":39,"neow_bonus":"TRANSFORM_CARD","is_prod":false,"is_daily":false,"chose_seed":false,"campfire_upgraded":3,"win_rate":0,"timestamp":1542837738,"path_taken":["M","?","M","?","M","R","?","?","T","E","?","E","R","M","R","BOSS","M","?","M","M","$","?","R","M","T","M","?","?","$","E","R","BOSS"],"build_version":"2018-11-15","purchased_purges":0,"victory":false,"max_hp_per_floor":[80,80,80,80,80,80,80,80,80,80,80,87,87,87,87,87,87,87,43,43,43,43,43,43,43,43,43,43,43,43,43,43,43],"card_choices":[{"not_picked":["Reckless Charge","Twin Strike"],"picked":"Shockwave","floor":1},{"not_picked":["Bloodletting","Twin Strike"],"picked":"Infernal Blade","floor":3},{"not_picked":["Headbutt","Sentinel"],"picked":"Clothesline","floor":5},{"not_picked":["Cleave","Rage"],"picked":"Pommel Strike","floor":8},{"not_picked":["Havoc","Bloodletting"],"picked":"True Grit","floor":10},{"not_picked":["Sentinel","Dual Wield"],"picked":"Shrug It Off","floor":12},{"not_picked":["Sever Soul","Fire Breathing"],"picked":"Clothesline","floor":14},{"not_picked":["Exhume","Bludgeon"],"picked":"Offering","floor":16},{"not_picked":["Reckless Charge","Twin Strike"],"picked":"Feel No Pain","floor":18},{"not_picked":["Rupture","Flame Barrier+1"],"picked":"True Grit+1","floor":20},{"not_picked":["Wild Strike","Sword Boomerang","Clash"],"picked":"SKIP","floor":21},{"not_picked":["True Grit","Armaments"],"picked":"Inflame","floor":25},{"not_picked":["Twin Strike+1","Reckless Charge","Intimidate"],"picked":"Havoc+1","floor":27},{"not_picked":["Sword Boomerang+1","Iron Wave","Cleave","Intimidate"],"picked":"SKIP","floor":31}],"player_experience":138585,"relics_obtained":[{"floor":9,"key":"Tiny Chest"},{"floor":10,"key":"Art of War"},{"floor":12,"key":"Strawberry"},{"floor":26,"key":"Question Card"},{"floor":28,"key":"Vajra"},{"floor":29,"key":"Self Forming Clay"},{"floor":31,"key":"Omamori"}],"event_choices":[{"damage_healed":0,"gold_gain":72,"player_choice":"Gained Gold","damage_taken":0,"max_hp_gain":0,"max_hp_loss":0,"event_name":"Golden Wing","floor":2,"gold_loss":0},{"damage_healed":0,"gold_gain":0,"player_choice":"Entered Light","damage_taken":16,"max_hp_gain":0,"max_hp_loss":0,"event_name":"Shining Light","floor":4,"gold_loss":0,"cards_upgraded":["Hemokinesis","Defend_R"]},{"damage_healed":0,"gold_gain":0,"player_choice":"Gave Potion","damage_taken":0,"relics_obtained":["Pen Nib"],"max_hp_gain":0,"max_hp_loss":0,"event_name":"WeMeetAgain","floor":7,"gold_loss":0},{"damage_healed":0,"gold_gain":0,"player_choice":"Became a Ghost","damage_taken":0,"max_hp_gain":0,"max_hp_loss":44,"event_name":"Ghosts","floor":19,"gold_loss":0,"cards_obtained":["Ghostly","Ghostly","Ghostly","Ghostly","Ghostly"]},{"damage_healed":0,"gold_gain":0,"player_choice":"Read","damage_taken":0,"max_hp_gain":0,"max_hp_loss":0,"event_name":"The Library","floor":23,"gold_loss":0,"cards_obtained":["Reaper"]}],"is_beta":false,"boss_relics":[{"not_picked":["White Beast Statue","Ectoplasm"],"picked":"Mark of Pain"}],"items_purged_floors":[],"is_endless":false,"potions_floor_spawned":[1,5,8,10,16,18,31],"killed_by":"Collector","ascension_level":4}