{"gold_per_floor":[111,124,141,316,329,363,378,391,391,391,425,403,417,427,427,530,530,548,577,596,185,185,196,196,226,264,289,301,313,325,24,24,24],"floor_reached":33,"playtime":2610,"items_purged":["Doubt","Defend_G"],"score":304,"play_id":"dc4fcfe6-31d8-4b6b-b805-ecd5bc90dd4d","local_time":"20180926000445","is_ascension_mode":false,"campfire_choices":[{"data":"Poisoned Stab","floor":10,"key":"SMITH"},{"floor":15,"key":"REST"},{"floor":24,"key":"REST"},{"floor":29,"key":"REST"},{"floor":32,"key":"REST"}],"neow_cost":"NONE","seed_source_timestamp":515464194716521,"circlet_count":0,"master_deck":["Defend_G","Defend_G","Defend_G","Defend_G","Survivor","Neutralize","Poisoned Stab+1","Quick Slash","Predator","Flying Knee","Deadly Poison","Deadly Poison","Riddle With Holes","Bane","Dagger Spray","Skewer","Sucker Punch","Corpse Explosion","Backflip","Finisher+1","Outmaneuver","Apotheosis","Dark Shackles","Crippling Poison","Dodge and Roll+1","Quick Slash+1","Bite","Bite","Bite","Bite","Bite","Panacea","Sadistic Nature","Infinite Blades"],"relics":["Ring of the Snake","FossilizedHelix","Ninja Scroll","Sundial","Fusion Hammer","Red Mask","Membership Card","MawBank","Bronze Scales","Medical Kit"],"potions_floor_usage":[8,14,16,33,33],"damage_taken":[{"damage":4,"enemies":"Jaw Worm","floor":1,"turns":5},{"damage":6,"enemies":"2 Louse","floor":2,"turns":2},{"damage":0,"enemies":"Small Slimes","floor":3,"turns":3},{"damage":0,"enemies":"Blue Slaver","floor":5,"turns":4},{"damage":36,"enemies":"3 Sentries","floor":6,"turns":8},{"damage":0,"enemies":"Looter","floor":7,"turns":2},{"damage":0,"enemies":"Exordium Thugs","floor":8,"turns":4},{"damage":18,"enemies":"Lagavulin","floor":11,"turns":5},{"damage":0,"enemies":"2 Fungi Beasts","floor":13,"turns":3},{"damage":0,"enemies":"Exordium Wildlife","floor":14,"turns":2},{"damage":32,"enemies":"The Guardian","floor":16,"turns":9},{"damage":7,"enemies":"Shell Parasite","floor":18,"turns":3},{"damage":0,"enemies":"Masked Bandits","floor":19,"turns":2},{"damage":9,"enemies":"2 Thieves","floor":20,"turns":5},{"damage":16,"enemies":"Cultist and Chosen","floor":23,"turns":5},{"damage":13,"enemies":"Gremlin Leader","floor":25,"turns":5},{"damage":12,"enemies":"Snake Plant","floor":27,"turns":3},{"damage":63,"enemies":"Automaton","floor":33,"turns":8}],"seed_played":"-5407265635258504830","potions_obtained":[{"floor":1,"key":"AttackPotion"},{"floor":7,"key":"Fruit Juice"},{"floor":14,"key":"SpeedPotion"},{"floor":16,"key":"GamblersBrew"},{"floor":19,"key":"LiquidBronze"},{"floor":20,"key":"GhostInAJar"}],"is_trial":false,"path_per_floor":["M","M","M","?","M","E","M","M","T","R","E","?","M","M","R","B",null,"M","?","M","$","?","M","R","E","T","M","?","R","?","$","R"],"character_chosen":"THE_SILENT","items_purchased":["Membership Card","Apotheosis","Dark Shackles","Panacea","Sadistic Nature","Medical Kit","Infinite Blades"],"campfire_rested":4,"item_purchase_floors":[21,21,21,31,31,31,31],"current_hp_per_floor":[66,60,60,60,60,24,24,29,29,29,11,11,11,11,33,1,75,68,68,59,59,59,43,65,52,52,40,26,50,50,50,56,0],"gold":24,"neow_bonus":"THREE_CARDS","is_prod":false,"is_daily":false,"chose_seed":false,"campfire_upgraded":1,"win_rate":0.0,"timestamp":1537934685,"path_taken":["M","M","M","?","M","E","M","M","T","R","E","?","?","M","R","BOSS","M","?","M","$","?","M","R","E","T","?","?","R","?","$","R","BOSS"],"build_version":"2018-09-06","purchased_purges":2,"victory":false,"max_hp_per_floor":[70,70,70,70,70,70,70,75,75,75,75,75,75,75,75,75,75,75,75,75,75,75,75,75,75,75,75,80,80,56,56,56,56],"card_choices":[{"not_picked":["Prepared","Reflex"],"picked":"Poisoned Stab","floor":0},{"not_picked":["Skewer","Deflect"],"picked":"Quick Slash","floor":1},{"not_picked":["Deadly Poison","Reflex"],"picked":"Predator","floor":2},{"not_picked":["Noxious Fumes","Deflect"],"picked":"Flying Knee","floor":3},{"not_picked":["Slice","Dagger Throw"],"picked":"Deadly Poison","floor":5},{"not_picked":["Blur","Poisoned Stab"],"picked":"Deadly Poison","floor":6},{"not_picked":["Finisher","Blade Dance"],"picked":"Riddle With Holes","floor":7},{"not_picked":["Phantasmal Killer","Blade Dance"],"picked":"Bane","floor":8},{"not_picked":["Deflect","Footwork"],"picked":"Dagger Spray","floor":11},{"not_picked":["Calculated Gamble","Footwork"],"picked":"Skewer","floor":13},{"not_picked":["Outmaneuver","Quick Slash"],"picked":"Sucker Punch","floor":14},{"not_picked":["Adrenaline","Burst"],"picked":"Corpse Explosion","floor":16},{"not_picked":["Quick Slash","Noxious Fumes+1"],"picked":"Backflip","floor":18},{"not_picked":["Leg Sweep","Dodge and Roll"],"picked":"Finisher+1","floor":19},{"not_picked":["Blur","Slice+1"],"picked":"Outmaneuver","floor":20},{"not_picked":["Escape Plan","Dagger Spray+1"],"picked":"Crippling Poison","floor":23},{"not_picked":["Bane","Deadly Poison"],"picked":"Dodge and Roll+1","floor":25},{"not_picked":["Slice","Heel Hook"],"picked":"Quick Slash+1","floor":27}],"player_experience":35870,"relics_obtained":[{"floor":6,"key":"FossilizedHelix"},{"floor":9,"key":"Ninja Scroll"},{"floor":11,"key":"Sundial"},{"floor":19,"key":"Red Mask"},{"floor":25,"key":"MawBank"},{"floor":26,"key":"Bronze Scales"}],"event_choices":[{"event_name":"Liars Game","player_choice":"agreed","floor":4,"damage_taken":0},{"event_name":"World of Goop","player_choice":"Left","floor":12,"damage_taken":0},{"event_name":"Masked Bandits","player_choice":"Fought Bandits","floor":19,"damage_taken":0},{"event_name":"Purifier","player_choice":"One Purge","floor":22,"damage_taken":0},{"event_name":"Forgotten Altar","player_choice":"Shed Blood","floor":28,"damage_taken":0},{"event_name":"Vampires","player_choice":"Became a vampire","floor":30,"damage_taken":0}],"is_beta":false,"boss_relics":[{"not_picked":["HoveringKite","Lizard Tail"],"picked":"Fusion Hammer"}],"items_purged_floors":[21,31],"is_endless":false,"potions_floor_spawned":[1,7,14,16,19,20],"killed_by":"Automaton","ascension_level":0}