{"gold_per_floor":[118,68,98,23,39,39,68,68,68,83,106,56,66,98,98,201,201,219,219,231,248,152,152,183,183,183,212,212,223,223,239,239,239],"floor_reached":33,"playtime":1085,"items_purged":["Strike_B","Strike_B","Defend_B"],"score":396,"play_id":"54aadfca-2b80-434b-9261-28243fe55b4b","local_time":"20190312021532","is_ascension_mode":true,"campfire_choices":[{"data":"Hologram","floor":6,"key":"SMITH"},{"floor":15,"key":"REST"},{"data":"Hologram","floor":23,"key":"SMITH"},{"floor":25,"key":"REST"},{"floor":28,"key":"REST"},{"data":"Coolheaded","floor":32,"key":"SMITH"}],"neow_cost":"NONE","seed_source_timestamp":32314238281822,"circlet_count":0,"master_deck":["Strike_B","Defend_B+1","Defend_B","Zap","Dualcast+1","Gash","Hologram+1","Gash","Self Repair","Conserve Battery","Scrape","Hologram+1","Go for the Eyes+1","FTL+1","Coolheaded+1"],"relics":["Cracked Core","Tiny Chest","Smiling Mask","Bottled Lightning","PreservedInsect","Oddly Smooth Stone","Eternal Feather","War Paint","Bag of Marbles","Calipers"],"potions_floor_usage":[13,20,21,27,31,31,33],"damage_taken":[{"damage":10,"enemies":"Small Slimes","floor":1,"turns":3},{"damage":2,"enemies":"Jaw Worm","floor":5,"turns":3},{"damage":35,"enemies":"3 Sentries","floor":7,"turns":11},{"damage":4,"enemies":"2 Louse","floor":10,"turns":2},{"damage":1,"enemies":"Looter","floor":13,"turns":2},{"damage":34,"enemies":"Gremlin Nob","floor":14,"turns":5},{"damage":12,"enemies":"Slime Boss","floor":16,"turns":8},{"damage":20,"enemies":"Spheric Guardian","floor":18,"turns":5},{"damage":11,"enemies":"2 Thieves","floor":20,"turns":5},{"damage":8,"enemies":"Centurion and Healer","floor":21,"turns":8},{"damage":37,"enemies":"Gremlin Leader","floor":24,"turns":5},{"damage":21,"enemies":"Slavers","floor":27,"turns":6},{"damage":7,"enemies":"Shelled Parasite and Fungi","floor":29,"turns":5},{"damage":7,"enemies":"3 Cultists","floor":31,"turns":6},{"damage":87,"enemies":"Collector","floor":33,"turns":6}],"seed_played":"-3122451447794636299","potions_obtained":[{"floor":7,"key":"Fire Potion"},{"floor":10,"key":"Energy Potion"},{"floor":13,"key":"SneckoOil"},{"floor":16,"key":"Ancient Potion"},{"floor":18,"key":"Fire Potion"},{"floor":24,"key":"Dexterity Potion"},{"floor":29,"key":"EssenceOfSteel"},{"floor":30,"key":"Regen Potion"}],"is_trial":false,"path_per_floor":["M","?","?","$","M","R","E","?","T","M","T","$","M","E","R","B",null,"M","?","M","M","$","R","E","R","T","E","R","M","?","M","R","B"],"character_chosen":"DEFECT","items_purchased":["Coolheaded"],"campfire_rested":3,"item_purchase_floors":[22],"current_hp_per_floor":[58,58,55,55,53,53,18,43,43,39,39,39,45,18,40,35,65,52,45,34,33,33,42,5,36,36,22,53,53,53,67,75,0],"gold":239,"neow_bonus":"REMOVE_CARD","is_prod":false,"is_daily":false,"chose_seed":false,"campfire_upgraded":3,"win_rate":0,"timestamp":1552353332,"path_taken":["M","?","?","$","M","R","E","?","T","M","?","$","?","E","R","BOSS","M","?","?","M","$","R","E","R","T","E","R","M","?","?","R","BOSS"],"build_version":"2019-01-23","purchased_purges":3,"victory":false,"max_hp_per_floor":[75,75,75,75,75,75,75,75,75,75,75,75,75,75,75,75,75,75,75,75,75,75,75,75,75,75,75,75,75,75,75,75,75],"card_choices":[{"not_picked":["Hologram","Chaos"],"picked":"Gash","floor":1},{"not_picked":["Stack","Go for the Eyes"],"picked":"Hologram","floor":5},{"not_picked":["Fusion","Chill"],"picked":"Gash","floor":7},{"not_picked":["Tempest","Seek"],"picked":"Self Repair","floor":10},{"not_picked":["Stack","Cold Snap"],"picked":"Conserve Battery","floor":13},{"not_picked":["White Noise","Rebound"],"picked":"Scrape","floor":14},{"not_picked":["Undo","Reprogram"],"picked":"Hologram","floor":18},{"not_picked":["Skim","Steam"],"picked":"Go for the Eyes+1","floor":20},{"not_picked":["Genetic Algorithm","Hologram+1"],"picked":"FTL+1","floor":21},{"not_picked":["FTL","Compile Driver","Conserve Battery"],"picked":"SKIP","floor":24},{"not_picked":["Undo","Buffer","Melter"],"picked":"SKIP","floor":27},{"not_picked":["Rebound","Skim","Barrage"],"picked":"SKIP","floor":29},{"not_picked":["Go for the Eyes","Barrage","Steam"],"picked":"SKIP","floor":31}],"player_experience":94716,"relics_obtained":[{"floor":7,"key":"Smiling Mask"},{"floor":9,"key":"Bottled Lightning"},{"floor":11,"key":"PreservedInsect"},{"floor":14,"key":"Oddly Smooth Stone"},{"floor":24,"key":"War Paint"},{"floor":26,"key":"Bag of Marbles"},{"floor":27,"key":"Calipers"}],"event_choices":[{"cards_removed":["Defend_B"],"damage_healed":0,"gold_gain":0,"player_choice":"Card Removal","damage_taken":0,"max_hp_gain":0,"max_hp_loss":0,"event_name":"The Cleric","floor":2,"gold_loss":50},{"damage_healed":0,"gold_gain":0,"player_choice":"Success","damage_taken":3,"relics_obtained":["Tiny Chest"],"max_hp_gain":0,"max_hp_loss":0,"event_name":"Scrap Ooze","floor":3,"gold_loss":0},{"damage_healed":25,"gold_gain":0,"player_choice":"Banana","damage_taken":0,"max_hp_gain":0,"max_hp_loss":0,"event_name":"Big Fish","floor":8,"gold_loss":0},{"damage_healed":0,"gold_gain":0,"player_choice":"","damage_taken":7,"max_hp_gain":0,"max_hp_loss":0,"event_name":"Knowing Skull","floor":19,"potions_obtained":[],"gold_loss":0,"cards_obtained":[]},{"damage_healed":0,"gold_gain":0,"player_choice":"Got Potions","damage_taken":0,"max_hp_gain":0,"max_hp_loss":0,"event_name":"Lab","floor":30,"gold_loss":0}],"is_beta":false,"boss_relics":[{"not_picked":["Calling Bell","Ectoplasm"],"picked":"Eternal Feather"}],"items_purged_floors":[4,12,22],"is_endless":false,"potions_floor_spawned":[7,10,13,16,18,24,29],"killed_by":"Collector","ascension_level":7}