{"gold_per_floor":[114,127,127,146,96,131,143,218,245,245,73,92,122,297,297,297],"floor_reached":16,"playtime":1046,"items_purged":[],"score":149,"play_id":"4f3169cd-c49b-4e6d-b7f8-8613fe146722","local_time":"20190506030945","is_ascension_mode":true,"campfire_choices":[{"floor":15,"key":"REST"}],"neow_cost":"NONE","seed_source_timestamp":4106623951260897,"circlet_count":0,"master_deck":["Strike_R","Strike_R","Strike_R","Strike_R","Defend_R","Defend_R","Defend_R","Defend_R","Bash","Ghostly Armor","True Grit+1","Infernal Blade","Immolate","Mayhem","Seeing Red","Doubt"],"relics":["Burning Blood","Bag of Marbles","Centennial Puzzle","Boot"],"potions_floor_usage":[13,16,16],"damage_taken":[{"damage":12,"enemies":"2 Louse","floor":1,"turns":4},{"damage":9,"enemies":"Jaw Worm","floor":2,"turns":5},{"damage":10,"enemies":"Small Slimes","floor":4,"turns":5},{"damage":41,"enemies":"3 Sentries","floor":6,"turns":18},{"damage":0,"enemies":"3 Louse","floor":7,"turns":2},{"damage":3,"enemies":"Exordium Thugs","floor":12,"turns":3},{"damage":5,"enemies":"Gremlin Nob","floor":13,"turns":3},{"damage":64,"enemies":"Hexaghost","floor":16,"turns":14}],"seed_played":"-97450232767303098","potions_obtained":[{"floor":2,"key":"Energy Potion"},{"floor":6,"key":"Block Potion"},{"floor":12,"key":"GamblersBrew"}],"is_trial":false,"path_per_floor":["?","?","?","?","?"],"character_chosen":"IRONCLAD","items_purchased":["Mayhem"],"campfire_rested":1,"item_purchase_floors":[11],"current_hp_per_floor":[74,71,71,67,67,32,38,27,27,32,32,35,36,36,63,0],"gold":297,"neow_bonus":"TEN_PERCENT_HP_BONUS","is_prod":false,"is_daily":false,"chose_seed":false,"campfire_upgraded":0,"win_rate":0,"timestamp":1557126585,"path_taken":["M","M","?","M","?","E","M","?","T","?","$","M","E","?","R","BOSS"],"build_version":"2019-01-23","purchased_purges":0,"victory":false,"max_hp_per_floor":[88,88,88,88,88,88,88,88,88,93,93,93,93,93,93,93],"card_choices":[{"not_picked":["Iron Wave","Feel No Pain"],"picked":"Ghostly Armor","floor":1},{"not_picked":["Pommel Strike","Body Slam"],"picked":"True Grit","floor":2},{"not_picked":["Armaments","Body Slam"],"picked":"Infernal Blade","floor":4},{"not_picked":["Clash","Sword Boomerang"],"picked":"Immolate","floor":6},{"not_picked":["Clash","Rupture","Perfected Strike"],"picked":"SKIP","floor":7},{"not_picked":["Warcry","Clothesline"],"picked":"Seeing Red","floor":12},{"not_picked":["Combust","Brutality","Iron Wave"],"picked":"SKIP","floor":13}],"player_experience":276140,"relics_obtained":[{"floor":6,"key":"Bag of Marbles"},{"floor":9,"key":"Centennial Puzzle"},{"floor":13,"key":"Boot"}],"event_choices":[{"damage_healed":0,"gold_gain":0,"player_choice":"Grow","damage_taken":0,"max_hp_gain":0,"max_hp_loss":0,"event_name":"Living Wall","floor":3,"gold_loss":0,"cards_upgraded":["True Grit"]},{"cards_removed":["Strike_R"],"damage_healed":0,"gold_gain":0,"player_choice":"Card Removal","damage_taken":0,"max_hp_gain":0,"max_hp_loss":0,"event_name":"The Cleric","floor":5,"gold_loss":50},{"damage_healed":0,"gold_gain":75,"player_choice":"Gather Gold","damage_taken":11,"max_hp_gain":0,"max_hp_loss":0,"event_name":"World of Goop","floor":8,"gold_loss":0},{"damage_healed":0,"gold_gain":0,"player_choice":"Donut","damage_taken":0,"max_hp_gain":5,"max_hp_loss":0,"event_name":"Big Fish","floor":10,"gold_loss":0},{"damage_healed":0,"gold_gain":175,"player_choice":"AGREE","damage_taken":0,"max_hp_gain":0,"max_hp_loss":0,"event_name":"Liars Game","floor":14,"gold_loss":0,"cards_obtained":["Doubt"]}],"is_beta":false,"boss_relics":[],"items_purged_floors":[],"is_endless":false,"potions_floor_spawned":[2,6,12],"killed_by":"Hexaghost","ascension_level":7}