{"gold_per_floor":[116,166,9,9,24,24,51,51,51,51,80,27,37,51,51,149,149,166,176,48,48,58,58,88,98,98,4,33,33,64,78,78,175,175,192,208,223,78,97,97,107,107,132,132,149,0,15,25,25,25],"floor_reached":51,"playtime":2919,"items_purged":["Regret"],"score":854,"play_id":"d6bbc8d9-17a9-4257-87ab-9ce8eae59ffe","local_time":"20181006192936","is_ascension_mode":true,"campfire_choices":[{"data":"Crippling Poison","floor":6,"key":"SMITH"},{"data":"Noxious Fumes","floor":8,"key":"SMITH"},{"data":"Poisoned Stab","floor":10,"key":"SMITH"},{"floor":15,"key":"REST"},{"data":"Catalyst","floor":23,"key":"SMITH"},{"floor":32,"key":"REST"},{"data":"Envenom","floor":40,"key":"SMITH"},{"data":"Corpse Explosion","floor":49,"key":"SMITH"}],"neow_cost":"NONE","seed_source_timestamp":277717192617572,"circlet_count":0,"master_deck":["Defend_G","Defend_G","Defend_G","Defend_G","Defend_G","Survivor","Neutralize","Malaise","Crippling Poison+1","Well Laid Plans","Terror","Dagger Spray","Poisoned Stab+1","Noxious Fumes+1","Deadly Poison","PiercingWail","Dagger Spray","Catalyst+1","Corpse Explosion+1","Backflip+1","Bane","Choke","Dramatic Entrance","Bite","Bite","Bite","Bite","Bite","Prepared","Envenom+1","Cloak And Dagger+1","Bane+1","Crippling Poison","Escape Plan","Bane+1","Backflip","Venomology","Outmaneuver+1","Bane+1","PiercingWail+1","Deflect","Sucker Punch+1","Masterful Stab+1","Deadly Poison","Madness","Madness","Injury","Violence","Sadistic Nature","Trip","Underhanded Strike+1","Blur+1","Quick Slash+1"],"relics":["Ring of the Snake","Pen Nib","Torii","Matryoshka","Bag of Marbles","Mummified Hand","Boot","Cursed Key","Vajra","Bag of Preparation","Molten Egg 2","Ninja Scroll","Snake Skull","Eternal Feather","Smiling Mask","Red Mask"],"potions_floor_usage":[11,28,33,33,33,33,33,33,39,41,50,50,50],"damage_taken":[{"damage":1,"enemies":"Cultist","floor":1,"turns":4},{"damage":1,"enemies":"Jaw Worm","floor":5,"turns":4},{"damage":10,"enemies":"Lagavulin","floor":7,"turns":7},{"damage":10,"enemies":"3 Sentries","floor":11,"turns":4},{"damage":0,"enemies":"2 Louse","floor":13,"turns":2},{"damage":6,"enemies":"Looter","floor":14,"turns":3},{"damage":11,"enemies":"Slime Boss","floor":16,"turns":8},{"damage":0,"enemies":"Chosen","floor":18,"turns":4},{"damage":0,"enemies":"Spheric Guardian","floor":19,"turns":3},{"damage":13,"enemies":"Shelled Parasite and Fungi","floor":22,"turns":5},{"damage":8,"enemies":"Slavers","floor":24,"turns":3},{"damage":13,"enemies":"Snake Plant","floor":25,"turns":2},{"damage":12,"enemies":"Book of Stabbing","floor":28,"turns":4},{"damage":1,"enemies":"Gremlin Leader","floor":30,"turns":3},{"damage":0,"enemies":"3 Cultists","floor":31,"turns":1},{"damage":47,"enemies":"Champ","floor":33,"turns":7},{"damage":12,"enemies":"3 Darklings","floor":35,"turns":3},{"damage":17,"enemies":"3 Shapes","floor":36,"turns":2},{"damage":0,"enemies":"Reptomancer","floor":37,"turns":2},{"damage":11,"enemies":"4 Shapes","floor":39,"turns":3},{"damage":0,"enemies":"Transient","floor":41,"turns":5},{"damage":2,"enemies":"Reptomancer","floor":45,"turns":3},{"damage":18,"enemies":"3 Darklings","floor":47,"turns":3},{"damage":0,"enemies":"Transient","floor":48,"turns":5},{"damage":15,"enemies":"Donu and Deca","floor":50,"turns":5}],"seed_played":"-892966091728519285","potions_obtained":[{"floor":1,"key":"PowerPotion"},{"floor":14,"key":"AttackPotion"},{"floor":16,"key":"EntropicBrew"},{"floor":22,"key":"Poison Potion"},{"floor":30,"key":"Regen Potion"},{"floor":35,"key":"LiquidBronze"},{"floor":36,"key":"AttackPotion"},{"floor":48,"key":"Energy Potion"}],"is_trial":false,"path_per_floor":["M","T","$","?","M","R","E","R","T","R","E","$","M","M","R","B",null,"M","M","$","?","M","R","E","M","T","$","E","?","E","M","R","B",null,"M","M","M","$","M","R","M","?","T","?","M","?","M","M","R","B"],"character_chosen":"THE_SILENT","items_purchased":["Well Laid Plans","Terror","Dagger Spray","PiercingWail","Choke","Dramatic Entrance","Bane+1","Crippling Poison","Deflect","Sucker Punch+1"],"campfire_rested":2,"item_purchase_floors":[3,3,3,12,20,20,27,27,38,38],"current_hp_per_floor":[69,69,69,62,61,61,51,51,51,51,41,41,41,35,56,45,70,70,70,70,49,42,42,34,25,25,25,19,19,20,22,36,12,49,37,22,22,22,11,35,43,37,37,27,27,27,15,21,49,38],"gold":25,"neow_bonus":"ONE_RANDOM_RARE_CARD","is_prod":false,"is_daily":false,"chose_seed":false,"campfire_upgraded":6,"win_rate":0,"timestamp":1538868576,"path_taken":["M","?","$","?","M","R","E","R","T","R","E","?","?","M","R","BOSS","M","M","$","?","M","R","E","M","T","?","E","?","E","M","R","BOSS","M","?","M","$","M","R","M","?","T","?","?","?","M","M","R","BOSS"],"build_version":"2018-09-06","purchased_purges":1,"victory":true,"max_hp_per_floor":[70,70,70,70,70,70,70,70,70,70,70,70,70,70,70,70,70,70,70,70,49,49,49,49,49,49,49,49,49,49,49,49,49,49,49,49,49,49,49,49,49,49,49,49,49,49,49,49,49,49],"card_choices":[{"not_picked":["Reflex","Prepared"],"picked":"Crippling Poison","floor":1},{"not_picked":["Backflip","Quick Slash"],"picked":"Poisoned Stab","floor":5},{"not_picked":["Dodge and Roll","Flying Knee"],"picked":"Noxious Fumes","floor":7},{"not_picked":["Prepared","Dagger Spray"],"picked":"Deadly Poison","floor":11},{"not_picked":["Blade Dance","Slice"],"picked":"Dagger Spray","floor":13},{"not_picked":["Acrobatics","Reflex"],"picked":"Catalyst","floor":14},{"not_picked":["Bullet Time","Unload"],"picked":"Corpse Explosion","floor":16},{"not_picked":["Flying Knee","Noxious Fumes"],"picked":"Backflip+1","floor":18},{"not_picked":["Choke","Blur"],"picked":"Bane","floor":19},{"not_picked":["Blur","Flechettes"],"picked":"Prepared","floor":22},{"not_picked":["Deadly Poison+1","Infinite Blades+1"],"picked":"Envenom","floor":24},{"not_picked":["Deflect","Footwork"],"picked":"Cloak And Dagger+1","floor":25},{"not_picked":["Blade Dance+1","Footwork"],"picked":"Escape Plan","floor":28},{"not_picked":["Underhanded Strike+1","Blade Dance+1"],"picked":"Bane+1","floor":30},{"not_picked":["Flying Knee+1","Calculated Gamble"],"picked":"Backflip","floor":31},{"not_picked":["A Thousand Cuts","Wraith Form v2"],"picked":"Venomology","floor":33},{"not_picked":["Dagger Spray+1","Accuracy+1"],"picked":"Outmaneuver+1","floor":35},{"not_picked":["Flying Knee+1","Blade Dance+1"],"picked":"Bane+1","floor":36},{"not_picked":["Crippling Poison+1","Riddle With Holes+1"],"picked":"PiercingWail+1","floor":37},{"not_picked":["Sucker Punch+1","Footwork"],"picked":"Masterful Stab+1","floor":39},{"not_picked":["Accuracy","Masterful Stab+1"],"picked":"Deadly Poison","floor":41},{"not_picked":["HandOfGreed+1","Deep Breath"],"picked":"Violence","floor":44},{"not_picked":["Madness","Master of Strategy"],"picked":"Sadistic Nature","floor":44},{"not_picked":["The Bomb","Forethought"],"picked":"Trip","floor":44},{"not_picked":["Crippling Poison","Leg Sweep+1"],"picked":"Underhanded Strike+1","floor":45},{"not_picked":["Accuracy+1","Flechettes+1"],"picked":"Blur+1","floor":47},{"not_picked":["Flying Knee+1","Slice+1"],"picked":"Quick Slash+1","floor":48}],"player_experience":55494,"relics_obtained":[{"floor":2,"key":"Pen Nib"},{"floor":7,"key":"Matryoshka"},{"floor":9,"key":"Bag of Marbles"},{"floor":9,"key":"Mummified Hand"},{"floor":11,"key":"Boot"},{"floor":24,"key":"Vajra"},{"floor":26,"key":"Bag of Preparation"},{"floor":26,"key":"Molten Egg 2"},{"floor":28,"key":"Ninja Scroll"},{"floor":30,"key":"Snake Skull"},{"floor":43,"key":"Smiling Mask"}],"event_choices":[{"event_name":"Scrap Ooze","player_choice":"success","floor":4,"damage_taken":7},{"event_name":"Vampires","player_choice":"Became a vampire","floor":21,"damage_taken":0},{"event_name":"Ghosts","player_choice":"Ignored","floor":29,"damage_taken":0},{"event_name":"Winding Halls","player_choice":"Embrace Madness","floor":42,"damage_taken":0},{"event_name":"SensoryStone","player_choice":"Memory 3","floor":44,"damage_taken":0},{"event_name":"Tomb of Lord Red Mask","player_choice":"Paid","floor":46,"damage_taken":0}],"is_beta":false,"boss_relics":[{"not_picked":["Velvet Choker","Ectoplasm"],"picked":"Cursed Key"},{"not_picked":["Calling Bell","Coffee Dripper"],"picked":"Eternal Feather"}],"items_purged_floors":[38],"is_endless":false,"potions_floor_spawned":[1,14,16,22,30,31,35,36,48],"ascension_level":1}