{"gold_per_floor":[118,134,152,152,168,168,186,214,214,239,125,156,166,177,207,207],"floor_reached":16,"playtime":1041,"items_purged":["Strike_R"],"score":217,"play_id":"d7d39232-7605-4974-a479-8f5ac3589b21","local_time":"20180816172720","is_ascension_mode":true,"campfire_choices":[{"data":"Thunderclap","floor":6,"key":"SMITH"},{"floor":15,"key":"DIG"}],"neow_cost":"NONE","seed_source_timestamp":3057188531676787,"circlet_count":0,"master_deck":["Strike_R","Strike_R","Strike_R","Strike_R","Defend_R","Defend_R","Defend_R","Defend_R","Bash+1","AscendersBane","Thunderclap+1","ReplayTheSpireMod:Strike From Hell","Impervious+1","Disarm","Shrug It Off","Barricade","Pummel","Headbutt","True Grit"],"relics":["Burning Blood","Orichalcum","Mirror","Omamori","Mango","Tiny Chest"],"potions_floor_usage":[13,16],"damage_taken":[{"damage":8,"enemies":"2 Louse","floor":1,"turns":4},{"damage":0,"enemies":"Small Slimes","floor":2,"turns":3},{"damage":7,"enemies":"Jaw Worm","floor":3,"turns":3},{"damage":12,"enemies":"Looter","floor":5,"turns":3},{"damage":0,"enemies":"Large Slime","floor":7,"turns":5},{"damage":26,"enemies":"Lagavulin","floor":8,"turns":9},{"damage":11,"enemies":"Erikyupuro","floor":10,"turns":8},{"damage":8,"enemies":"Gremlin Nob","floor":12,"turns":5},{"damage":11,"enemies":"Lots of Slimes","floor":13,"turns":5},{"damage":11,"enemies":"Exordium Wildlife","floor":14,"turns":6},{"damage":53,"enemies":"Slime Boss","floor":16,"turns":13}],"seed_played":"7828047411793740087","potions_obtained":[{"floor":7,"key":"Energy Potion"},{"floor":8,"key":"Block Potion"},{"floor":12,"key":"Languid Potion"},{"floor":14,"key":"ReplayShieldPotion"}],"is_trial":false,"path_per_floor":["M","M","M","?","M","R","M","E","T","E","$","E","M","M","R"],"character_chosen":"IRONCLAD","items_purchased":["Pummel"],"campfire_rested":0,"item_purchase_floors":[11],"current_hp_per_floor":[66,72,71,71,65,65,71,51,51,46,46,58,53,48,48,0],"gold":207,"neow_bonus":"UPGRADE_CARD","is_prod":false,"is_daily":false,"chose_seed":false,"campfire_upgraded":1,"win_rate":0,"timestamp":1534433240,"path_taken":["M","M","M","?","M","R","M","E","T","E","$","E","M","M","R","BOSS"],"build_version":"2018-08-09","purchased_purges":1,"victory":false,"max_hp_per_floor":[75,75,75,75,75,75,75,75,75,75,75,89,89,89,89,89],"card_choices":[{"not_picked":["Armaments","Disarm"],"picked":"Thunderclap","floor":1},{"not_picked":["Anger","Havoc"],"picked":"ReplayTheSpireMod:Strike From Hell","floor":2},{"not_picked":["Rampage","Rupture"],"picked":"Feel No Pain","floor":3},{"not_picked":["Reckless Charge","ReplayTheSpireMod:Strike From Hell"],"picked":"Disarm","floor":5},{"not_picked":["Second Wind","Twin Strike"],"picked":"Shrug It Off","floor":7},{"not_picked":["Hemokinesis","ReplayTheSpireMod:Strike From Hell"],"picked":"Barricade","floor":10},{"not_picked":["Run Through","Bloodletting"],"picked":"Headbutt","floor":13},{"not_picked":["Run Through","Thunderclap"],"picked":"True Grit","floor":14}],"player_experience":1025634,"relics_obtained":[{"floor":8,"key":"Orichalcum"},{"floor":9,"key":"Mirror"},{"floor":10,"key":"Omamori"},{"floor":12,"key":"Mango"},{"floor":15,"key":"Tiny Chest"}],"event_choices":[],"is_beta":false,"boss_relics":[],"items_purged_floors":[11],"is_endless":false,"potions_floor_spawned":[7,8,12,14],"killed_by":"Slime Boss","ascension_level":15}