{"gold_per_floor":[111,131,146,146,160,188,188,188,188,202,222,222,254,264,264,264],"floor_reached":16,"playtime":834,"items_purged":[],"score":200,"play_id":"eda4f0a7-69a7-4262-bb79-cd5c3eb44367","local_time":"20180708082656","is_ascension_mode":true,"campfire_choices":[{"data":"Inflame","floor":8,"key":"SMITH"},{"data":"Bash","floor":12,"key":"SMITH"},{"data":"True Grit","floor":15,"key":"SMITH"}],"neow_cost":"NONE","seed_source_timestamp":80993672951495,"circlet_count":0,"master_deck":["Strike_R","Strike_R","Strike_R","Defend_R","Defend_R","Defend_R","Defend_R","Bash+1","AscendersBane","Sword Boomerang","Shrug It Off","Inflame+1","Sword Boomerang","Shrug It Off","True Grit+1","Body Slam"],"relics":["Burning Blood","Happy Flower","ReplayFunnel","The Courier","Magic Flower"],"potions_floor_usage":[11,13],"damage_taken":[{"damage":17,"enemies":"Small Slimes","floor":1,"turns":4},{"damage":1,"enemies":"Cultist","floor":2,"turns":3},{"damage":11,"enemies":"2 Louse","floor":3,"turns":4},{"damage":8,"enemies":"Blue Slaver","floor":5,"turns":5},{"damage":23,"enemies":"3 Sentries","floor":6,"turns":9},{"damage":2,"enemies":"2 Fungi Beasts","floor":10,"turns":3},{"damage":3,"enemies":"Exordium Thugs","floor":11,"turns":5},{"damage":13,"enemies":"Gremlin Nob","floor":13,"turns":4},{"damage":3,"enemies":"Looter","floor":14,"turns":3},{"damage":45,"enemies":"Slime Boss","floor":16,"turns":9}],"seed_played":"-3317755494439235469","potions_obtained":[{"floor":3,"key":"Weak Potion"},{"floor":10,"key":"AttackPotion"},{"floor":11,"key":"Elixir"}],"is_trial":false,"path_per_floor":["M","M","M","?","M","E","?","R","T","M","M","R","E","M","R"],"character_chosen":"IRONCLAD","items_purchased":[],"campfire_rested":0,"item_purchase_floors":[],"current_hp_per_floor":[57,62,57,57,55,38,31,31,31,35,38,38,31,37,37,0],"gold":264,"neow_bonus":"RANDOM_COMMON_RELIC","is_prod":false,"is_daily":false,"chose_seed":false,"campfire_upgraded":3,"win_rate":0,"timestamp":1531031216,"path_taken":["M","M","M","?","M","E","?","R","T","M","M","R","E","M","R","BOSS"],"build_version":"2018-07-05","purchased_purges":0,"victory":false,"max_hp_per_floor":[75,75,75,75,75,75,75,75,75,75,75,75,75,75,75,75],"card_choices":[{"not_picked":["Twin Strike","Clash"],"picked":"Sword Boomerang","floor":1},{"not_picked":["Pommel Strike","Anger"],"picked":"Shrug It Off","floor":3},{"not_picked":["Heavy Blade","Run Through"],"picked":"Inflame","floor":5},{"not_picked":["Reckless Charge","Perfected Strike"],"picked":"Sword Boomerang","floor":6},{"not_picked":["Anger","Carnage"],"picked":"Shrug It Off","floor":10},{"not_picked":["Searing Blow","Blood for Blood"],"picked":"True Grit","floor":13},{"not_picked":["True Grit","Armaments"],"picked":"Body Slam","floor":14}],"player_experience":745914,"relics_obtained":[{"floor":6,"key":"ReplayFunnel"},{"floor":9,"key":"The Courier"},{"floor":13,"key":"Magic Flower"}],"event_choices":[{"event_name":"Purifier","player_choice":"One Purge","floor":4,"damage_taken":0},{"event_name":"Golden Wing","player_choice":"Card Removal","floor":7,"damage_taken":0}],"boss_relics":[],"items_purged_floors":[],"is_endless":false,"potions_floor_spawned":[3,10,11],"killed_by":"Slime Boss","ascension_level":15}