{"gold_per_floor":[16,16,36,36,46,46,75,75,102,102,121,155,175,194,194,299,299,312,71,161,181,191,191,223,238,238,248,264,294,294,314,314,412,412,423,434,56,56,69,98,98,132,183,183,13,28,28,48,48,48],"floor_reached":51,"playtime":2606,"items_purged":["Strike_G","Strike_G","Defend_G"],"score":1039,"play_id":"d3182cb2-75b0-40d4-9c36-b337553fa910","local_time":"20190223160519","is_ascension_mode":true,"campfire_choices":[{"data":"Noxious Fumes","floor":6,"key":"SMITH"},{"data":"Neutralize","floor":8,"key":"SMITH"},{"data":"Neutralize","floor":10,"key":"SMITH"},{"data":"Catalyst","floor":15,"key":"SMITH"},{"data":"Apotheosis","floor":23,"key":"SMITH"},{"data":"After Image","floor":30,"key":"SMITH"},{"data":"Footwork","floor":32,"key":"SMITH"},{"data":"Noxious Fumes","floor":41,"key":"SMITH"},{"data":"Footwork","floor":49,"key":"SMITH"}],"neow_cost":"NO_GOLD","seed_source_timestamp":690441098378857,"circlet_count":0,"master_deck":["Defend_G","Defend_G","Defend_G","Survivor","Neutralize+1","Poisoned Stab","Adrenaline","Bandage Up","Neutralize+1","Noxious Fumes+1","Catalyst+1","Footwork+1","After Image+1","Apotheosis+1","Poisoned Stab","Backflip+1","Night Terror","Blur","Well Laid Plans+1","Noxious Fumes+1","Blur+1","Dodge and Roll+1","Footwork+1","Dark Shackles","Madness","Deadly Poison","Deadly Poison"],"special_seed":0,"relics":["Ring of the Snake","Anchor","Blood Vial","Centennial Puzzle","Empty Cage","Dream Catcher","Gremlin Horn","Happy Flower","Velvet Choker","TwistedFunnel","Bottled Flame","Potion Belt","Omamori"],"potions_floor_usage":[7,12,13,16,25,25,29,33,35,36],"damage_taken":[{"damage":8.0,"enemies":"Jaw Worm","floor":1.0,"turns":4.0},{"damage":0,"enemies":"Cultist","floor":3,"turns":2},{"damage":0,"enemies":"Small Slimes","floor":5,"turns":4},{"damage":21,"enemies":"3 Sentries","floor":7,"turns":5},{"damage":4,"enemies":"Blue Slaver","floor":11,"turns":4},{"damage":3,"enemies":"Lagavulin","floor":12,"turns":6},{"damage":3,"enemies":"Lots of Slimes","floor":13,"turns":4},{"damage":1,"enemies":"3 Louse","floor":14,"turns":3},{"damage":5,"enemies":"The Guardian","floor":16,"turns":8},{"damage":11,"enemies":"Shell Parasite","floor":18,"turns":6},{"damage":0,"enemies":"Chosen","floor":21,"turns":5},{"damage":0,"enemies":"Centurion and Healer","floor":22,"turns":6},{"damage":14,"enemies":"Slavers","floor":24,"turns":5},{"damage":3,"enemies":"3 Cultists","floor":25,"turns":3},{"damage":19,"enemies":"Shelled Parasite and Fungi","floor":27,"turns":5},{"damage":0,"enemies":"Centurion and Healer","floor":28,"turns":6},{"damage":3,"enemies":"Book of Stabbing","floor":29,"turns":5},{"damage":0,"enemies":"Snake Plant","floor":31,"turns":5},{"damage":68,"enemies":"Champ","floor":33,"turns":13},{"damage":4,"enemies":"3 Shapes","floor":35,"turns":6},{"damage":11,"enemies":"3 Darklings","floor":36,"turns":5},{"damage":0,"enemies":"Maw","floor":39,"turns":6},{"damage":30,"enemies":"Nemesis","floor":40,"turns":7},{"damage":0,"enemies":"Giant Head","floor":42,"turns":9},{"damage":11,"enemies":"Jaw Worm Horde","floor":46,"turns":6},{"damage":10,"enemies":"4 Shapes","floor":48,"turns":5},{"damage":11,"enemies":"Donu and Deca","floor":50,"turns":6}],"seed_played":"-7969621347521598182","potions_obtained":[{"floor":1.0,"key":"Explosive Potion"},{"floor":3,"key":"Dexterity Potion"},{"floor":5,"key":"Block Potion"},{"floor":11,"key":"SpeedPotion"},{"floor":13,"key":"Poison Potion"},{"floor":21,"key":"SkillPotion"},{"floor":22,"key":"Swift Potion"},{"floor":31,"key":"Ancient Potion"},{"floor":33,"key":"Block Potion"},{"floor":35,"key":"Fruit Juice"},{"floor":48,"key":"Poison Potion"}],"is_trial":false,"path_per_floor":["M","?","M","$","M","R","E","R","T","R","M","E","M","M","R","B",null,"M","$","?","M","M","R","E","M","T","M","M","E","R","M","R","B",null,"M","M","$","?","M","E","R","E","T","?","$","M","$","M","R","B",null],"character_chosen":"THE_SILENT","items_purchased":["Apotheosis","TwistedFunnel","Noxious Fumes","Deadly Poison"],"campfire_rested":0,"item_purchase_floors":[19,37,37,45],"current_hp_per_floor":[55,55,59,59,63,63,46,46,46,46,48,51,54,59,59,60,68,59,59,45,51,59,59,53,58,58,47,55,60,60,68,68,8,55,64,61,61,61,75,51,51,59,59,54,54,69,69,61,61,58],"gold":48,"neow_bonus":"TRANSFORM_TWO_CARDS","is_prod":false,"is_daily":false,"chose_seed":false,"campfire_upgraded":9,"win_rate":0,"timestamp":1550934319,"path_taken":["M","?","M","?","M","R","E","R","T","R","M","E","M","M","R","BOSS","M","$","?","M","M","R","E","?","T","M","M","E","R","M","R","BOSS","M","M","$","?","?","E","R","E","T","?","$","M","?","M","R","BOSS"],"build_version":"2019-01-23","purchased_purges":3,"victory":true,"max_hp_per_floor":[70,70,70,70,70,70,70,70,70,70,70,70,70,70,70,70,70,70,70,70,70,70,70,70,70,70,70,70,70,70,70,70,70,70,75,75,75,75,75,75,75,75,75,75,75,75,75,75,75,75],"card_choices":[{"not_picked":["Eviscerate","Underhanded Strike","Dash"],"picked":"SKIP","floor":1.0},{"not_picked":["Escape Plan","Outmaneuver"],"picked":"Noxious Fumes","floor":3},{"not_picked":["Well Laid Plans","Distraction"],"picked":"Catalyst","floor":5},{"not_picked":["Deflect","Slice","Bane"],"picked":"SKIP","floor":7},{"not_picked":["Masterful Stab","Dagger Throw","Predator"],"picked":"SKIP","floor":11},{"not_picked":["Heel Hook","Accuracy"],"picked":"Footwork","floor":12},{"not_picked":["Slice","Dagger Spray","Outmaneuver"],"picked":"SKIP","floor":13},{"not_picked":["Doppelganger","Outmaneuver","PiercingWail"],"picked":"SKIP","floor":14},{"not_picked":["Wraith Form v2","Burst"],"picked":"After Image","floor":16},{"not_picked":["Bane","Sucker Punch","Slice"],"picked":"SKIP","floor":18},{"not_picked":["Flechettes","Dagger Spray","Underhanded Strike+1"],"picked":"SKIP","floor":21},{"not_picked":["Dagger Throw","Backflip+1"],"picked":"Poisoned Stab","floor":22},{"not_picked":["Acrobatics+1","Reflex","Dagger Throw+1"],"picked":"SKIP","floor":24},{"not_picked":["Slice","Terror+1","Acrobatics"],"picked":"SKIP","floor":25},{"not_picked":["Glass Knife","Blade Dance","Dagger Spray"],"picked":"SKIP","floor":27},{"not_picked":["All Out Attack+1","Cloak And Dagger"],"picked":"Backflip+1","floor":28},{"not_picked":["Dodge and Roll","Backflip+1","Flechettes"],"picked":"SKIP","floor":29},{"not_picked":["Dagger Throw","Outmaneuver","Sucker Punch"],"picked":"SKIP","floor":31},{"not_picked":["Bullet Time","Die Die Die"],"picked":"Night Terror","floor":33},{"not_picked":["Dagger Throw","Reflex"],"picked":"Blur","floor":35},{"not_picked":["Infinite Blades","PiercingWail+1"],"picked":"Well Laid Plans+1","floor":36},{"not_picked":["Dagger Spray+1","Leg Sweep+1"],"picked":"Blur+1","floor":39},{"not_picked":["Expertise+1","Blade Dance+1"],"picked":"Dodge and Roll+1","floor":40},{"not_picked":["Malaise","Bane"],"picked":"Footwork","floor":42},{"not_picked":["Impatience","Good Instincts"],"picked":"Dark Shackles","floor":44},{"not_picked":["Swift Strike","Blind"],"picked":"Madness","floor":44},{"not_picked":["Distraction+1","Outmaneuver"],"picked":"Deadly Poison","floor":46},{"not_picked":["Riddle With Holes+1","Blade Dance+1","Poisoned Stab+1"],"picked":"SKIP","floor":48}],"player_experience":83980,"relics_obtained":[{"floor":7,"key":"Anchor"},{"floor":9,"key":"Blood Vial"},{"floor":12,"key":"Centennial Puzzle"},{"floor":24,"key":"Dream Catcher"},{"floor":26,"key":"Gremlin Horn"},{"floor":29,"key":"Happy Flower"},{"floor":40,"key":"Bottled Flame"},{"floor":42,"key":"Potion Belt"},{"floor":43,"key":"Omamori"}],"event_choices":[{"damage_healed":0,"gold_gain":0,"player_choice":"3 cards matched","damage_taken":0,"max_hp_gain":0,"max_hp_loss":0,"event_name":"Match and Keep!","floor":2,"gold_loss":0,"cards_obtained":["Adrenaline","Bandage Up","Neutralize"]},{"damage_healed":0,"gold_gain":90,"player_choice":"GOLD ","damage_taken":14,"max_hp_gain":0,"max_hp_loss":0,"event_name":"Knowing Skull","floor":20,"potions_obtained":[],"gold_loss":0,"cards_obtained":[]},{"cards_removed":["Flechettes"],"damage_healed":0,"gold_gain":0,"player_choice":"Purged","damage_taken":0,"max_hp_gain":0,"max_hp_loss":0,"event_name":"Purifier","floor":38,"gold_loss":0},{"damage_healed":0,"gold_gain":0,"player_choice":"Memory 2","damage_taken":5,"max_hp_gain":0,"max_hp_loss":0,"event_name":"SensoryStone","floor":44,"gold_loss":0}],"is_beta":false,"boss_relics":[{"not_picked":["HoveringKite","Cursed Key"],"picked":"Empty Cage"},{"not_picked":["Lizard Tail","Snecko Eye"],"picked":"Velvet Choker"}],"items_purged_floors":[19,37,45],"is_endless":false,"potions_floor_spawned":[1,3,5,11,13,21,22,31,33,35,48],"ascension_level":6}