{"gold_per_floor":[117,20,33,33,47,72,72,99,125,125,125,143,159,189,189,289,289,304,304,314,327,345,345,370,385,385,385,415,30,30,50,50,150,150,160,160,180,74,74,74,86,105,130,130,130,130,150,150,150,150],"floor_reached":50,"playtime":3147,"items_purged":["Pain"],"score":629,"play_id":"c3eb8995-fd1c-4b8b-83b7-b2baab701b81","local_time":"20181007215557","is_ascension_mode":true,"campfire_choices":[{"data":"Pommel Strike","floor":7,"key":"SMITH"},{"data":"Double Tap","floor":15,"key":"SMITH"},{"data":"Feed","floor":23,"key":"SMITH"},{"data":"Armaments","floor":32,"key":"SMITH"},{"data":"Offering","floor":40,"key":"SMITH"},{"data":"Flex","floor":44,"key":"SMITH"},{"floor":49,"key":"REST"}],"neow_cost":"CURSE","seed_source_timestamp":372680364795472,"circlet_count":0,"master_deck":["Strike_R","Strike_R","Strike_R","Strike_R","Strike_R","Defend_R","Defend_R","Defend_R","Defend_R","Bash","Shockwave+1","Pommel Strike+1","Uppercut+1","Wild Strike","Headbutt","Wild Strike","Shrug It Off","Double Tap+1","Feed+1","Flex+1","Shrug It Off","Pummel+1","True Grit+1","Clash+1","Armaments+1","Doubt","Bloodletting+1","Sever Soul","Thunderclap","Armaments+1","Seeing Red+1","Offering+1","Battle Trance","Power Through+1","Enlightenment","Intimidate","Disarm+1","Writhe","Madness","Madness","Body Slam"],"relics":["Burning Blood","Oddly Smooth Stone","Omamori","Orichalcum","Boot","Torii","Cursed Key","Mercury Hourglass","Juzu Bracelet","Ornamental Fan","Bottled Flame","White Beast Statue","Bronze Scales"],"potions_floor_usage":[16,16,22,24,24,28,33,33,33,41,46,47,47,50],"damage_taken":[{"damage":8,"enemies":"Cultist","floor":1,"turns":3},{"damage":0,"enemies":"Small Slimes","floor":3,"turns":2},{"damage":1,"enemies":"2 Louse","floor":5,"turns":2},{"damage":39,"enemies":"Lagavulin","floor":6,"turns":6},{"damage":24,"enemies":"Gremlin Nob","floor":8,"turns":4},{"damage":9,"enemies":"Large Slime","floor":12,"turns":4},{"damage":0,"enemies":"3 Louse","floor":13,"turns":2},{"damage":18,"enemies":"3 Sentries","floor":14,"turns":7},{"damage":24,"enemies":"Slime Boss","floor":16,"turns":12},{"damage":1,"enemies":"Chosen","floor":18,"turns":3},{"damage":10,"enemies":"Shell Parasite","floor":20,"turns":4},{"damage":25,"enemies":"Snake Plant","floor":21,"turns":6},{"damage":13,"enemies":"Snecko","floor":22,"turns":4},{"damage":12,"enemies":"Book of Stabbing","floor":24,"turns":4},{"damage":20,"enemies":"Sentry and Sphere","floor":25,"turns":5},{"damage":15,"enemies":"Slavers","floor":28,"turns":4},{"damage":4,"enemies":"Shelled Parasite and Fungi","floor":31,"turns":2},{"damage":74,"enemies":"Collector","floor":33,"turns":10},{"damage":21,"enemies":"3 Darklings","floor":35,"turns":3},{"damage":8,"enemies":"Orb Walker","floor":37,"turns":2},{"damage":11,"enemies":"3 Darklings","floor":41,"turns":4},{"damage":12,"enemies":"Sphere and 2 Shapes","floor":42,"turns":4},{"damage":0,"enemies":"Spire Growth","floor":46,"turns":1},{"damage":42,"enemies":"Reptomancer","floor":47,"turns":7},{"damage":87,"enemies":"Awakened One","floor":50,"turns":16}],"seed_played":"-5243982732341695682","potions_obtained":[{"floor":6,"key":"Block Potion"},{"floor":8,"key":"PowerPotion"},{"floor":14,"key":"SteroidPotion"},{"floor":16,"key":"FearPotion"},{"floor":21,"key":"AttackPotion"},{"floor":22,"key":"BloodPotion"},{"floor":24,"key":"GamblersBrew"},{"floor":25,"key":"Strength Potion"},{"floor":28,"key":"FearPotion"},{"floor":35,"key":"SkillPotion"},{"floor":37,"key":"SmokeBomb"},{"floor":41,"key":"Block Potion"},{"floor":42,"key":"Explosive Potion"},{"floor":47,"key":"PowerPotion"}],"is_trial":false,"path_per_floor":["M","$","M","?","M","E","R","E","T","?","?","M","M","E","R","B",null,"M","?","M","M","M","R","E","M","T","?","E","$","?","M","R","B",null,"M","?","M","$","?","R","M","M","T","R","?","M","M","?","R"],"character_chosen":"IRONCLAD","items_purchased":["Pommel Strike","Bottled Flame","Sever Soul","Thunderclap","Armaments","Enlightenment"],"campfire_rested":1,"item_purchase_floors":[2,29,29,29,29,38],"current_hp_per_floor":[94,94,96,96,96,63,63,45,45,45,69,66,72,60,60,42,96,96,77,73,54,47,47,45,31,31,31,26,26,62,68,68,11,113,98,98,96,96,96,96,91,85,85,85,71,77,41,41,74,0],"gold":150,"neow_bonus":"TWENTY_PERCENT_HP_BONUS","is_prod":false,"is_daily":false,"chose_seed":false,"campfire_upgraded":6,"win_rate":0,"timestamp":1538963757,"path_taken":["M","$","M","?","M","E","R","E","T","?","?","M","?","E","R","BOSS","M","?","?","M","M","R","E","M","T","?","E","$","?","M","R","BOSS","M","?","M","$","?","R","M","M","T","R","?","M","M","?","R","BOSS"],"build_version":"2018-09-06","purchased_purges":1,"victory":false,"max_hp_per_floor":[96,96,96,96,96,96,96,96,96,96,96,96,96,96,96,96,96,96,101,101,101,101,101,105,105,105,105,109,109,109,113,113,113,113,113,113,113,113,113,113,113,113,113,113,113,113,113,113,113,117],"card_choices":[{"not_picked":["Havoc","Burning Pact"],"picked":"Shockwave","floor":1},{"not_picked":["Clash","Sword Boomerang"],"picked":"Uppercut","floor":3},{"not_picked":["Warcry","Heavy Blade"],"picked":"Wild Strike","floor":5},{"not_picked":["Heavy Blade","Sword Boomerang"],"picked":"Second Wind","floor":6},{"not_picked":["Havoc","Metallicize"],"picked":"Headbutt","floor":8},{"not_picked":["Feel No Pain","Perfected Strike"],"picked":"Wild Strike","floor":12},{"not_picked":["Headbutt","Pommel Strike"],"picked":"Shrug It Off","floor":13},{"not_picked":["Clothesline","Wild Strike"],"picked":"Double Tap","floor":14},{"not_picked":["Brutality","Impervious"],"picked":"Feed","floor":16},{"not_picked":["Battle Trance","Carnage"],"picked":"Flex","floor":18},{"not_picked":["Warcry","Perfected Strike"],"picked":"Shrug It Off","floor":20},{"not_picked":["Shockwave+1","Battle Trance"],"picked":"Pummel+1","floor":21},{"not_picked":["Headbutt","Clothesline"],"picked":"True Grit+1","floor":22},{"not_picked":["Second Wind","Iron Wave"],"picked":"Clash+1","floor":24},{"not_picked":["Rampage+1","Ghostly Armor"],"picked":"Armaments","floor":25},{"not_picked":["Sever Soul+1","Fire Breathing+1"],"picked":"Bloodletting+1","floor":28},{"not_picked":["Searing Blow","Cleave"],"picked":"Seeing Red+1","floor":31},{"not_picked":["Feed","Limit Break"],"picked":"Offering","floor":33},{"not_picked":["Rampage","Searing Blow"],"picked":"Battle Trance","floor":35},{"not_picked":["Rampage+1","Carnage"],"picked":"Power Through+1","floor":37},{"not_picked":["True Grit","Rage+1"],"picked":"Intimidate","floor":41},{"not_picked":["Heavy Blade","Shockwave"],"picked":"Disarm+1","floor":42},{"not_picked":["True Grit+1","Heavy Blade"],"picked":"Body Slam","floor":47}],"player_experience":59665,"relics_obtained":[{"floor":6,"key":"Oddly Smooth Stone"},{"floor":8,"key":"Omamori"},{"floor":9,"key":"Orichalcum"},{"floor":14,"key":"Torii"},{"floor":24,"key":"Mercury Hourglass"},{"floor":26,"key":"Juzu Bracelet"},{"floor":28,"key":"Ornamental Fan"},{"floor":43,"key":"Bronze Scales"}],"event_choices":[{"event_name":"Upgrade Shrine","player_choice":"Upgraded","floor":4,"damage_taken":0},{"event_name":"Big Fish","player_choice":"Box","floor":10,"damage_taken":0},{"event_name":"Mushrooms","player_choice":"Healed and dodged fight","floor":11,"damage_taken":0},{"event_name":"Forgotten Altar","player_choice":"Shed Blood","floor":19,"damage_taken":0},{"event_name":"Accursed Blacksmith","player_choice":"Forge","floor":27,"damage_taken":0},{"event_name":"The Library","player_choice":"Heal","floor":30,"damage_taken":0},{"event_name":"Falling","player_choice":"Removed Skill","floor":36,"damage_taken":0},{"event_name":"Upgrade Shrine","player_choice":"Upgraded","floor":39,"damage_taken":0},{"event_name":"Winding Halls","player_choice":"Embrace Madness","floor":45,"damage_taken":0},{"event_name":"Mysterious Sphere","player_choice":"Ignore","floor":48,"damage_taken":0}],"is_beta":false,"boss_relics":[{"not_picked":["Tiny House","Astrolabe"],"picked":"Cursed Key"},{"not_picked":["Philosopher\u0027s Stone","Black Star"],"picked":"White Beast Statue"}],"items_purged_floors":[2],"is_endless":false,"potions_floor_spawned":[6,8,14,16,21,22,24,25,28,35,37,41,42,46,47],"killed_by":"Awakened One","ascension_level":2}