{"gold_per_floor":[113,16,30,30,47,47,73,26,80,99,99,114,114,132,132,132],"floor_reached":16,"playtime":710,"items_purged":["Strike_R"],"score":168,"play_id":"11489576-8e69-4d69-8d7e-6962cb4ae624","local_time":"20190516130144","is_ascension_mode":true,"campfire_choices":[{"data":"Double Tap","floor":6,"key":"SMITH"},{"data":"Metallicize","floor":13,"key":"SMITH"},{"data":"True Grit","floor":15,"key":"SMITH"}],"neow_cost":"TEN_PERCENT_HP_LOSS","seed_source_timestamp":94976489157071,"circlet_count":0,"master_deck":["AscendersBane","Strike_R","Strike_R","Strike_R","Defend_R","Defend_R","Defend_R","Defend_R","Bash","Double Tap+1","Cleave","Metallicize+1","Iron Wave","Shrug It Off","Headbutt","True Grit+1"],"relics":["Burning Blood","Strawberry","Omamori","Pantograph"],"potions_floor_usage":[16],"damage_taken":[{"damage":8,"enemies":"Jaw Worm","floor":1,"turns":4},{"damage":6,"enemies":"Cultist","floor":3,"turns":3},{"damage":0,"enemies":"2 Louse","floor":5,"turns":2},{"damage":23,"enemies":"3 Sentries","floor":7,"turns":7},{"damage":4,"enemies":"Red Slaver","floor":10,"turns":6},{"damage":1,"enemies":"Looter","floor":12,"turns":5},{"damage":17,"enemies":"3 Louse","floor":14,"turns":4},{"damage":94,"enemies":"Hexaghost","floor":16,"turns":16}],"seed_played":"7206726662649282101","potions_obtained":[{"floor":3,"key":"EssenceOfSteel"},{"floor":12,"key":"Regen Potion"}],"is_trial":false,"path_per_floor":["M","$","M","?","M","R","E","$","T","M","?","M","R","M","R","B"],"character_chosen":"IRONCLAD","items_purchased":["Cleave","Shrug It Off"],"campfire_rested":0,"item_purchase_floors":[2,8],"current_hp_per_floor":[70,70,70,70,72,72,62,62,62,64,64,69,69,58,58,0],"gold":132,"neow_bonus":"THREE_RARE_CARDS","is_prod":false,"is_daily":false,"chose_seed":false,"campfire_upgraded":3,"win_rate":0,"timestamp":1558004504,"path_taken":["M","$","M","?","?","R","E","?","T","M","?","?","R","M","R","BOSS"],"build_version":"2019-01-23","purchased_purges":1,"victory":false,"max_hp_per_floor":[72,72,72,72,72,72,79,79,79,79,79,79,79,79,79,79],"card_choices":[{"not_picked":["Fiend Fire","Limit Break"],"picked":"Double Tap","floor":0},{"not_picked":["Heavy Blade","Blood for Blood","Armaments"],"picked":"SKIP","floor":1},{"not_picked":["Second Wind","Perfected Strike","Rupture"],"picked":"SKIP","floor":3},{"not_picked":["Heavy Blade","Havoc"],"picked":"Metallicize","floor":5},{"not_picked":["Dual Wield","Carnage"],"picked":"Iron Wave","floor":7},{"not_picked":["Carnage","Feel No Pain","Sever Soul"],"picked":"SKIP","floor":10},{"not_picked":["Wild Strike","Hemokinesis"],"picked":"Headbutt","floor":12},{"not_picked":["Heavy Blade","Wild Strike"],"picked":"True Grit","floor":14}],"player_experience":217863,"relics_obtained":[{"floor":7,"key":"Strawberry"},{"floor":9,"key":"Omamori"}],"event_choices":[{"cards_removed":["Strike_R"],"damage_healed":0,"gold_gain":0,"player_choice":"Offered Basic","damage_taken":0,"max_hp_gain":0,"max_hp_loss":0,"event_name":"Bonfire Elementals","floor":4,"gold_loss":0},{"damage_healed":0,"gold_gain":0,"player_choice":"Gave Potion","damage_taken":0,"relics_obtained":["Pantograph"],"max_hp_gain":0,"max_hp_loss":0,"event_name":"WeMeetAgain","floor":11,"gold_loss":0}],"is_beta":false,"boss_relics":[],"items_purged_floors":[2],"is_endless":false,"potions_floor_spawned":[3,12],"killed_by":"Hexaghost","ascension_level":13}