{"gold_per_floor":[109,259,10,24,24,24,37,37,64,84,110,127,147,58,58,58],"floor_reached":16,"playtime":940,"items_purged":["Doubt"],"score":213,"play_id":"4ffcb6ee-534b-4baa-8364-3715ad6e04ee","local_time":"20190530130512","is_ascension_mode":true,"campfire_choices":[{"floor":8,"key":"REST"},{"floor":15,"key":"REST"}],"neow_cost":"NONE","seed_source_timestamp":978536227728772,"circlet_count":0,"master_deck":["AscendersBane","Strike_R","Strike_R","Strike_R+1","Strike_R","Strike_R","Defend_R","Defend_R","Defend_R","Defend_R+1","Bash","Sever Soul","Apotheosis","Inflame","Shrug It Off","Headbutt","Impervious","Shrug It Off","True Grit","Corruption"],"relics":["Burning Blood","Smiling Mask","Bottled Flame"],"potions_floor_usage":[6,16,16],"damage_taken":[{"damage":2,"enemies":"2 Louse","floor":1,"turns":3},{"damage":13,"enemies":"Jaw Worm","floor":4,"turns":4},{"damage":0,"enemies":"Gremlin Nob","floor":6,"turns":2},{"damage":11,"enemies":"Cultist","floor":7,"turns":4},{"damage":11,"enemies":"Exordium Thugs","floor":10,"turns":5},{"damage":28,"enemies":"3 Sentries","floor":11,"turns":8},{"damage":11,"enemies":"2 Fungi Beasts","floor":12,"turns":3},{"damage":12,"enemies":"3 Louse","floor":13,"turns":4},{"damage":59,"enemies":"Slime Boss","floor":16,"turns":11}],"seed_played":"7847344307034127253","potions_obtained":[{"floor":4,"key":"SmokeBomb"},{"floor":11,"key":"Poison Potion"},{"floor":13,"key":"Dexterity Potion"}],"is_trial":false,"path_per_floor":["?","?"],"character_chosen":"IRONCLAD","items_purchased":["Apotheosis","Inflame","Corruption"],"campfire_rested":2,"item_purchase_floors":[3,3,14],"current_hp_per_floor":[79,79,79,72,47,53,48,72,72,67,45,40,34,34,58,0],"gold":58,"neow_bonus":"TEN_PERCENT_HP_BONUS","is_prod":false,"is_daily":false,"chose_seed":false,"campfire_upgraded":0,"win_rate":0,"timestamp":1559235912,"path_taken":["M","?","$","M","?","E","M","R","T","M","E","M","M","$","R","BOSS"],"build_version":"2019-01-23","purchased_purges":1,"victory":false,"max_hp_per_floor":[82,82,82,82,82,82,82,82,82,82,82,82,82,82,82,82],"card_choices":[{"not_picked":["Anger","Hemokinesis"],"picked":"Sever Soul","floor":1},{"not_picked":["Fire Breathing","Seeing Red"],"picked":"Shrug It Off","floor":4},{"not_picked":["Perfected Strike","Rupture","Warcry"],"picked":"SKIP","floor":7},{"not_picked":["Fire Breathing","Reckless Charge"],"picked":"Headbutt","floor":10},{"not_picked":["Feel No Pain","Hemokinesis"],"picked":"Impervious","floor":11},{"not_picked":["Evolve","Carnage"],"picked":"Shrug It Off","floor":12},{"not_picked":["Thunderclap","Berserk"],"picked":"True Grit","floor":13}],"player_experience":737186,"relics_obtained":[{"floor":9,"key":"Smiling Mask"},{"floor":11,"key":"Bottled Flame"}],"event_choices":[{"damage_healed":0,"gold_gain":150,"player_choice":"AGREE","damage_taken":0,"max_hp_gain":0,"max_hp_loss":0,"event_name":"Liars Game","floor":2,"gold_loss":0,"cards_obtained":["Doubt"]},{"damage_healed":0,"gold_gain":0,"player_choice":"Entered Light","damage_taken":25,"max_hp_gain":0,"max_hp_loss":0,"event_name":"Shining Light","floor":5,"gold_loss":0,"cards_upgraded":["Strike_R","Defend_R"]}],"is_beta":false,"boss_relics":[],"items_purged_floors":[14],"is_endless":false,"potions_floor_spawned":[4,11,13],"killed_by":"Slime Boss","ascension_level":18}