{"gold_per_floor":[119,119,135,145,162,196,196,2,2,16,45,45,62,62,62,165,215,234,184,195,195,195,195,215,246,328,338,338,367,384,395,395,495,495,508,520,262,275,275,275,275,285,285,320,320,127,198,209,209,209],"floor_reached":51,"playtime":1661,"items_purged":["Strike_R","Defend_R","Strike_R","Defend_R"],"score":1102,"play_id":"5086f46f-e47b-466f-a3bd-6578558d164b","local_time":"20190501131446","is_ascension_mode":true,"campfire_choices":[{"data":"Strike_R","floor":7.0,"key":"PURGE"},{"data":"Body Slam","floor":12.0,"key":"SMITH"},{"data":"Bash","floor":15.0,"key":"PURGE"},{"data":"Armaments","floor":23.0,"key":"SMITH"},{"floor":28.0,"key":"REST"},{"data":"Defend_R","floor":32,"key":"PURGE"},{"data":"Writhe","floor":41,"key":"PURGE"},{"floor":45,"key":"REST"},{"floor":49,"key":"REST"}],"neow_cost":"TEN_PERCENT_HP_LOSS","seed_source_timestamp":1786357017601125,"circlet_count":0,"master_deck":["AscendersBane","Strike_R+1","Strike_R+1","Defend_R+1","Body Slam+1","Blind","Juggernaut","Rage","Shrug It Off","Shrug It Off","Armaments+1","Body Slam+1","Iron Wave+1","Iron Wave","True Grit+1"],"special_seed":0,"relics":["Burning Blood","Peace Pipe","Smiling Mask","Lantern","Bag of Marbles","Dodecahedron","Thread and Needle","Tiny House","Whetstone","Tiny Chest","Potion Belt","Philosopher\u0027s Stone","Bronze Scales","Shuriken","PreservedInsect","Regal Pillow","Meat on the Bone"],"potions_floor_usage":[30,33,33,33,33,36,48,50],"damage_taken":[{"damage":0.0,"enemies":"Small Slimes","floor":1.0,"turns":3.0},{"damage":2.0,"enemies":"Cultist","floor":3.0,"turns":5.0},{"damage":7.0,"enemies":"2 Louse","floor":4.0,"turns":4.0},{"damage":1.0,"enemies":"2 Fungi Beasts","floor":5.0,"turns":3.0},{"damage":24.0,"enemies":"Lagavulin","floor":6.0,"turns":8.0},{"damage":0.0,"enemies":"3 Louse","floor":10.0,"turns":1.0},{"damage":12.0,"enemies":"3 Sentries","floor":11.0,"turns":7.0},{"damage":4.0,"enemies":"Red Slaver","floor":13.0,"turns":4.0},{"damage":13.0,"enemies":"Slime Boss","floor":16.0,"turns":9.0},{"damage":4.0,"enemies":"Spheric Guardian","floor":18.0,"turns":5.0},{"damage":0.0,"enemies":"Chosen","floor":20.0,"turns":4.0},{"damage":0.0,"enemies":"Shelled Parasite and Fungi","floor":24.0,"turns":3.0},{"damage":56.0,"enemies":"Slavers","floor":25.0,"turns":9.0},{"damage":0.0,"enemies":"Snake Plant","floor":27.0,"turns":1.0},{"damage":18,"enemies":"Gremlin Leader","floor":29,"turns":7},{"damage":6,"enemies":"Snecko","floor":30,"turns":5},{"damage":0,"enemies":"Centurion and Healer","floor":31,"turns":5},{"damage":52,"enemies":"Collector","floor":33,"turns":9},{"damage":36,"enemies":"3 Darklings","floor":35,"turns":6},{"damage":0,"enemies":"Orb Walker","floor":36,"turns":4},{"damage":11,"enemies":"3 Darklings","floor":38,"turns":3},{"damage":0,"enemies":"Sphere and 2 Shapes","floor":42,"turns":4},{"damage":47,"enemies":"Reptomancer","floor":44,"turns":6},{"damage":0,"enemies":"Spire Growth","floor":48,"turns":4},{"damage":45,"enemies":"Donu and Deca","floor":50,"turns":11}],"seed_played":"-2892132192303041474","potions_obtained":[{"floor":4.0,"key":"Explosive Potion"},{"floor":5.0,"key":"Fire Potion"},{"floor":10.0,"key":"PowerPotion"},{"floor":11.0,"key":"SneckoOil"},{"floor":17.0,"key":"FairyPotion"},{"floor":25.0,"key":"SteroidPotion"},{"floor":29,"key":"PowerPotion"},{"floor":31,"key":"EntropicBrew"},{"floor":33,"key":"GamblersBrew"},{"floor":44,"key":"Poison Potion"},{"floor":48,"key":"Dexterity Potion"}],"is_trial":false,"path_per_floor":["M","?","M","M","M","E","R","$","T","M","E","R","M","?","R","B",null,"M","$","M","?","?","R","M","E","T","M","R","E","M","M","R","B",null,"M","M","$","M","?","?","R","M","T","E","R","$","T","M","R","B",null],"character_chosen":"IRONCLAD","items_purchased":["Lantern","Bronze Scales","Iron Wave","Regal Pillow"],"campfire_rested":3,"item_purchase_floors":[8,37,37,46],"current_hp_per_floor":[72,72,72,71,72,54,54,54,54,60,54,54,56,53,53,46,71,73,73,77,77,77,77,77,27,27,33,56,44,44,50,50,13,61,31,37,37,32,32,51,51,57,57,16,39,39,39,45,77,50],"gold":209,"neow_bonus":"ONE_RARE_RELIC","is_prod":false,"is_daily":false,"chose_seed":false,"campfire_upgraded":2,"win_rate":0,"timestamp":1556709286,"path_taken":["M","?","M","?","M","E","R","$","T","M","E","R","M","?","R","BOSS","M","$","M","?","?","R","M","E","T","?","R","E","?","M","R","BOSS","M","M","$","M","?","?","R","?","T","E","R","?","?","M","R","BOSS"],"build_version":"2019-01-23","purchased_purges":4,"victory":true,"max_hp_per_floor":[72,72,72,72,72,72,72,72,72,72,72,72,72,72,72,72,77,77,77,77,77,77,77,77,77,77,77,77,77,77,77,77,77,77,77,77,77,77,77,77,77,77,77,77,77,77,77,77,77,77],"card_choices":[{"not_picked":["Intimidate","Twin Strike"],"picked":"Body Slam","floor":1.0},{"not_picked":["Headbutt","Spot Weakness","Havoc"],"picked":"SKIP","floor":3.0},{"not_picked":["Wild Strike","Clothesline"],"picked":"Rage","floor":4.0},{"not_picked":["Clash","Rage"],"picked":"Shrug It Off","floor":5.0},{"not_picked":["Anger","Second Wind","Battle Trance"],"picked":"SKIP","floor":6.0},{"not_picked":["Evolve","Second Wind"],"picked":"Shrug It Off","floor":10.0},{"not_picked":["Reaper","Bloodletting","Heavy Blade"],"picked":"SKIP","floor":11.0},{"not_picked":["Reckless Charge","Shrug It Off","Second Wind"],"picked":"SKIP","floor":13.0},{"not_picked":["Demon Form","Berserk"],"picked":"Juggernaut","floor":16.0},{"not_picked":["Cleave","Battle Trance","Perfected Strike"],"picked":"SKIP","floor":18.0},{"not_picked":["Rampage","Warcry"],"picked":"Armaments","floor":20.0},{"not_picked":["Pommel Strike","Double Tap","Hemokinesis"],"picked":"SKIP","floor":24.0},{"not_picked":["Feed","Iron Wave+1"],"picked":"Body Slam+1","floor":25.0},{"not_picked":["Warcry","Searing Blow+1","Cleave"],"picked":"SKIP","floor":27.0},{"not_picked":["Anger","Dropkick+1"],"picked":"Iron Wave+1","floor":29},{"not_picked":["Hemokinesis","Fire Breathing+1","True Grit"],"picked":"SKIP","floor":30},{"not_picked":["Perfected Strike","Headbutt","Searing Blow"],"picked":"SKIP","floor":31},{"not_picked":["Clothesline+1","Flex","Warcry"],"picked":"SKIP","floor":35},{"not_picked":["Clash+1","Bloodletting","Whirlwind+1"],"picked":"SKIP","floor":36},{"not_picked":["Power Through+1","Thunderclap+1","Clothesline+1"],"picked":"SKIP","floor":38},{"not_picked":["Clash","Berserk","Burning Pact"],"picked":"SKIP","floor":42},{"not_picked":["Disarm","Rupture+1"],"picked":"True Grit+1","floor":44},{"not_picked":["Infernal Blade+1","Sword Boomerang+1","Twin Strike"],"picked":"SKIP","floor":48}],"player_experience":187475,"relics_obtained":[{"floor":6.0,"key":"Smiling Mask"},{"floor":9.0,"key":"Bag of Marbles"},{"floor":11.0,"key":"Dodecahedron"},{"floor":25.0,"key":"Whetstone"},{"floor":26.0,"key":"Tiny Chest"},{"floor":29,"key":"Potion Belt"},{"floor":43,"key":"Shuriken"},{"floor":44,"key":"PreservedInsect"},{"floor":47,"key":"Meat on the Bone"}],"event_choices":[{"damage_healed":0.0,"max_hp_gain":0.0,"max_hp_loss":0.0,"gold_gain":0.0,"event_name":"Match and Keep!","player_choice":"2 cards matched","floor":2.0,"gold_loss":0.0,"damage_taken":0.0,"cards_obtained":["Blind","Juggernaut"]},{"damage_healed":0.0,"max_hp_gain":0.0,"max_hp_loss":0.0,"gold_gain":0.0,"event_name":"Scrap Ooze","player_choice":"Success","floor":14.0,"gold_loss":0.0,"damage_taken":3.0,"relics_obtained":["Thread and Needle"]},{"damage_healed":0.0,"max_hp_gain":0.0,"max_hp_loss":0.0,"gold_gain":0.0,"event_name":"Vampires","player_choice":"Ignored","floor":21.0,"gold_loss":0.0,"damage_taken":0.0},{"damage_healed":0.0,"max_hp_gain":0.0,"max_hp_loss":0.0,"gold_gain":0.0,"event_name":"The Woman in Blue","player_choice":"Bought 0 Potions","floor":22.0,"gold_loss":0.0,"damage_taken":0.0},{"cards_removed":["Juggernaut"],"damage_healed":0,"gold_gain":0,"player_choice":"Removed Power","damage_taken":0,"max_hp_gain":0,"max_hp_loss":0,"event_name":"Falling","floor":39,"gold_loss":0},{"damage_healed":19,"gold_gain":0,"player_choice":"Writhe","damage_taken":0,"max_hp_gain":0,"max_hp_loss":0,"event_name":"Winding Halls","floor":40,"gold_loss":0,"cards_obtained":["Writhe"]}],"is_beta":false,"boss_relics":[{"not_picked":["Astrolabe","Orrery"],"picked":"Tiny House"},{"not_picked":["Snecko Eye","Pandora\u0027s Box"],"picked":"Philosopher\u0027s Stone"}],"items_purged_floors":[8,19,37,46],"is_endless":false,"potions_floor_spawned":[4,5,10,11,18,25,29,31,33,44,48],"ascension_level":11}