{"gold_per_floor":[116,116,116,4,29,29,49,49,95,20,20,40,70,86,86,86],"floor_reached":16,"playtime":416,"items_purged":["Strike_G"],"score":149,"play_id":"aa5e6114-b5b0-434d-82d7-669d6c520b09","local_time":"20190519192152","is_ascension_mode":true,"campfire_choices":[{"floor":6,"key":"REST"},{"data":"Caltrops","floor":8,"key":"SMITH"},{"floor":15,"key":"REST"}],"neow_cost":"NONE","seed_source_timestamp":7805950168549,"circlet_count":0,"master_deck":["AscendersBane","Defend_G","Defend_G","Defend_G","Defend_G+1","Defend_G","Strike_G","Strike_G+1","Strike_G","Survivor","Neutralize","Calculated Gamble","Dagger Spray","Caltrops+1","Cloak And Dagger","Infinite Blades","Footwork","Malaise"],"relics":["Ring of the Snake","Golden Idol","PreservedInsect","Odd Mushroom"],"potions_floor_usage":[13,14],"damage_taken":[{"damage":0,"enemies":"2 Louse","floor":1,"turns":4},{"damage":0,"enemies":"Jaw Worm","floor":5,"turns":5},{"damage":0,"enemies":"Cultist","floor":7,"turns":4},{"damage":4,"enemies":"3 Louse","floor":12,"turns":4},{"damage":9,"enemies":"The Mushroom Lair","floor":13,"turns":3},{"damage":12,"enemies":"Gremlin Gang","floor":14,"turns":5},{"damage":56,"enemies":"Slime Boss","floor":16,"turns":8}],"seed_played":"-6034013314206246","potions_obtained":[{"floor":1,"key":"Energy Potion"},{"floor":12,"key":"SteroidPotion"}],"is_trial":false,"path_per_floor":["M","?","?","$","M","R","M","R","T","$","?","M","?","M","R","B"],"character_chosen":"THE_SILENT","items_purchased":["Caltrops","Infinite Blades"],"campfire_rested":2,"item_purchase_floors":[4,10],"current_hp_per_floor":[63,46,32,32,32,53,53,53,53,53,53,49,40,28,49,0],"gold":86,"neow_bonus":"TRANSFORM_CARD","is_prod":false,"is_daily":false,"chose_seed":false,"campfire_upgraded":1,"win_rate":0,"timestamp":1558286512,"path_taken":["M","?","?","$","M","R","M","R","T","$","?","M","?","?","R","BOSS"],"build_version":"2019-01-23","purchased_purges":1,"victory":false,"max_hp_per_floor":[70,70,70,70,70,70,70,70,70,70,70,70,70,70,70,70],"card_choices":[{"not_picked":["Eviscerate","Flechettes"],"picked":"Dagger Spray","floor":1},{"not_picked":["Prepared","Bane","Outmaneuver"],"picked":"SKIP","floor":5},{"not_picked":["Choke","Dodge and Roll"],"picked":"Cloak And Dagger","floor":7},{"not_picked":["Leg Sweep","PiercingWail"],"picked":"Footwork","floor":12},{"not_picked":["Outmaneuver","Backflip"],"picked":"Malaise","floor":13},{"not_picked":["Deadly Poison","Reflex","Quick Slash"],"picked":"SKIP","floor":14}],"player_experience":223543,"relics_obtained":[{"floor":9,"key":"PreservedInsect"},{"floor":13,"key":"Odd Mushroom"}],"event_choices":[{"damage_healed":0,"gold_gain":0,"player_choice":"Take Damage","damage_taken":17,"relics_obtained":["Golden Idol"],"max_hp_gain":0,"max_hp_loss":0,"event_name":"Golden Idol","floor":2,"gold_loss":0},{"damage_healed":0,"gold_gain":0,"player_choice":"Entered Light","damage_taken":14,"max_hp_gain":0,"max_hp_loss":0,"event_name":"Shining Light","floor":3,"gold_loss":0,"cards_upgraded":["Strike_G","Defend_G"]},{"damage_healed":0,"gold_gain":0,"player_choice":"Leave","damage_taken":0,"max_hp_gain":0,"max_hp_loss":0,"event_name":"The Cleric","floor":11,"gold_loss":0},{"damage_healed":0,"gold_gain":0,"player_choice":"Fought Mushrooms","damage_taken":0,"max_hp_gain":0,"max_hp_loss":0,"event_name":"Mushrooms","floor":13,"gold_loss":0}],"is_beta":false,"boss_relics":[],"items_purged_floors":[4],"is_endless":false,"potions_floor_spawned":[1,12],"killed_by":"Slime Boss","ascension_level":13}