{"gold_per_floor":[112,60,78,88,11,11,22,57,57,37,37,37,51,62,62,140,140,155,155,50,70,90,117,117,145,172,172,172,206,206,15,15,86,86,100,100,50,62,77,106,106,116,140,152,167,2,13,45,45,45,45,45,6,40,40],"floor_reached":55,"playtime":5964,"items_purged":["Strike_R"],"score":1388,"play_id":"856faaf9-88cd-4e22-9ed0-a5a33d78c20d","local_time":"20190522162526","is_ascension_mode":true,"campfire_choices":[{"data":"Uppercut","floor":6,"key":"SMITH"},{"data":"Shockwave","floor":12,"key":"SMITH"},{"data":"True Grit","floor":15,"key":"SMITH"},{"data":"Flame Barrier","floor":24,"key":"SMITH"},{"floor":32,"key":"REST"},{"floor":41,"key":"REST"},{"floor":49,"key":"RECALL"},{"floor":52,"key":"REST"}],"neow_cost":"NONE","seed_source_timestamp":294316329607371,"circlet_count":0,"master_deck":["AscendersBane","Strike_R","Strike_R","Strike_R","Strike_R","Defend_R","Defend_R","Defend_R","Defend_R","Bash","Clothesline","Sever Soul","Shockwave+1","Uppercut+1","Seeing Red","True Grit+1","Rage","Feel No Pain","Double Tap+1","Metallicize","Uppercut+1","Inflame","Armaments","Clothesline","Flame Barrier+1","True Grit+1","Hemokinesis+1","Shrug It Off","Barricade","Inflame","Madness","Madness","Headbutt","Headbutt+1","Exhume","Feel No Pain","Flame Barrier+1","Whirlwind+1","Corruption","Spot Weakness","Perfected Strike","Heavy Blade","Inflame","Spot Weakness","Exhume"],"relics":["Burning Blood","Shuriken","Pantograph","Bottled Flame","Snecko Eye","Anchor","Ice Cream","Orichalcum","MutagenicStrength","Regal Pillow","Fusion Hammer","Ancient Tea Set","Unceasing Top","Oddly Smooth Stone"],"potions_floor_usage":[8,16,23,25,29,33,40,50,50],"damage_taken":[{"damage":1,"enemies":"2 Louse","floor":1,"turns":3},{"damage":7,"enemies":"Cultist","floor":3,"turns":4},{"damage":4,"enemies":"Small Slimes","floor":4,"turns":3},{"damage":25,"enemies":"Red Slaver","floor":7,"turns":4},{"damage":10,"enemies":"Lagavulin","floor":8,"turns":5},{"damage":4,"enemies":"Exordium Wildlife","floor":13,"turns":3},{"damage":8,"enemies":"Looter","floor":14,"turns":2},{"damage":60,"enemies":"The Guardian","floor":16,"turns":12},{"damage":13,"enemies":"Spheric Guardian","floor":18,"turns":4},{"damage":6,"enemies":"Chosen","floor":21,"turns":3},{"damage":12,"enemies":"Snake Plant","floor":22,"turns":5},{"damage":12,"enemies":"Slavers","floor":23,"turns":5},{"damage":24,"enemies":"Gremlin Leader","floor":25,"turns":7},{"damage":7,"enemies":"Book of Stabbing","floor":29,"turns":5},{"damage":50,"enemies":"Automaton","floor":33,"turns":11},{"damage":0,"enemies":"3 Shapes","floor":35,"turns":6},{"damage":7,"enemies":"3 Darklings","floor":38,"turns":7},{"damage":0,"enemies":"Maw","floor":39,"turns":9},{"damage":51,"enemies":"Reptomancer","floor":40,"turns":8},{"damage":11,"enemies":"Jaw Worm Horde","floor":42,"turns":5},{"damage":6,"enemies":"4 Shapes","floor":44,"turns":7},{"damage":9,"enemies":"3 Darklings","floor":45,"turns":5},{"damage":17,"enemies":"Spire Growth","floor":47,"turns":4},{"damage":3,"enemies":"Nemesis","floor":48,"turns":6},{"damage":36,"enemies":"Time Eater","floor":50,"turns":9},{"damage":58,"enemies":"Shield and Spear","floor":54,"turns":6},{"damage":57,"enemies":"The Heart","floor":55,"turns":3}],"seed_played":"7565761043659141442","potions_obtained":[{"floor":3,"key":"SkillPotion"},{"floor":8,"key":"Block Potion"},{"floor":10,"key":"Strength Potion"},{"floor":16,"key":"GamblersBrew"},{"floor":21,"key":"Energy Potion"},{"floor":25,"key":"Poison Potion"},{"floor":29,"key":"Poison Potion"},{"floor":33,"key":"Swift Potion"},{"floor":42,"key":"PowerPotion"},{"floor":45,"key":"Regen Potion"}],"is_trial":false,"path_per_floor":["?","$","?","M","?","M","?","?","?","?","?","M"],"character_chosen":"IRONCLAD","items_purchased":["Uppercut","Inflame","Armaments","Shrug It Off","Regen Potion","Corruption","Spot Weakness","Perfected Strike","Spot Weakness"],"campfire_rested":3,"item_purchase_floors":[5,20,20,31,31,46,46,46,53],"current_hp_per_floor":[80,80,79,81,81,81,62,58,58,58,58,58,60,58,58,28,69,62,62,62,62,56,50,50,32,32,32,32,31,31,31,70,38,71,77,62,62,61,67,37,76,71,71,71,68,68,57,60,60,67,78,82,82,30,0],"gold":40,"neow_bonus":"TEN_PERCENT_HP_BONUS","is_prod":false,"is_daily":false,"chose_seed":false,"campfire_upgraded":4,"win_rate":0,"timestamp":1558556726,"path_taken":["M","?","M","M","?","R","M","E","T","?","$","R","?","M","R","BOSS","M","?","$","?","M","E","R","E","T","?","?","E","?","$","R","BOSS","M","?","?","M","M","E","R","M","T","M","M","$","?","E","R","BOSS","R","$","E","BOSS"],"build_version":"2019-01-23","purchased_purges":1,"victory":false,"max_hp_per_floor":[82,82,82,82,82,82,82,82,82,82,82,82,82,82,82,82,82,82,82,82,82,82,82,82,82,82,82,82,82,82,82,82,82,82,82,82,82,82,82,82,82,82,82,82,82,82,82,82,82,82,82,82,82,82,82],"card_choices":[{"not_picked":["Warcry","Burning Pact"],"picked":"Clothesline","floor":1},{"not_picked":["Rupture","Anger"],"picked":"Sever Soul","floor":3},{"not_picked":["Pommel Strike","Burning Pact"],"picked":"Shockwave","floor":4},{"not_picked":["Sentinel","Thunderclap"],"picked":"Seeing Red","floor":7},{"not_picked":["Warcry","Perfected Strike"],"picked":"True Grit","floor":8},{"not_picked":["Pommel Strike","Iron Wave"],"picked":"Rage","floor":13},{"not_picked":["Thunderclap","Pummel"],"picked":"Feel No Pain","floor":14},{"not_picked":["Juggernaut","Dark Embrace"],"picked":"Double Tap","floor":16},{"not_picked":["Twin Strike","Perfected Strike"],"picked":"Metallicize","floor":18},{"not_picked":["Iron Wave","Thunderclap"],"picked":"Clothesline","floor":21},{"not_picked":["Twin Strike","Rupture","Sword Boomerang"],"picked":"SKIP","floor":22},{"not_picked":["Havoc","Uppercut"],"picked":"Flame Barrier","floor":23},{"not_picked":["Pummel+1","Clothesline"],"picked":"True Grit+1","floor":25},{"not_picked":["Armaments","Power Through"],"picked":"Hemokinesis+1","floor":29},{"not_picked":["Double Tap","Juggernaut"],"picked":"Barricade","floor":33},{"not_picked":["Seeing Red+1","Battle Trance"],"picked":"Inflame","floor":35},{"not_picked":["Sword Boomerang","Cleave"],"picked":"Headbutt","floor":38},{"not_picked":["Pommel Strike","Iron Wave"],"picked":"Headbutt+1","floor":39},{"not_picked":["Armaments","Clothesline"],"picked":"Exhume","floor":40},{"not_picked":["Fire Breathing","Dropkick"],"picked":"Feel No Pain","floor":42},{"not_picked":["Hemokinesis","Sword Boomerang"],"picked":"Flame Barrier+1","floor":44},{"not_picked":["Pummel","Sentinel"],"picked":"Whirlwind+1","floor":45},{"not_picked":["Pommel Strike+1","Warcry"],"picked":"Heavy Blade","floor":47},{"not_picked":["Wild Strike","Pummel"],"picked":"Inflame","floor":48},{"not_picked":["Thunderclap+1","Evolve"],"picked":"Exhume","floor":54}],"player_experience":627405,"relics_obtained":[{"floor":8,"key":"Pantograph"},{"floor":9,"key":"Bottled Flame"},{"floor":23,"key":"Anchor"},{"floor":25,"key":"Ice Cream"},{"floor":26,"key":"Orichalcum"},{"floor":29,"key":"Regal Pillow"},{"floor":40,"key":"Ancient Tea Set"},{"floor":48,"key":"Unceasing Top"},{"floor":54,"key":"Oddly Smooth Stone"}],"event_choices":[{"damage_healed":0,"gold_gain":0,"player_choice":"Paid Gold","damage_taken":0,"relics_obtained":["Shuriken"],"max_hp_gain":0,"max_hp_loss":0,"event_name":"WeMeetAgain","floor":2,"gold_loss":52},{"damage_healed":0,"gold_gain":0,"player_choice":"Bought 1 Potion","damage_taken":0,"max_hp_gain":0,"max_hp_loss":0,"event_name":"The Woman in Blue","floor":10,"gold_loss":0},{"damage_healed":0,"gold_gain":0,"player_choice":"Copied","damage_taken":0,"max_hp_gain":0,"max_hp_loss":0,"event_name":"Duplicator","floor":19,"gold_loss":0,"cards_obtained":["Uppercut"]},{"damage_healed":0,"gold_gain":0,"player_choice":"Inject Mutagens","damage_taken":0,"relics_obtained":["MutagenicStrength"],"max_hp_gain":0,"max_hp_loss":0,"event_name":"Drug Dealer","floor":27,"gold_loss":0},{"damage_healed":0,"gold_gain":0,"player_choice":"Ignored","damage_taken":0,"max_hp_gain":0,"max_hp_loss":0,"event_name":"Cursed Tome","floor":28,"gold_loss":0},{"damage_healed":0,"gold_gain":0,"player_choice":"Ignored","damage_taken":0,"max_hp_gain":0,"max_hp_loss":0,"event_name":"Vampires","floor":30,"gold_loss":0},{"damage_healed":0,"gold_gain":0,"player_choice":"Embrace Madness","damage_taken":15,"max_hp_gain":0,"max_hp_loss":0,"event_name":"Winding Halls","floor":36,"gold_loss":0,"cards_obtained":["Madness","Madness"]},{"damage_healed":0,"gold_gain":0,"player_choice":"Upgrade","damage_taken":0,"max_hp_gain":0,"max_hp_loss":0,"event_name":"Designer","floor":37,"gold_loss":50,"cards_upgraded":["Double Tap"]}],"is_beta":false,"boss_relics":[{"not_picked":["White Beast Statue","Pandora\u0027s Box"],"picked":"Snecko Eye"},{"not_picked":["Philosopher\u0027s Stone","Astrolabe"],"picked":"Fusion Hammer"}],"items_purged_floors":[31],"is_endless":false,"potions_floor_spawned":[3,8,13,16,21,25,29,33,42,45,47,48],"killed_by":"The Heart","ascension_level":17}