{"gold_per_floor":[114,114,32,49,49,83,83,104,104,104,127,171,11,11],"floor_reached":14,"playtime":755,"items_purged":[],"score":137,"play_id":"a50f66aa-093f-4e17-92fb-08c3315c4c6b","local_time":"20190507190235","is_ascension_mode":true,"campfire_choices":[{"data":"Flame Barrier","floor":7,"key":"SMITH"},{"data":"Searing Blow","floor":10,"key":"SMITH"}],"neow_cost":"NONE","seed_source_timestamp":4250484626512640,"circlet_count":0,"master_deck":["Strike_R","Strike_R","Strike_R","Strike_R","Strike_R","Defend_R","Defend_R","Defend_R","Defend_R","Bash","Flame Barrier+1","Bandage Up","Havoc","Injury","Metallicize","Searing Blow+1","Whirlwind","Armaments","Double Tap"],"relics":["Burning Blood","Golden Idol","Mummified Hand","Frozen Egg 2","Potion Belt"],"potions_floor_usage":[12,12,12],"damage_taken":[{"damage":4,"enemies":"Small Slimes","floor":1,"turns":5},{"damage":2,"enemies":"Jaw Worm","floor":4,"turns":3},{"damage":66,"enemies":"Gremlin Nob","floor":6,"turns":6},{"damage":0,"enemies":"2 Louse","floor":8,"turns":3},{"damage":17,"enemies":"Exordium Thugs","floor":11,"turns":7},{"damage":41,"enemies":"Lagavulin","floor":12,"turns":10},{"damage":27,"enemies":"3 Sentries","floor":14,"turns":8}],"seed_played":"-3728084284015561287","potions_obtained":[{"floor":4,"key":"SkillPotion"},{"floor":6,"key":"Regen Potion"},{"floor":8,"key":"AttackPotion"}],"is_trial":false,"path_per_floor":["?","?","$"],"character_chosen":"IRONCLAD","items_purchased":["Bandage Up","Double Tap"],"campfire_rested":0,"item_purchase_floors":[3,13],"current_hp_per_floor":[82,82,82,88,88,32,32,42,42,42,35,19,19,0],"gold":11,"neow_bonus":"TEN_PERCENT_HP_BONUS","is_prod":false,"is_daily":false,"chose_seed":false,"campfire_upgraded":2,"win_rate":0,"timestamp":1557270155,"path_taken":["M","?","$","M","?","E","R","M","T","R","M","E","?","E"],"build_version":"2019-01-23","purchased_purges":0,"victory":false,"max_hp_per_floor":[88,88,88,88,88,88,88,88,88,88,88,88,88,88],"card_choices":[{"not_picked":["Havoc","Perfected Strike"],"picked":"Flame Barrier","floor":1},{"not_picked":["Bloodletting","Armaments"],"picked":"Havoc","floor":4},{"not_picked":["Cleave","Clothesline"],"picked":"Metallicize","floor":6},{"not_picked":["Armaments","Rupture"],"picked":"Searing Blow","floor":8},{"not_picked":["Wild Strike","Sword Boomerang"],"picked":"Whirlwind","floor":11},{"not_picked":["Clothesline","Flex"],"picked":"Armaments","floor":12}],"player_experience":302685,"relics_obtained":[{"floor":6,"key":"Mummified Hand"},{"floor":9,"key":"Frozen Egg 2"},{"floor":12,"key":"Potion Belt"}],"event_choices":[{"damage_healed":0,"gold_gain":0,"player_choice":"Leave","damage_taken":0,"max_hp_gain":0,"max_hp_loss":0,"event_name":"The Cleric","floor":2,"gold_loss":0},{"damage_healed":0,"gold_gain":0,"player_choice":"Take Wound","damage_taken":0,"relics_obtained":["Golden Idol"],"max_hp_gain":0,"max_hp_loss":0,"event_name":"Golden Idol","floor":5,"gold_loss":0,"cards_obtained":["Injury"]}],"is_beta":false,"boss_relics":[],"items_purged_floors":[],"is_endless":false,"potions_floor_spawned":[4,6,8],"killed_by":"3 Sentries","ascension_level":8}