{"gold_per_floor":[118,118,193,65,79,79,112,112,135,135,148,148,159,221,221,221],"floor_reached":16,"playtime":492,"items_purged":["Strike_B"],"score":184,"play_id":"c5fbc4e7-ce11-427c-bd45-facde244a7d1","local_time":"20190519193028","is_ascension_mode":true,"campfire_choices":[{"data":"Consume","floor":6,"key":"SMITH"},{"floor":8,"key":"REST"},{"data":"Zap","floor":10,"key":"SMITH"},{"data":"Dualcast","floor":12,"key":"SMITH"},{"floor":15,"key":"REST"}],"neow_cost":"PERCENT_DAMAGE","seed_source_timestamp":8234076899115,"circlet_count":0,"master_deck":["AscendersBane","Strike_B","Strike_B","Strike_B","Defend_B","Defend_B","Defend_B","Defend_B","Zap+1","Dualcast+1","Gash","Cold Snap","Consume+1","Coolheaded"],"special_seed":0,"relics":["Cracked Core","Dead Branch","Singing Bowl","Bag of Preparation","Potion Belt","Tiny Chest"],"potions_floor_usage":[7,16],"damage_taken":[{"damage":0.0,"enemies":"Cultist","floor":1.0,"turns":3.0},{"damage":7,"enemies":"Small Slimes","floor":5,"turns":2},{"damage":20,"enemies":"3 Sentries","floor":7,"turns":7},{"damage":7,"enemies":"Jaw Worm","floor":11,"turns":2},{"damage":13,"enemies":"Lots of Slimes","floor":13,"turns":4},{"damage":8,"enemies":"Gremlin Nob","floor":14,"turns":4},{"damage":37,"enemies":"Hexaghost","floor":16,"turns":14}],"seed_played":"-3677548016834314115","potions_obtained":[{"floor":5,"key":"AttackPotion"},{"floor":14,"key":"Poison Potion"}],"is_trial":false,"path_per_floor":["M","T","?","$","M","R","E","R","T","R","M","R","M","E","R","B"],"character_chosen":"DEFECT","items_purchased":["Cold Snap"],"campfire_rested":2,"item_purchase_floors":[4],"current_hp_per_floor":[46,46,39,39,32,32,14,35,35,35,28,28,17,11,34,0],"gold":221,"neow_bonus":"ONE_RARE_RELIC","is_prod":false,"is_daily":false,"chose_seed":false,"campfire_upgraded":3,"win_rate":0,"timestamp":1558287028,"path_taken":["M","?","?","$","M","R","E","R","T","R","?","R","M","E","R","BOSS"],"build_version":"2019-01-23","purchased_purges":1,"victory":false,"max_hp_per_floor":[71,71,71,71,71,71,73,73,73,73,73,73,75,77,77,77],"card_choices":[{"not_picked":["Go for the Eyes","Redo"],"picked":"Gash","floor":1.0},{"not_picked":["Redo","Leap"],"picked":"Consume","floor":5},{"not_picked":["Beam Cell","Hello World","Turbo"],"picked":"Singing Bowl","floor":7},{"not_picked":["Leap","Go for the Eyes"],"picked":"Coolheaded","floor":11},{"not_picked":["Sweeping Beam","Leap","BootSequence"],"picked":"Singing Bowl","floor":13},{"not_picked":["Ball Lightning","Redo","Go for the Eyes"],"picked":"Singing Bowl","floor":14}],"player_experience":223959,"relics_obtained":[{"floor":2.0,"key":"Singing Bowl"},{"floor":7,"key":"Bag of Preparation"},{"floor":9,"key":"Potion Belt"},{"floor":14,"key":"Tiny Chest"}],"event_choices":[{"damage_healed":0,"gold_gain":75,"player_choice":"Touch","damage_taken":7,"max_hp_gain":0,"max_hp_loss":0,"event_name":"FaceTrader","floor":3,"gold_loss":0}],"is_beta":false,"boss_relics":[],"items_purged_floors":[4],"is_endless":false,"potions_floor_spawned":[5,14],"killed_by":"Hexaghost","ascension_level":14}