{"gold_per_floor":[109,127,202,70,86,86,100,100,100,130,130,140,160,160,160,235,235,215,215,215,52,52],"floor_reached":22,"playtime":1011,"items_purged":["Strike_R"],"score":368,"play_id":"eea05b92-3391-4330-a9db-3f41ac9e3a8e","local_time":"20190514215903","is_ascension_mode":true,"campfire_choices":[{"data":"Armaments","floor":6,"key":"SMITH"},{"data":"True Grit","floor":8,"key":"SMITH"},{"data":"True Grit","floor":11,"key":"SMITH"},{"data":"Rampage","floor":15,"key":"SMITH"}],"neow_cost":"NONE","seed_source_timestamp":2297044597265389,"circlet_count":0,"master_deck":["AscendersBane","Strike_R","Strike_R","Strike_R","Defend_R","Defend_R","Defend_R","Defend_R","Bash","Armaments+1","Carnage","Rampage+1","True Grit+1","True Grit+1","Shrug It Off+1","Spot Weakness+1","Limit Break+1","Sentinel+1"],"relics":["Burning Blood","Gremlin Horn","Toxic Egg 2","Snecko Eye"],"potions_floor_usage":[10],"damage_taken":[{"damage":21,"enemies":"Jaw Worm","floor":1,"turns":6},{"damage":5,"enemies":"2 Louse","floor":2,"turns":4},{"damage":0,"enemies":"Cultist","floor":5,"turns":2},{"damage":8,"enemies":"Blue Slaver","floor":7,"turns":4},{"damage":34,"enemies":"Gremlin Nob","floor":10,"turns":4},{"damage":0,"enemies":"3 Louse","floor":12,"turns":4},{"damage":11,"enemies":"Exordium Thugs","floor":13,"turns":4},{"damage":43,"enemies":"The Guardian","floor":16,"turns":13},{"damage":6,"enemies":"2 Thieves","floor":18,"turns":4},{"damage":38,"enemies":"3 Byrds","floor":22,"turns":3}],"seed_played":"-3747498617691475555","potions_obtained":[{"floor":2,"key":"Strength Potion"},{"floor":7,"key":"SpeedPotion"},{"floor":13,"key":"Strength Potion"},{"floor":16,"key":"Ancient Potion"}],"is_trial":false,"path_per_floor":["M","M","?","$","M","R","M","R","T","E","R","M","M","?","R","B",null,"M","?","?","$","M"],"character_chosen":"IRONCLAD","items_purchased":["Rampage","True Grit","Sentinel+1"],"campfire_rested":0,"item_purchase_floors":[4,4,21],"current_hp_per_floor":[53,54,43,43,49,49,47,47,47,19,19,25,20,45,45,8,58,58,37,37,37,0],"gold":52,"neow_bonus":"REMOVE_CARD","is_prod":false,"is_daily":false,"chose_seed":false,"campfire_upgraded":4,"win_rate":0,"timestamp":1557863943,"path_taken":["M","M","?","$","M","R","M","R","T","E","R","M","M","?","R","BOSS","M","?","?","$","M"],"build_version":"2019-01-23","purchased_purges":1,"victory":false,"max_hp_per_floor":[75,75,75,75,75,75,75,75,75,75,75,75,75,75,75,75,75,75,80,80,80,80],"card_choices":[{"not_picked":["Power Through","Entrench"],"picked":"Armaments","floor":1},{"not_picked":["Havoc","Corruption"],"picked":"Carnage","floor":2},{"not_picked":["Anger","Corruption"],"picked":"True Grit","floor":5},{"not_picked":["Heavy Blade","Perfected Strike"],"picked":"Shrug It Off","floor":10},{"not_picked":["True Grit+1","Iron Wave"],"picked":"Spot Weakness+1","floor":12},{"not_picked":["Brutality","Exhume+1"],"picked":"Limit Break+1","floor":16}],"player_experience":1335411,"relics_obtained":[{"floor":9,"key":"Gremlin Horn"},{"floor":10,"key":"Toxic Egg 2"}],"event_choices":[{"damage_healed":0,"gold_gain":75,"player_choice":"Gather Gold","damage_taken":11,"max_hp_gain":0,"max_hp_loss":0,"event_name":"World of Goop","floor":3,"gold_loss":0},{"damage_healed":25,"gold_gain":0,"player_choice":"Banana","damage_taken":0,"max_hp_gain":0,"max_hp_loss":0,"event_name":"Big Fish","floor":14,"gold_loss":0},{"damage_healed":0,"gold_gain":0,"player_choice":"Shed Blood","damage_taken":26,"max_hp_gain":5,"max_hp_loss":0,"event_name":"Forgotten Altar","floor":19,"gold_loss":0},{"damage_healed":0,"gold_gain":0,"player_choice":"Ignored","damage_taken":0,"max_hp_gain":0,"max_hp_loss":0,"event_name":"Vampires","floor":20,"gold_loss":0}],"is_beta":false,"boss_relics":[{"not_picked":["White Beast Statue","Philosopher\u0027s Stone"],"picked":"Snecko Eye"}],"items_purged_floors":[21],"is_endless":false,"potions_floor_spawned":[2,7,13,16,18],"killed_by":"3 Byrds","ascension_level":20}