{"gold_per_floor":[114,127,55,73,93,93,127,137,137,137,154,154,184,204,204,277,277,292,71,71,84,99,99],"floor_reached":23,"playtime":669,"items_purged":["Outmaneuver+1"],"score":332,"play_id":"f73871b0-7d1d-49df-9b13-4773f5e7e407","local_time":"20190522124519","is_ascension_mode":true,"campfire_choices":[{"data":"Dash","floor":6,"key":"SMITH"},{"data":"Noxious Fumes","floor":10,"key":"SMITH"},{"data":"Quick Slash","floor":12,"key":"SMITH"},{"data":"Survivor","floor":15,"key":"SMITH"}],"neow_cost":"NONE","seed_source_timestamp":163938213122805,"circlet_count":0,"master_deck":["AscendersBane","Defend_G","Defend_G","Defend_G","Defend_G","Strike_G","Strike_G","Survivor+1","Neutralize+1","Dash+1","Quick Slash+1","Noxious Fumes+1","Bane+1","Poisoned Stab","Night Terror","Sucker Punch"],"relics":["Ring of the Snake","Darkstone Periapt","Singing Bowl","Tiny Chest","Astrolabe","Regal Pillow"],"potions_floor_usage":[7,7,16,23],"damage_taken":[{"damage":4,"enemies":"Small Slimes","floor":1,"turns":4},{"damage":2,"enemies":"Cultist","floor":2,"turns":4},{"damage":1,"enemies":"2 Louse","floor":4,"turns":3},{"damage":3,"enemies":"Blue Slaver","floor":5,"turns":5},{"damage":2,"enemies":"Gremlin Nob","floor":7,"turns":4},{"damage":3,"enemies":"Exordium Wildlife","floor":8,"turns":4},{"damage":6,"enemies":"3 Louse","floor":11,"turns":3},{"damage":1,"enemies":"Blue Slaver","floor":14,"turns":5},{"damage":12,"enemies":"The Guardian","floor":16,"turns":11},{"damage":11,"enemies":"2 Thieves","floor":18,"turns":4},{"damage":2,"enemies":"Chosen","floor":21,"turns":5},{"damage":23,"enemies":"Shelled Parasite and Fungi","floor":22,"turns":7},{"damage":38,"enemies":"Slavers","floor":23,"turns":3}],"seed_played":"-4232668048858687546","potions_obtained":[{"floor":1,"key":"Strength Potion"},{"floor":2,"key":"Block Potion"},{"floor":11,"key":"AttackPotion"},{"floor":14,"key":"Block Potion"},{"floor":16,"key":"FearPotion"},{"floor":22,"key":"Explosive Potion"}],"is_trial":false,"path_per_floor":["M","M","$","M","M","R","E","M","T","R","M","R","?","M","R","B",null,"M","$","?","M","M","E"],"character_chosen":"THE_SILENT","items_purchased":["Noxious Fumes","Regal Pillow"],"campfire_rested":0,"item_purchase_floors":[3,19],"current_hp_per_floor":[55,53,53,52,49,49,47,44,44,44,40,40,40,41,41,31,62,51,51,51,51,30,0],"gold":99,"neow_bonus":"UPGRADE_CARD","is_prod":false,"is_daily":false,"chose_seed":false,"campfire_upgraded":4,"win_rate":0,"timestamp":1558521919,"path_taken":["M","M","$","M","M","R","E","M","T","R","M","R","?","?","R","BOSS","M","$","?","M","M","E"],"build_version":"2019-01-23","purchased_purges":1,"victory":false,"max_hp_per_floor":[66,66,66,66,66,66,66,66,66,66,68,68,68,70,70,72,72,72,72,72,74,76,76],"card_choices":[{"not_picked":["Tactician","Bane"],"picked":"Dash","floor":1},{"not_picked":["Blade Dance","Dodge and Roll"],"picked":"Quick Slash","floor":2},{"not_picked":["Tactician","Backflip","Accuracy"],"picked":"SKIP","floor":4},{"not_picked":["Acrobatics","Expertise","Tactician"],"picked":"SKIP","floor":5},{"not_picked":["Grand Finale","Acrobatics","Dagger Spray"],"picked":"SKIP","floor":7},{"not_picked":["Leg Sweep","Flying Knee","Backflip"],"picked":"SKIP","floor":8},{"not_picked":["Dodge and Roll","Masterful Stab","Acrobatics"],"picked":"Singing Bowl","floor":11},{"not_picked":["Backflip","Quick Slash","Leg Sweep"],"picked":"Singing Bowl","floor":14},{"not_picked":["Phantasmal Killer","Glass Knife","Die Die Die"],"picked":"Singing Bowl","floor":16},{"not_picked":["Terror","Crippling Poison"],"picked":"Poisoned Stab","floor":18},{"not_picked":["Choke","Backflip","Flechettes+1"],"picked":"Singing Bowl","floor":21},{"not_picked":["PiercingWail","Outmaneuver","Sucker Punch"],"picked":"Singing Bowl","floor":22}],"player_experience":231225,"relics_obtained":[{"floor":7,"key":"Darkstone Periapt"},{"floor":9,"key":"Singing Bowl"}],"event_choices":[{"damage_healed":0,"gold_gain":0,"player_choice":"Gave Potion","damage_taken":0,"relics_obtained":["Tiny Chest"],"max_hp_gain":0,"max_hp_loss":0,"event_name":"WeMeetAgain","floor":13,"gold_loss":0},{"damage_healed":0,"gold_gain":0,"cards_transformed":["All Out Attack","Strike_G"],"player_choice":"Became Test Subject","damage_taken":0,"max_hp_gain":0,"max_hp_loss":0,"event_name":"Drug Dealer","floor":20,"gold_loss":0,"cards_obtained":["Night Terror","Sucker Punch"]}],"is_beta":false,"boss_relics":[{"not_picked":["Fusion Hammer","Eternal Feather"],"picked":"Astrolabe"}],"items_purged_floors":[19],"is_endless":false,"potions_floor_spawned":[1,2,5,11,14,16,22],"killed_by":"Slavers","ascension_level":14}