{"gold_per_floor":[113,288,254,41,60,60,77,77,129,129,187,218,218,243,243,348,348,367,81,112,27,42,42,72,72,72,72,98,113,139,72,72,175,175,188,11,11,233,142,171,171,171,171,206,15,42,8,22,22,22],"floor_reached":51,"playtime":1817,"items_purged":["Doubt","Armaments+1","Strike_R"],"score":1134,"play_id":"47eef630-71af-4630-a94b-256b4abbda91","local_time":"20190325161143","is_ascension_mode":true,"campfire_choices":[{"data":"Armaments","floor":6,"key":"SMITH"},{"data":"Heavy Blade","floor":10,"key":"SMITH"},{"data":"Flame Barrier","floor":13,"key":"SMITH"},{"data":"Inflame","floor":15,"key":"SMITH"},{"data":"Apotheosis","floor":23,"key":"SMITH"},{"floor":25,"key":"REST"},{"floor":32,"key":"REST"},{"floor":41,"key":"REST"},{"floor":49,"key":"REST"}],"neow_cost":"NONE","seed_source_timestamp":273293442957957,"circlet_count":0,"master_deck":["Strike_R","Strike_R","Defend_R","Defend_R+1","Defend_R+1","Defend_R","Bash","Inflame+1","Heavy Blade+1","Inflame","Flame Barrier+1","Cleave","Iron Wave","Inflame","Inflame","Apotheosis+1","Thunderclap","Thunderclap","Ghostly Armor","Metallicize","Heavy Blade+1","Dramatic Entrance+1","Blind","Mayhem","Shrug It Off","Mayhem","Dropkick+1","Whirlwind+1"],"relics":["Burning Blood","Tiny Chest","Lantern","Matryoshka","Bag of Marbles","Champion Belt","Busted Crown","Red Mask","Shuriken","Blood Vial","Ancient Tea Set","Prayer Wheel","Ginger","Molten Egg 2","Runic Cube","Bottled Lightning","War Paint","Question Card","Pen Nib","Meat on the Bone"],"potions_floor_usage":[12,16,20,29,33,40,50,50],"damage_taken":[{"damage":10,"enemies":"Small Slimes","floor":1,"turns":4},{"damage":1,"enemies":"Cultist","floor":5,"turns":3},{"damage":4,"enemies":"2 Louse","floor":7,"turns":4},{"damage":0,"enemies":"Gremlin Nob","floor":11,"turns":3},{"damage":20,"enemies":"Lagavulin","floor":12,"turns":6},{"damage":16,"enemies":"Gremlin Nob","floor":14,"turns":3},{"damage":27,"enemies":"Hexaghost","floor":16,"turns":7},{"damage":8,"enemies":"2 Thieves","floor":18,"turns":3},{"damage":13,"enemies":"Masked Bandits","floor":20,"turns":4},{"damage":0,"enemies":"3 Byrds","floor":22,"turns":3},{"damage":34,"enemies":"Slavers","floor":24,"turns":5},{"damage":5,"enemies":"Gremlin Leader","floor":28,"turns":5},{"damage":0,"enemies":"Snake Plant","floor":29,"turns":2},{"damage":33,"enemies":"Book of Stabbing","floor":30,"turns":5},{"damage":8,"enemies":"Champ","floor":33,"turns":6},{"damage":10,"enemies":"3 Shapes","floor":35,"turns":4},{"damage":61,"enemies":"Giant Head","floor":40,"turns":9},{"damage":12,"enemies":"Nemesis","floor":44,"turns":5},{"damage":1,"enemies":"Reptomancer","floor":46,"turns":4},{"damage":4,"enemies":"Orb Walker","floor":48,"turns":3},{"damage":31,"enemies":"Awakened One","floor":50,"turns":10}],"seed_played":"8487796064719649728","potions_obtained":[{"floor":5,"key":"FearPotion"},{"floor":12,"key":"Dexterity Potion"},{"floor":14,"key":"Weak Potion"},{"floor":22,"key":"FearPotion"},{"floor":28,"key":"SpeedPotion"},{"floor":29,"key":"EssenceOfSteel"},{"floor":35,"key":"BloodPotion"},{"floor":44,"key":"Energy Potion"}],"is_trial":false,"path_per_floor":["M","?","?","$","M","R","M","$","T","R","?","E","R","E","R","B",null,"M","$","?","?","M","R","E","R","T","?","E","M","E","$","R","B",null,"M","$","?","?","$","E","R","?","T","E","$","E","$","M","R","B",null],"character_chosen":"IRONCLAD","items_purchased":["Heavy Blade","Inflame","Armaments","Apotheosis","Ghostly Armor","Heavy Blade+1","Dramatic Entrance+1","Mayhem","Dropkick+1"],"campfire_rested":4,"item_purchase_floors":[4,4,4,19,31,36,39,45,47],"current_hp_per_floor":[68,68,68,68,73,73,75,75,75,75,80,66,66,56,56,35,69,67,67,60,60,66,66,38,62,62,47,50,58,33,33,58,58,78,76,76,76,76,76,31,56,51,51,47,47,54,54,58,83,60],"gold":22,"neow_bonus":"REMOVE_CARD","is_prod":false,"is_daily":false,"chose_seed":false,"campfire_upgraded":5,"win_rate":0,"timestamp":1553526703,"path_taken":["M","?","?","$","?","R","M","?","T","R","?","E","R","E","R","BOSS","M","$","?","?","M","R","E","R","T","?","E","M","E","$","R","BOSS","M","$","?","?","$","E","R","?","T","E","$","E","?","M","R","BOSS"],"build_version":"2019-01-23","purchased_purges":3,"victory":true,"max_hp_per_floor":[80,80,80,80,80,80,80,80,80,80,80,80,80,80,80,80,80,80,80,80,80,80,80,80,80,80,85,85,85,85,85,85,85,85,85,85,85,85,85,85,85,85,85,85,85,85,85,85,85,85],"card_choices":[{"not_picked":["Twin Strike","Battle Trance"],"picked":"Inflame","floor":1},{"not_picked":["Cleave","Havoc"],"picked":"Flame Barrier","floor":5},{"not_picked":["Havoc","Rampage"],"picked":"Cleave","floor":7},{"not_picked":["Wild Strike","Cleave"],"picked":"Iron Wave","floor":11},{"not_picked":["Headbutt","Wild Strike"],"picked":"Inflame","floor":12},{"not_picked":["Dual Wield","Flex"],"picked":"Inflame","floor":14},{"not_picked":["True Grit"],"picked":"SKIP","floor":18},{"not_picked":[],"picked":"Thunderclap","floor":20},{"not_picked":["Perfected Strike"],"picked":"SKIP","floor":22},{"not_picked":[],"picked":"Thunderclap","floor":24},{"not_picked":["Bludgeon"],"picked":"SKIP","floor":28},{"not_picked":["Wild Strike"],"picked":"SKIP","floor":29},{"not_picked":["Blood for Blood"],"picked":"SKIP","floor":29},{"not_picked":["Berserk"],"picked":"SKIP","floor":30},{"not_picked":[],"picked":"Metallicize","floor":35},{"not_picked":["Clothesline+1"],"picked":"SKIP","floor":35},{"not_picked":["Uppercut+1"],"picked":"SKIP","floor":40},{"not_picked":[],"picked":"Blind","floor":42},{"not_picked":[],"picked":"Mayhem","floor":42},{"not_picked":["Clothesline+1"],"picked":"Shrug It Off","floor":44},{"not_picked":["Evolve","Combust+1"],"picked":"SKIP","floor":46},{"not_picked":["Armaments"],"picked":"Whirlwind+1","floor":48},{"not_picked":["Havoc+1","Perfected Strike+1"],"picked":"SKIP","floor":48}],"player_experience":109564,"relics_obtained":[{"floor":9,"key":"Lantern"},{"floor":11,"key":"Matryoshka"},{"floor":12,"key":"Bag of Marbles"},{"floor":14,"key":"Champion Belt"},{"floor":20,"key":"Red Mask"},{"floor":24,"key":"Blood Vial"},{"floor":26,"key":"Ancient Tea Set"},{"floor":26,"key":"Prayer Wheel"},{"floor":28,"key":"Ginger"},{"floor":30,"key":"Molten Egg 2"},{"floor":40,"key":"Bottled Lightning"},{"floor":43,"key":"War Paint"},{"floor":43,"key":"Question Card"},{"floor":44,"key":"Pen Nib"},{"floor":46,"key":"Meat on the Bone"}],"event_choices":[{"damage_healed":0,"gold_gain":175,"player_choice":"AGREE","damage_taken":0,"max_hp_gain":0,"max_hp_loss":0,"event_name":"Liars Game","floor":2,"gold_loss":0,"cards_obtained":["Doubt"]},{"damage_healed":0,"gold_gain":0,"player_choice":"Paid Gold","damage_taken":0,"relics_obtained":["Tiny Chest"],"max_hp_gain":0,"max_hp_loss":0,"event_name":"WeMeetAgain","floor":3,"gold_loss":64},{"damage_healed":0,"gold_gain":30,"player_choice":"Searched \u00273\u0027 times","damage_taken":0,"max_hp_gain":0,"max_hp_loss":0,"event_name":"Dead Adventurer","floor":11,"gold_loss":0},{"damage_healed":0,"gold_gain":0,"player_choice":"Fought Bandits","damage_taken":0,"max_hp_gain":0,"max_hp_loss":0,"event_name":"Masked Bandits","floor":20,"gold_loss":0},{"damage_healed":0,"gold_gain":0,"player_choice":"Obtained Relic","damage_taken":0,"relics_obtained":["Shuriken"],"max_hp_gain":0,"max_hp_loss":0,"event_name":"Addict","floor":21,"gold_loss":85},{"damage_healed":0,"gold_gain":0,"player_choice":"Shed Blood","damage_taken":20,"max_hp_gain":5,"max_hp_loss":0,"event_name":"Forgotten Altar","floor":27,"gold_loss":0},{"cards_removed":["Strike_R"],"damage_healed":0,"gold_gain":0,"player_choice":"Removed Attack","damage_taken":0,"max_hp_gain":0,"max_hp_loss":0,"event_name":"Falling","floor":37,"gold_loss":0},{"damage_healed":0,"gold_gain":222,"player_choice":"Wore Mask","damage_taken":0,"max_hp_gain":0,"max_hp_loss":0,"event_name":"Tomb of Lord Red Mask","floor":38,"gold_loss":0},{"damage_healed":0,"gold_gain":0,"player_choice":"Memory 2","damage_taken":5,"max_hp_gain":0,"max_hp_loss":0,"event_name":"SensoryStone","floor":42,"gold_loss":0}],"is_beta":false,"boss_relics":[{"not_picked":["Astrolabe","Philosopher\u0027s Stone"],"picked":"Busted Crown"},{"not_picked":["Snecko Eye","Orrery"],"picked":"Runic Cube"}],"items_purged_floors":[4,19,36],"is_endless":false,"potions_floor_spawned":[5,12,14,22,28,29,35,44],"ascension_level":7}