{"gold_per_floor":[112,65,85,105,105,105,130,130,130,130,9,9,9,26,26,26],"floor_reached":16,"playtime":376,"items_purged":["Perfected Strike"],"score":98,"play_id":"1158d794-782f-4187-851c-9044ce928440","local_time":"20190202072616","is_ascension_mode":false,"campfire_choices":[{"data":"Body Slam","floor":6,"key":"SMITH"},{"data":"Flame Barrier","floor":8,"key":"SMITH"},{"data":"Defend_R","floor":10,"key":"SMITH"},{"floor":15,"key":"REST"}],"neow_cost":"PERCENT_DAMAGE","seed_source_timestamp":370558234836729,"circlet_count":0,"master_deck":["Strike_R","Strike_R","Strike_R","Strike_R","Defend_R+1","Defend_R","Defend_R","Defend_R","Bash","Body Slam+1","Flame Barrier+1","Shrug It Off+1"],"relics":["Burning Blood","Gambling Chip","Dodecahedron","Magic Flower"],"potions_floor_usage":[7,16],"damage_taken":[{"damage":6,"enemies":"Jaw Worm","floor":1,"turns":4},{"damage":6,"enemies":"Cultist","floor":3,"turns":3},{"damage":0,"enemies":"2 Louse","floor":4,"turns":3},{"damage":36,"enemies":"Lagavulin","floor":7,"turns":6},{"damage":2,"enemies":"Exordium Thugs","floor":14,"turns":6},{"damage":71,"enemies":"Slime Boss","floor":16,"turns":11}],"seed_played":"-7171319590271089323","potions_obtained":[{"floor":3,"key":"AttackPotion"},{"floor":14,"key":"EntropicBrew"}],"is_trial":false,"path_per_floor":["M","$","M","M","?","R","E","R","T","R","$","?","$","M","R","B"],"character_chosen":"IRONCLAD","items_purchased":["Body Slam","Shrug It Off"],"campfire_rested":1,"item_purchase_floors":[2,11],"current_hp_per_floor":[56,56,56,62,62,62,32,32,32,32,32,32,32,39,63,0],"gold":26,"neow_bonus":"ONE_RARE_RELIC","is_prod":false,"is_daily":false,"chose_seed":false,"campfire_upgraded":3,"win_rate":0,"timestamp":1549088776,"path_taken":["M","$","M","M","?","R","E","R","T","R","?","?","$","?","R","BOSS"],"build_version":"2019-01-23","purchased_purges":1,"victory":false,"max_hp_per_floor":[80,80,80,80,80,80,80,80,80,80,80,80,80,80,80,80],"card_choices":[{"not_picked":["Warcry","Perfected Strike","Anger"],"picked":"SKIP","floor":1},{"not_picked":["Shockwave","True Grit"],"picked":"Flame Barrier","floor":3},{"not_picked":["Pommel Strike","Warcry","Seeing Red"],"picked":"SKIP","floor":4},{"not_picked":["Dropkick","Heavy Blade","Perfected Strike"],"picked":"SKIP","floor":7},{"not_picked":["Blood for Blood","Corruption","Cleave"],"picked":"SKIP","floor":14}],"player_experience":60991,"relics_obtained":[{"floor":7,"key":"Dodecahedron"},{"floor":9,"key":"Magic Flower"}],"event_choices":[{"damage_healed":0,"gold_gain":0,"cards_transformed":["Strike_R"],"player_choice":"Transformed","damage_taken":0,"max_hp_gain":0,"max_hp_loss":0,"event_name":"Transmorgrifier","floor":5,"gold_loss":0,"cards_obtained":["Perfected Strike"]},{"damage_healed":0,"gold_gain":0,"player_choice":"Forge","damage_taken":0,"max_hp_gain":0,"max_hp_loss":0,"event_name":"Accursed Blacksmith","floor":12,"gold_loss":0,"cards_upgraded":["Shrug It Off"]}],"is_beta":false,"boss_relics":[],"items_purged_floors":[11],"is_endless":false,"potions_floor_spawned":[3,14],"killed_by":"Slime Boss","ascension_level":0}