{"gold_per_floor":[114,130,140,140,150,150,166,91,115,129,156,173,86,97,97,173,173,185,201,218,218,218,218],"floor_reached":23,"playtime":731,"items_purged":["Defend_B"],"score":374,"play_id":"d844b87c-325c-416a-a49d-b460a6e23b24","local_time":"20190531030713","is_ascension_mode":true,"campfire_choices":[{"data":"Hologram","floor":6.0,"key":"SMITH"},{"floor":15.0,"key":"REST"}],"neow_cost":"CURSE","seed_source_timestamp":316513163752021,"circlet_count":0,"master_deck":["AscendersBane","Strike_B","Strike_B","Strike_B","Strike_B","Defend_B","Defend_B","Defend_B","Zap","Dualcast","Core Surge","BootSequence","Streamline","Ball Lightning","Hologram+1","Coolheaded","Go for the Eyes","Echo Form","Self Repair","Echo Form","Beam Cell","Gash","Writhe"],"special_seed":0,"relics":["FrozenCore","DataDisk","Centennial Puzzle","Lantern","Sundial"],"potions_floor_usage":[16,19,20,20],"damage_taken":[{"damage":2.0,"enemies":"Jaw Worm","floor":1.0,"turns":3.0},{"damage":0.0,"enemies":"2 Louse","floor":2.0,"turns":3.0},{"damage":2.0,"enemies":"Small Slimes","floor":3.0,"turns":3.0},{"damage":11.0,"enemies":"Exordium Thugs","floor":5.0,"turns":4.0},{"damage":0.0,"enemies":"Exordium Wildlife","floor":7.0,"turns":3.0},{"damage":7.0,"enemies":"3 Louse","floor":10.0,"turns":4.0},{"damage":25.0,"enemies":"Lagavulin","floor":11.0,"turns":4.0},{"damage":1.0,"enemies":"Looter","floor":12.0,"turns":3.0},{"damage":0.0,"enemies":"Red Slaver","floor":14.0,"turns":3.0},{"damage":29,"enemies":"The Guardian","floor":16,"turns":11},{"damage":17,"enemies":"Spheric Guardian","floor":18,"turns":7},{"damage":6,"enemies":"Shell Parasite","floor":19,"turns":6},{"damage":27,"enemies":"Snake Plant","floor":20,"turns":6},{"damage":33,"enemies":"Book of Stabbing","floor":23,"turns":5}],"seed_played":"-6660814358196384146","potions_obtained":[{"floor":2.0,"key":"SkillPotion"},{"floor":3.0,"key":"Explosive Potion"},{"floor":7.0,"key":"SneckoOil"},{"floor":11.0,"key":"SteroidPotion"},{"floor":18,"key":"Weak Potion"},{"floor":19,"key":"Swift Potion"},{"floor":20,"key":"Ancient Potion"}],"is_trial":false,"path_per_floor":["M","M","M","?","M","R","M","$","T","M","E","M","$","M","R","B",null,"M","M","M","?","T","E"],"character_chosen":"DEFECT","items_purchased":["Echo Form"],"campfire_rested":1,"item_purchase_floors":[13],"current_hp_per_floor":[62,62,60,53,42,42,42,42,42,35,10,9,9,9,30,8,55,38,46,33,33,33,0],"gold":218,"neow_bonus":"THREE_RARE_CARDS","is_prod":false,"is_daily":false,"chose_seed":false,"campfire_upgraded":1,"win_rate":0,"timestamp":1559264833,"path_taken":["M","M","M","?","M","R","M","$","T","M","E","M","$","M","R","BOSS","M","M","M","?","?","E"],"build_version":"2019-01-23","purchased_purges":1,"victory":false,"max_hp_per_floor":[71,71,71,71,71,71,71,71,71,71,71,71,71,71,71,71,71,71,71,71,71,71,71],"card_choices":[{"not_picked":["Reboot","Amplify"],"picked":"Core Surge","floor":0.0},{"not_picked":["Recycle","Leap"],"picked":"BootSequence","floor":1.0},{"not_picked":["Barrage","Multi-Cast"],"picked":"Streamline","floor":2.0},{"not_picked":["Barrage","Rebound"],"picked":"Ball Lightning","floor":3.0},{"not_picked":["Lockon","Turbo"],"picked":"Hologram","floor":5.0},{"not_picked":["Rip and Tear","Scrape"],"picked":"Coolheaded","floor":7.0},{"not_picked":["Rip and Tear","Conserve Battery","Leap"],"picked":"SKIP","floor":10.0},{"not_picked":["Steam","Barrage"],"picked":"Go for the Eyes","floor":11.0},{"not_picked":["Barrage","Streamline","Blizzard"],"picked":"SKIP","floor":12.0},{"not_picked":["Leap","Rebound"],"picked":"Self Repair","floor":14.0},{"not_picked":["All For One","Multi-Cast"],"picked":"Echo Form","floor":16},{"not_picked":["Aggregate","Compile Driver","Barrage"],"picked":"SKIP","floor":18},{"not_picked":["Redo","FTL"],"picked":"Beam Cell","floor":19},{"not_picked":["Stack+1","Reinforced Body"],"picked":"Gash","floor":20}],"player_experience":275542,"relics_obtained":[{"floor":9.0,"key":"DataDisk"},{"floor":11.0,"key":"Centennial Puzzle"},{"floor":22,"key":"Sundial"}],"event_choices":[{"cards_removed":["Injury"],"damage_healed":0.0,"max_hp_gain":0.0,"max_hp_loss":0.0,"gold_gain":0.0,"event_name":"Golden Wing","player_choice":"Card Removal","floor":4.0,"gold_loss":0.0,"damage_taken":7.0},{"damage_healed":0,"gold_gain":0,"player_choice":"Opened","damage_taken":0,"relics_obtained":["Lantern"],"max_hp_gain":0,"max_hp_loss":0,"event_name":"The Mausoleum","floor":21,"gold_loss":0,"cards_obtained":["Writhe"]}],"is_beta":false,"boss_relics":[{"not_picked":["Fusion Hammer","Runic Dome"],"picked":"FrozenCore"}],"items_purged_floors":[8],"is_endless":false,"potions_floor_spawned":[2,3,7,11,14,18,19,20],"killed_by":"Book of Stabbing","ascension_level":18}