{"gold_per_floor":[210,135,135,146,156,156,187,187,187,202,202,218,293,327,327,327],"floor_reached":16,"playtime":993,"items_purged":["Strike_R"],"score":204,"play_id":"6d541e2f-e4e1-4888-9191-f2b05b20493a","local_time":"20180906090813","is_ascension_mode":true,"campfire_choices":[{"data":"True Grit","floor":6.0,"key":"SMITH"},{"floor":8,"key":"REST"},{"data":"Rampage","floor":11,"key":"SMITH"},{"floor":15,"key":"REST"}],"neow_cost":"NONE","seed_source_timestamp":1641656933294641,"circlet_count":0,"master_deck":["Strike_R","Strike_R","Strike_R","Strike_R","Defend_R","Defend_R","Defend_R","Defend_R","Bash","AscendersBane","Rampage+1","True Grit+1","Impervious","Thunderclap"],"special_seed":0,"relics":["Burning Blood","Turnip","StoneCalendar","Pear","Frozen Egg 2"],"potions_floor_usage":[7,14,14,16],"damage_taken":[{"damage":12.0,"enemies":"Small Slimes","floor":1.0,"turns":5.0},{"damage":8.0,"enemies":"2 Louse","floor":4.0,"turns":4.0},{"damage":1.0,"enemies":"Cultist","floor":5.0,"turns":4.0},{"damage":42,"enemies":"Gremlin Nob","floor":7,"turns":5},{"damage":10,"enemies":"3 Louse","floor":10,"turns":4},{"damage":1,"enemies":"2 Fungi Beasts","floor":12,"turns":4},{"damage":30,"enemies":"Lagavulin","floor":14,"turns":7},{"damage":36,"enemies":"Slime Boss","floor":16,"turns":8}],"seed_played":"-1351433510365566601","potions_obtained":[{"floor":1.0,"key":"Dexterity Potion"},{"floor":10,"key":"Weak Potion"},{"floor":12,"key":"Energy Potion"},{"floor":14,"key":"Fire Potion"}],"is_trial":false,"path_per_floor":["M","$","?","M","M","R","E","R","T","M","R","M","?","E","R"],"character_chosen":"IRONCLAD","items_purchased":[],"campfire_rested":2,"item_purchase_floors":[],"current_hp_per_floor":[62,62,44,42,47,47,11,33,43,39,39,44,33,9,34,0],"gold":327,"neow_bonus":"HUNDRED_GOLD","is_prod":false,"is_daily":false,"chose_seed":false,"campfire_upgraded":2,"win_rate":0,"timestamp":1536217693,"path_taken":["M","$","?","M","M","R","E","R","T","M","R","?","?","E","R","BOSS"],"build_version":"2018-08-30","purchased_purges":1,"victory":false,"max_hp_per_floor":[75,75,75,75,75,75,75,75,85,85,85,85,85,85,85,85],"card_choices":[{"not_picked":["Power Through","Bloodletting"],"picked":"Rampage","floor":1.0},{"not_picked":["Body Slam","Heavy Blade"],"picked":"True Grit","floor":4.0},{"not_picked":["Clash","Intimidate"],"picked":"Impervious","floor":10},{"not_picked":["Pummel","Burning Pact"],"picked":"Thunderclap","floor":14}],"player_experience":1055933,"relics_obtained":[{"floor":7,"key":"StoneCalendar"},{"floor":9,"key":"Pear"},{"floor":14,"key":"Frozen Egg 2"}],"event_choices":[{"event_name":"Scrap Ooze","player_choice":"success","floor":3.0,"damage_taken":18.0},{"event_name":"World of Goop","player_choice":"Gather Gold","floor":13,"damage_taken":0}],"is_beta":false,"boss_relics":[],"items_purged_floors":[2],"is_endless":false,"potions_floor_spawned":[1,10,12,14],"killed_by":"Slime Boss","ascension_level":17}