{"gold_per_floor":[20,20,30,49,49,49,82,112,112,37,69,79,2,12,12,107,107,123,123,123,148,423,450,450,480,507,507,261,276,292,318,318,415,415,427,427,447,447,460,460,460,460,460,460,104,120,135,148,148,148],"floor_reached":51,"playtime":2058,"items_purged":["Strike_G","Regret","Writhe"],"score":1078,"play_id":"7b1401c0-5391-4cf6-9cc4-2c181b49b9d6","local_time":"20190509184634","is_ascension_mode":true,"campfire_choices":[{"data":"Poisoned Stab","floor":6,"key":"SMITH"},{"data":"Cloak And Dagger","floor":15,"key":"SMITH"},{"floor":24,"key":"REST"},{"data":"After Image","floor":27,"key":"SMITH"},{"floor":32,"key":"REST"},{"data":"Blade Dance","floor":40,"key":"SMITH"},{"data":"Leg Sweep","floor":42,"key":"SMITH"},{"data":"Footwork","floor":44,"key":"SMITH"},{"data":"Adrenaline","floor":49,"key":"SMITH"}],"neow_cost":"NO_GOLD","seed_source_timestamp":2497332282370611,"circlet_count":0,"master_deck":["AscendersBane","Defend_G","Defend_G","Defend_G+1","Strike_G+1","Survivor","Neutralize+1","Adrenaline","Poisoned Stab+1","Escape Plan","Deadly Poison+1","Cloak And Dagger+1","Backstab","After Image+1","Infinite Blades+1","Predator+1","Footwork+1","Leg Sweep+1","Caltrops","Blade Dance+1","Escape Plan","Adrenaline+1","Terror","Crippling Poison","Noxious Fumes","Finisher","Infinite Blades","Choke+1"],"relics":["Ring of the Snake","Shuriken","Lantern","Whetstone","Darkstone Periapt","Astrolabe","Art of War","Bag of Preparation","Mummified Hand","Blood Vial","Anchor","Runic Dome","Paper Crane","Vajra","Tingsha","War Paint"],"potions_floor_usage":[7,11,16,23,25,33,50,50],"damage_taken":[{"damage":0,"enemies":"Small Slimes","floor":1,"turns":5},{"damage":0,"enemies":"Cultist","floor":3,"turns":3},{"damage":1,"enemies":"2 Louse","floor":4,"turns":3},{"damage":22,"enemies":"Lagavulin","floor":7,"turns":6},{"damage":8,"enemies":"Gremlin Nob","floor":11,"turns":4},{"damage":0,"enemies":"Looter","floor":12,"turns":2},{"damage":0,"enemies":"Blue Slaver","floor":14,"turns":2},{"damage":4,"enemies":"Slime Boss","floor":16,"turns":7},{"damage":0,"enemies":"Spheric Guardian","floor":18,"turns":3},{"damage":30,"enemies":"Gremlin Leader","floor":23,"turns":7},{"damage":16,"enemies":"Book of Stabbing","floor":25,"turns":6},{"damage":0,"enemies":"2 Thieves","floor":29,"turns":3},{"damage":6,"enemies":"Sentry and Sphere","floor":30,"turns":5},{"damage":11,"enemies":"Slavers","floor":31,"turns":5},{"damage":8,"enemies":"Champ","floor":33,"turns":11},{"damage":0,"enemies":"3 Shapes","floor":35,"turns":3},{"damage":0,"enemies":"Orb Walker","floor":37,"turns":3},{"damage":0,"enemies":"Maw","floor":39,"turns":6},{"damage":0,"enemies":"Sphere and 2 Shapes","floor":46,"turns":4},{"damage":0,"enemies":"Transient","floor":47,"turns":5},{"damage":0,"enemies":"Jaw Worm Horde","floor":48,"turns":3},{"damage":32,"enemies":"Time Eater","floor":50,"turns":9}],"seed_played":"8781981157880542604","potions_obtained":[{"floor":2,"key":"PowerPotion"},{"floor":2,"key":"Fire Potion"},{"floor":7,"key":"Block Potion"},{"floor":14,"key":"SkillPotion"},{"floor":16,"key":"AttackPotion"},{"floor":25,"key":"LiquidBronze"},{"floor":30,"key":"GhostInAJar"},{"floor":39,"key":"Poison Potion"},{"floor":46,"key":"Block Potion"}],"is_trial":false,"path_per_floor":["M","?","M","M","?","R","E","?","T","$","E","M","$","M","R","B",null,"M","?","?","T","?","E","R","E","T","R","$","M","M","E","R","B",null,"M","T","M","?","M","R","T","R","T","R","$","M","M","M","R","B",null],"character_chosen":"THE_SILENT","items_purchased":["Backstab","Caltrops","GhostInAJar","War Paint","Noxious Fumes"],"campfire_rested":2,"item_purchase_floors":[13,28,28,45,45],"current_hp_per_floor":[63,63,63,62,55,55,33,33,33,33,25,25,25,25,25,21,58,58,58,58,58,64,34,56,40,40,40,40,42,38,29,51,45,68,70,70,72,82,82,82,82,82,82,82,82,82,82,82,82,50],"gold":148,"neow_bonus":"TRANSFORM_TWO_CARDS","is_prod":false,"is_daily":false,"chose_seed":false,"campfire_upgraded":7,"win_rate":0,"timestamp":1557420394,"path_taken":["M","?","M","?","?","R","E","?","T","$","E","M","$","M","R","BOSS","M","?","?","?","?","E","R","E","T","R","$","?","?","E","R","BOSS","M","?","M","?","M","R","?","R","T","R","$","M","?","M","R","BOSS"],"build_version":"2019-01-23","purchased_purges":3,"victory":true,"max_hp_per_floor":[70,70,70,70,70,70,70,70,70,70,70,70,70,70,70,70,70,70,70,70,70,76,76,76,76,76,76,76,76,76,76,76,76,76,76,76,76,82,82,82,82,82,82,82,82,82,82,82,82,82],"card_choices":[{"not_picked":["Sucker Punch","Backstab"],"picked":"Poisoned Stab","floor":1},{"not_picked":["Acrobatics","Dash","Cloak And Dagger"],"picked":"SKIP","floor":3},{"not_picked":["Acrobatics","Prepared"],"picked":"Escape Plan","floor":4},{"not_picked":["Poisoned Stab","Die Die Die"],"picked":"Deadly Poison","floor":7},{"not_picked":["Outmaneuver","Bane"],"picked":"Cloak And Dagger","floor":11},{"not_picked":["Backflip","Bane","Setup"],"picked":"SKIP","floor":12},{"not_picked":["Outmaneuver","Well Laid Plans","PiercingWail"],"picked":"SKIP","floor":14},{"not_picked":["Night Terror","Venomology"],"picked":"After Image","floor":16},{"not_picked":["Blur","Blade Dance"],"picked":"Footwork","floor":18},{"not_picked":["Bane","Dash","Deadly Poison"],"picked":"SKIP","floor":23},{"not_picked":["Leg Sweep","Sucker Punch","Flying Knee"],"picked":"SKIP","floor":25},{"not_picked":["Sucker Punch","Flying Knee"],"picked":"Leg Sweep","floor":25},{"not_picked":["Bouncing Flask","Poisoned Stab"],"picked":"Blade Dance","floor":29},{"not_picked":["Poisoned Stab","Dagger Spray+1","Predator"],"picked":"SKIP","floor":30},{"not_picked":["All Out Attack","Distraction+1"],"picked":"Escape Plan","floor":31},{"not_picked":["Storm of Steel","Venomology"],"picked":"Adrenaline","floor":33},{"not_picked":["Quick Slash","Reflex","Concentrate"],"picked":"SKIP","floor":35},{"not_picked":["Accuracy","Dagger Spray"],"picked":"Terror","floor":37},{"not_picked":["PiercingWail","Masterful Stab"],"picked":"Crippling Poison","floor":39},{"not_picked":["Slice+1","Acrobatics"],"picked":"Finisher","floor":46},{"not_picked":["Catalyst","Expertise"],"picked":"Infinite Blades","floor":47},{"not_picked":["Poisoned Stab+1","Reflex+1"],"picked":"Choke+1","floor":48}],"player_experience":200581,"relics_obtained":[{"floor":7,"key":"Shuriken"},{"floor":9,"key":"Whetstone"},{"floor":11,"key":"Darkstone Periapt"},{"floor":21,"key":"Art of War"},{"floor":23,"key":"Bag of Preparation"},{"floor":25,"key":"Mummified Hand"},{"floor":26,"key":"Blood Vial"},{"floor":31,"key":"Anchor"},{"floor":36,"key":"Paper Crane"},{"floor":41,"key":"Vajra"},{"floor":43,"key":"Tingsha"}],"event_choices":[{"damage_healed":0,"gold_gain":0,"player_choice":"Got Potions","damage_taken":0,"max_hp_gain":0,"max_hp_loss":0,"event_name":"Lab","floor":2,"gold_loss":0},{"cards_removed":["Endless Agony"],"damage_healed":0,"gold_gain":0,"player_choice":"Card Removal","damage_taken":7,"max_hp_gain":0,"max_hp_loss":0,"event_name":"Golden Wing","floor":5,"gold_loss":0},{"damage_healed":0,"gold_gain":30,"player_choice":"Searched \u00273\u0027 times","damage_taken":0,"relics_obtained":["Lantern"],"max_hp_gain":0,"max_hp_loss":0,"event_name":"Dead Adventurer","floor":8,"gold_loss":0},{"cards_removed":["Concentrate"],"damage_healed":0,"gold_gain":0,"player_choice":"Elegance","damage_taken":0,"max_hp_gain":0,"max_hp_loss":0,"event_name":"Back to Basics","floor":19,"gold_loss":0},{"damage_healed":0,"gold_gain":0,"player_choice":"Ignored","damage_taken":0,"max_hp_gain":0,"max_hp_loss":0,"event_name":"Cursed Tome","floor":20,"gold_loss":0},{"damage_healed":0,"gold_gain":275,"player_choice":"Desecrate","damage_taken":0,"max_hp_gain":0,"max_hp_loss":0,"event_name":"Golden Shrine","floor":22,"gold_loss":0,"cards_obtained":["Regret"]},{"damage_healed":19,"gold_gain":0,"player_choice":"Writhe","damage_taken":0,"max_hp_gain":0,"max_hp_loss":0,"event_name":"Winding Halls","floor":38,"gold_loss":0,"cards_obtained":["Writhe"]}],"is_beta":false,"boss_relics":[{"not_picked":["Orrery","Tiny House"],"picked":"Astrolabe"},{"not_picked":["WristBlade","Ring of the Serpent"],"picked":"Runic Dome"}],"items_purged_floors":[10,28,45],"is_endless":false,"potions_floor_spawned":[3,7,14,16,25,29,30,31,39,46,48],"ascension_level":11}