{"gold_per_floor":[219,246,158,175,125,151,151,167,167,167,182,197,197,209,209,309,309,293,243,254,254,265,284,284,284,284,284,299,299],"floor_reached":29,"playtime":3504,"items_purged":["Defend_R","Strike_R","Strike_R"],"score":227,"play_id":"6cfb238b-22cc-4edd-ab21-82419989e60b","local_time":"20190216234628","is_ascension_mode":false,"campfire_choices":[{"data":"Disarm","floor":7,"key":"SMITH"},{"data":"Bash","floor":10,"key":"SMITH"},{"data":"Rampage","floor":13,"key":"SMITH"},{"floor":15,"key":"REST"},{"floor":27,"key":"REST"}],"neow_cost":"NONE","seed_source_timestamp":182933575861372,"circlet_count":0,"master_deck":["Strike_R+1","Strike_R+1","Strike_R+1","Defend_R+1","Defend_R+1","Defend_R+1","Bash+1","Ghostly Armor","Feel No Pain","Corruption","Disarm+1","Rampage+1","Headbutt","Juggernaut","Shrug It Off","Battle Trance","Body Slam","Writhe","Rage"],"relics":["Black Blood","Smiling Mask","Lantern","Dodecahedron","Darkstone Periapt","Juzu Bracelet"],"potions_floor_usage":[14,16,16,18,22,29],"damage_taken":[{"damage":1,"enemies":"Cultist","floor":1,"turns":4},{"damage":6,"enemies":"Jaw Worm","floor":4,"turns":4},{"damage":43,"enemies":"Lagavulin","floor":6,"turns":10},{"damage":0,"enemies":"Small Slimes","floor":8,"turns":3},{"damage":0,"enemies":"2 Fungi Beasts","floor":11,"turns":5},{"damage":2,"enemies":"Looter","floor":12,"turns":5},{"damage":8,"enemies":"3 Louse","floor":14,"turns":5},{"damage":54,"enemies":"Slime Boss","floor":16,"turns":11},{"damage":29,"enemies":"2 Thieves","floor":18,"turns":4},{"damage":27,"enemies":"3 Byrds","floor":20,"turns":8},{"damage":18,"enemies":"Snecko","floor":22,"turns":6},{"damage":24,"enemies":"Snake Plant","floor":23,"turns":6},{"damage":26,"enemies":"Shelled Parasite and Fungi","floor":28,"turns":8},{"damage":37,"enemies":"Gremlin Leader","floor":29,"turns":10}],"seed_played":"-5566754032140876297","potions_obtained":[{"floor":4,"key":"Ancient Potion"},{"floor":8,"key":"Dexterity Potion"},{"floor":11,"key":"SteroidPotion"},{"floor":14,"key":"Ancient Potion"},{"floor":16,"key":"LiquidBronze"},{"floor":20,"key":"Energy Potion"}],"is_trial":false,"path_per_floor":["M","T","$","M","$","E","R","M","T","R","M","M","R","M","R","B",null,"M","$","M","?","M","M","?","?","T","R","M","E"],"character_chosen":"IRONCLAD","items_purchased":["Feel No Pain"],"campfire_rested":2,"item_purchase_floors":[3],"current_hp_per_floor":[80,80,80,80,80,43,43,49,49,49,55,59,59,57,80,32,80,61,61,44,44,36,22,28,28,28,53,37,0],"gold":299,"neow_bonus":"HUNDRED_GOLD","is_prod":false,"is_daily":false,"chose_seed":false,"campfire_upgraded":3,"win_rate":0.0,"timestamp":1550389588,"path_taken":["M","?","$","M","$","E","R","M","T","R","M","M","R","M","R","BOSS","M","$","M","?","M","M","?","?","T","R","M","E"],"build_version":"2019-01-23","purchased_purges":3,"victory":false,"max_hp_per_floor":[80,80,80,80,80,80,80,80,80,80,80,80,80,80,80,80,80,80,80,80,80,80,80,86,86,86,86,86,86],"card_choices":[{"not_picked":["Armaments","Perfected Strike"],"picked":"Ghostly Armor","floor":1},{"not_picked":["Rupture","Uppercut"],"picked":"Corruption","floor":4},{"not_picked":["Anger","Headbutt"],"picked":"Disarm","floor":6},{"not_picked":["Clash","Hemokinesis","Searing Blow"],"picked":"SKIP","floor":8},{"not_picked":["Anger","Searing Blow","Wild Strike"],"picked":"SKIP","floor":11},{"not_picked":["Iron Wave","Evolve"],"picked":"Rampage","floor":12},{"not_picked":["Intimidate","Pummel"],"picked":"Headbutt","floor":14},{"not_picked":["Fiend Fire","Limit Break"],"picked":"Juggernaut","floor":16},{"not_picked":["Clothesline","Warcry"],"picked":"Shrug It Off","floor":18},{"not_picked":["Anger","Perfected Strike"],"picked":"Battle Trance","floor":20},{"not_picked":["True Grit","Intimidate"],"picked":"Body Slam","floor":22},{"not_picked":["Twin Strike","Perfected Strike","Rupture"],"picked":"SKIP","floor":23},{"not_picked":["Heavy Blade","Hemokinesis"],"picked":"Rage","floor":28}],"player_experience":42620,"relics_obtained":[{"floor":2,"key":"Smiling Mask"},{"floor":6,"key":"Lantern"},{"floor":9,"key":"Dodecahedron"},{"floor":26,"key":"Juzu Bracelet"}],"event_choices":[{"damage_healed":0,"gold_gain":0,"player_choice":"Ignored","damage_taken":0,"max_hp_gain":0,"max_hp_loss":0,"event_name":"Ghosts","floor":21,"gold_loss":0},{"damage_healed":0,"gold_gain":0,"player_choice":"Opened","damage_taken":0,"relics_obtained":["Darkstone Periapt"],"max_hp_gain":0,"max_hp_loss":0,"event_name":"The Mausoleum","floor":24,"gold_loss":0,"cards_obtained":["Writhe"]},{"damage_healed":0,"gold_gain":0,"player_choice":"Simplicity","damage_taken":0,"max_hp_gain":0,"max_hp_loss":0,"event_name":"Back to Basics","floor":25,"gold_loss":0,"cards_upgraded":["Strike_R","Strike_R","Strike_R","Defend_R","Defend_R","Defend_R"]}],"is_beta":false,"boss_relics":[{"not_picked":["Empty Cage","Runic Pyramid"],"picked":"Black Blood"}],"items_purged_floors":[3,5,19],"is_endless":false,"potions_floor_spawned":[4,8,11,14,16,20],"killed_by":"Gremlin Leader","ascension_level":0}