{"gold_per_floor":[19,19,19,19,29,29,55,74,128,128,138,171,181,197,197,295,295,313,328,328,347,357,384,384],"floor_reached":24,"playtime":1413,"items_purged":[],"score":242,"play_id":"c849e5a1-f592-41ea-8a79-890b9ebe183a","local_time":"20181005214707","is_ascension_mode":true,"campfire_choices":[{"data":"Backflip","floor":6,"key":"SMITH"},{"data":"Die Die Die","floor":10,"key":"SMITH"},{"floor":15,"key":"REST"}],"neow_cost":"NO_GOLD","seed_source_timestamp":201086125992492,"circlet_count":0,"master_deck":["Defend_G+1","Defend_G+1","Defend_G+1","Defend_G+1","Defend_G+1","Strike_G+1","Strike_G+1","Strike_G+1","Strike_G+1","Strike_G+1","Survivor+1","Neutralize+1","Die Die Die+1","Outmaneuver","Backflip+1","Choke","Crippling Poison","Terror","Predator+1","Deadly Poison","Finisher+1","Adrenaline","Catalyst","Flying Knee+1","Sucker Punch+1","Dash+1","A Thousand Cuts"],"relics":["Ring of the Snake","War Paint","Ninja Scroll","Bag of Preparation","Molten Egg 2","Eternal Feather","Incense Burner"],"potions_floor_usage":[7,7,16,16,23,24],"damage_taken":[{"damage":1,"enemies":"Jaw Worm","floor":1,"turns":5},{"damage":2,"enemies":"2 Louse","floor":5,"turns":4},{"damage":1,"enemies":"Gremlin Nob","floor":7,"turns":4},{"damage":0,"enemies":"Small Slimes","floor":8,"turns":1},{"damage":0,"enemies":"3 Louse","floor":11,"turns":1},{"damage":12,"enemies":"3 Sentries","floor":12,"turns":5},{"damage":0,"enemies":"Gremlin Gang","floor":13,"turns":2},{"damage":0,"enemies":"Exordium Thugs","floor":14,"turns":3},{"damage":12,"enemies":"Hexaghost","floor":16,"turns":7},{"damage":0,"enemies":"Shell Parasite","floor":18,"turns":2},{"damage":0,"enemies":"Spheric Guardian","floor":19,"turns":1},{"damage":8,"enemies":"3 Cultists","floor":21,"turns":5},{"damage":10,"enemies":"Cultist and Chosen","floor":22,"turns":4},{"damage":36,"enemies":"Slavers","floor":23,"turns":5},{"damage":17,"enemies":"Centurion and Healer","floor":24,"turns":1}],"seed_played":"5184919946141300637","potions_obtained":[{"floor":3,"key":"Poison Potion"},{"floor":3,"key":"Energy Potion"},{"floor":3,"key":"GhostInAJar"},{"floor":7,"key":"SteroidPotion"},{"floor":8,"key":"Block Potion"},{"floor":11,"key":"Poison Potion"},{"floor":19,"key":"LiquidBronze"},{"floor":21,"key":"Dexterity Potion"},{"floor":23,"key":"LiquidBronze"}],"is_trial":false,"path_per_floor":["M","?","?","?","M","R","E","M","T","R","M","E","M","M","R","B",null,"M","M","?","M","M","E"],"character_chosen":"THE_SILENT","items_purchased":[],"campfire_rested":1,"item_purchase_floors":[],"current_hp_per_floor":[69,55,55,43,41,41,40,40,40,40,40,28,28,28,49,37,70,70,70,70,62,52,16,0],"gold":384,"neow_bonus":"THREE_RARE_CARDS","is_prod":false,"is_daily":false,"chose_seed":false,"campfire_upgraded":2,"win_rate":0,"timestamp":1538790427,"path_taken":["M","?","?","?","M","R","E","M","T","R","M","E","M","M","R","BOSS","M","?","?","?","M","E","M"],"build_version":"2018-09-06","purchased_purges":0,"victory":false,"max_hp_per_floor":[70,70,70,70,70,70,70,70,70,70,70,70,70,70,70,70,70,70,70,70,70,70,70,70],"card_choices":[{"not_picked":["Unload","Envenom"],"picked":"Die Die Die","floor":0},{"not_picked":["Blade Dance","Sucker Punch"],"picked":"Outmaneuver","floor":1},{"not_picked":["Reflex","Deflect"],"picked":"Backflip","floor":5},{"not_picked":["Distraction","Quick Slash"],"picked":"Choke","floor":7},{"not_picked":["Prepared","Backflip"],"picked":"Crippling Poison","floor":8},{"not_picked":["Eviscerate","Cloak And Dagger"],"picked":"Terror","floor":11},{"not_picked":["Calculated Gamble","Flying Knee"],"picked":"Predator","floor":12},{"not_picked":["Calculated Gamble","PiercingWail"],"picked":"Deadly Poison","floor":13},{"not_picked":["Infinite Blades","Dash+1"],"picked":"Finisher+1","floor":14},{"not_picked":["Bullet Time","Venomology"],"picked":"Adrenaline","floor":16},{"not_picked":["Acrobatics+1","PiercingWail"],"picked":"Catalyst","floor":18},{"not_picked":["Acrobatics","Outmaneuver"],"picked":"Flying Knee+1","floor":19},{"not_picked":["Underhanded Strike+1","Eviscerate+1"],"picked":"Sucker Punch+1","floor":21},{"not_picked":["Blur","Tactician+1"],"picked":"Dash+1","floor":22},{"not_picked":["Tactician","Backflip"],"picked":"A Thousand Cuts","floor":23}],"player_experience":52507,"relics_obtained":[{"floor":7,"key":"Ninja Scroll"},{"floor":9,"key":"Bag of Preparation"},{"floor":12,"key":"Molten Egg 2"},{"floor":23,"key":"Incense Burner"}],"event_choices":[{"event_name":"Shining Light","player_choice":"Entered Light","floor":2,"damage_taken":0},{"event_name":"The Lab","player_choice":"Got Potions","floor":3,"damage_taken":0},{"event_name":"Scrap Ooze","player_choice":"success","floor":4,"damage_taken":12},{"event_name":"Back to Basics","player_choice":"Simplicity","floor":20,"damage_taken":0}],"is_beta":false,"boss_relics":[{"not_picked":["Runic Pyramid","Empty Cage"],"picked":"Eternal Feather"}],"items_purged_floors":[],"is_endless":false,"potions_floor_spawned":[7,8,11,14,19,21,23],"killed_by":"Centurion and Healer","ascension_level":1}