{"gold_per_floor":[113,113,113,63,88,114,114,178,205,92,92,122,136,211,211,316,316,336,336,336,336,35,35,47,75,75,75,105,42,56,74,74,177,177,189,189,207,9,9,41,41,68,68,101,111,23,23,52,52,52],"floor_reached":51,"playtime":2253,"items_purged":["Strike_R","Strike_R","Strike_R","Strike_R","Defend_R+1"],"score":1681,"play_id":"69184401-7f02-4188-aaf6-c576649f0694","local_time":"20190507123017","is_ascension_mode":true,"campfire_choices":[{"data":"Uppercut","floor":7.0,"key":"SMITH"},{"data":"Uppercut","floor":11.0,"key":"SMITH"},{"data":"Flame Barrier","floor":15.0,"key":"SMITH"},{"data":"Enlightenment","floor":23.0,"key":"SMITH"},{"data":"Feed","floor":27.0,"key":"SMITH"},{"floor":32.0,"key":"REST"},{"floor":41.0,"key":"RECALL"},{"floor":49,"key":"REST"}],"neow_cost":"NONE","seed_source_timestamp":2301608286614822,"circlet_count":0,"master_deck":["AscendersBane","Defend_R+1","Defend_R+1","Defend_R+1","Uppercut+1","Uppercut+1","Flame Barrier+1","Feed+1","Rupture+1","Enlightenment+1","Flame Barrier+1","Berserk+1","True Grit+1","Barricade+1","True Grit+1"],"special_seed":0,"relics":["Burning Blood","NeowsBlessing","Thread and Needle","Art of War","Oddly Smooth Stone","Tiny Chest","Orichalcum","Boot","Runic Pyramid","Incense Burner","Membership Card","Gremlin Horn","Bottled Flame","Singing Bowl","Busted Crown","ClockworkSouvenir","Mark of the Bloom","Blood Vial","Potion Belt","Molten Egg 2","Dream Catcher","Sundial"],"potions_floor_usage":[50],"damage_taken":[{"damage":0.0,"enemies":"Small Slimes","floor":1.0,"turns":1.0},{"damage":0.0,"enemies":"3 Sentries","floor":6.0,"turns":2.0},{"damage":0.0,"enemies":"Lagavulin","floor":8.0,"turns":1.0},{"damage":0.0,"enemies":"Gremlin Nob","floor":12.0,"turns":3.0},{"damage":0.0,"enemies":"2 Louse","floor":13.0,"turns":2.0},{"damage":16.0,"enemies":"The Guardian","floor":16.0,"turns":13.0},{"damage":18.0,"enemies":"3 Byrds","floor":18.0,"turns":6.0},{"damage":0.0,"enemies":"Shell Parasite","floor":24.0,"turns":6.0},{"damage":4.0,"enemies":"Book of Stabbing","floor":25.0,"turns":6.0},{"damage":54.0,"enemies":"Slavers","floor":28.0,"turns":9.0},{"damage":6.0,"enemies":"Snake Plant","floor":30.0,"turns":4.0},{"damage":6.0,"enemies":"Cultist and Chosen","floor":31.0,"turns":8.0},{"damage":0.0,"enemies":"Champ","floor":33.0,"turns":12.0},{"damage":0.0,"enemies":"Orb Walker","floor":35.0,"turns":5.0},{"damage":14.0,"enemies":"3 Darklings","floor":37.0,"turns":7.0},{"damage":0.0,"enemies":"Giant Head","floor":40.0,"turns":14.0},{"damage":0.0,"enemies":"Nemesis","floor":42.0,"turns":35.0},{"damage":0.0,"enemies":"Reptomancer","floor":44.0,"turns":13.0},{"damage":0.0,"enemies":"Writhing Mass","floor":45.0,"turns":9.0},{"damage":0,"enemies":"Nemesis","floor":48,"turns":30},{"damage":22,"enemies":"Awakened One","floor":50,"turns":19}],"seed_played":"-6905133548338452591","potions_obtained":[{"floor":1.0,"key":"FearPotion"},{"floor":6.0,"key":"FearPotion"},{"floor":8.0,"key":"SteroidPotion"},{"floor":24.0,"key":"Fruit Juice"},{"floor":30.0,"key":"LiquidBronze"},{"floor":31.0,"key":"Explosive Potion"},{"floor":48,"key":"Strength Potion"}],"is_trial":false,"path_per_floor":["M","?","?","?","T","E","R","E","T","$","R","E","M","?","R","B",null,"M","?","?","?","$","R","M","E","T","R","E","$","M","M","R","B",null,"M","?","M","$","?","E","R","E","T","E","M","$","?","E","R","B",null],"character_chosen":"IRONCLAD","items_purchased":["Flame Barrier","Membership Card","Enlightenment","ClockworkSouvenir","True Grit"],"campfire_rested":2,"item_purchase_floors":[10,22,22,38,38],"current_hp_per_floor":[78,78,71,71,71,77,77,80,80,80,80,80,80,69,69,59,75,63,63,48,48,48,48,57,62,62,62,23,23,25,29,60,66,96,108,108,102,102,102,102,102,102,102,102,102,102,102,102,102,80],"gold":52,"neow_bonus":"THREE_ENEMY_KILL","is_prod":false,"is_daily":false,"chose_seed":false,"campfire_upgraded":5,"win_rate":0,"timestamp":1557225017,"path_taken":["M","?","?","?","?","E","R","E","T","?","R","E","?","?","R","BOSS","M","?","?","?","$","R","M","E","T","R","E","$","?","M","R","BOSS","M","?","M","$","?","E","R","E","T","E","M","$","?","E","R","BOSS"],"build_version":"2019-01-23","purchased_purges":5,"victory":true,"max_hp_per_floor":[80,80,80,80,80,80,80,80,80,80,80,80,80,80,80,80,80,80,80,85,85,85,85,88,91,91,91,100,100,102,106,106,106,106,112,112,114,114,114,120,120,126,126,128,134,134,134,140,142,142],"card_choices":[{"not_picked":["Second Wind","Clothesline"],"picked":"Uppercut","floor":1.0},{"not_picked":["Twin Strike","Sentinel"],"picked":"Pommel Strike","floor":6.0},{"not_picked":["Immolate","Fire Breathing"],"picked":"Uppercut","floor":8.0},{"not_picked":["Sever Soul","Second Wind","Thunderclap"],"picked":"SKIP","floor":12.0},{"not_picked":["Iron Wave","Twin Strike","Flex"],"picked":"SKIP","floor":13.0},{"not_picked":["Fiend Fire","Demon Form"],"picked":"Feed","floor":16.0},{"not_picked":["Blood for Blood","Perfected Strike","Clothesline"],"picked":"SKIP","floor":18.0},{"not_picked":["Inflame","Ghostly Armor"],"picked":"Flame Barrier+1","floor":24.0},{"not_picked":["Wild Strike","Sword Boomerang","Thunderclap"],"picked":"SKIP","floor":25.0},{"not_picked":["Armaments","Perfected Strike"],"picked":"Berserk","floor":28.0},{"not_picked":["Twin Strike","Flex","Body Slam"],"picked":"Singing Bowl","floor":30.0},{"not_picked":["Pommel Strike","Pummel"],"picked":"True Grit","floor":31.0},{"not_picked":["Juggernaut","Bludgeon"],"picked":"Barricade","floor":33.0},{"not_picked":["Pommel Strike"],"picked":"Singing Bowl","floor":35.0},{"not_picked":["Armaments+1"],"picked":"Singing Bowl","floor":37.0},{"not_picked":["Cleave+1"],"picked":"Singing Bowl","floor":40.0},{"not_picked":["Double Tap"],"picked":"Singing Bowl","floor":42.0},{"not_picked":["True Grit"],"picked":"Singing Bowl","floor":44.0},{"not_picked":["Intimidate"],"picked":"Singing Bowl","floor":45.0},{"not_picked":["Corruption+1"],"picked":"Singing Bowl","floor":48},{"not_picked":["Iron Wave+1"],"picked":"Singing Bowl","floor":49}],"player_experience":194870,"relics_obtained":[{"floor":5.0,"key":"Art of War"},{"floor":6.0,"key":"Oddly Smooth Stone"},{"floor":8.0,"key":"Tiny Chest"},{"floor":9.0,"key":"Orichalcum"},{"floor":12.0,"key":"Boot"},{"floor":25.0,"key":"Gremlin Horn"},{"floor":26.0,"key":"Bottled Flame"},{"floor":28.0,"key":"Singing Bowl"},{"floor":40.0,"key":"Blood Vial"},{"floor":42.0,"key":"Potion Belt"},{"floor":43.0,"key":"Molten Egg 2"},{"floor":44.0,"key":"Dream Catcher"},{"floor":48,"key":"Sundial"}],"event_choices":[{"damage_healed":0.0,"max_hp_gain":0.0,"max_hp_loss":0.0,"gold_gain":0.0,"event_name":"Big Fish","player_choice":"Box","floor":2.0,"gold_loss":0.0,"damage_taken":0.0,"relics_obtained":["Thread and Needle"],"cards_obtained":["Regret"]},{"cards_removed":["Regret"],"damage_healed":0.0,"max_hp_gain":0.0,"max_hp_loss":0.0,"gold_gain":0.0,"event_name":"Golden Wing","player_choice":"Card Removal","floor":3.0,"gold_loss":0.0,"damage_taken":7.0},{"cards_removed":["Strike_R"],"damage_healed":0.0,"max_hp_gain":0.0,"max_hp_loss":0.0,"gold_gain":0.0,"event_name":"The Cleric","player_choice":"Card Removal","floor":4.0,"gold_loss":50.0,"damage_taken":0.0},{"damage_healed":0.0,"max_hp_gain":0.0,"max_hp_loss":0.0,"gold_gain":75.0,"event_name":"World of Goop","player_choice":"Gather Gold","floor":14.0,"gold_loss":0.0,"damage_taken":11.0},{"damage_healed":0.0,"max_hp_gain":0.0,"max_hp_loss":0.0,"gold_gain":0.0,"event_name":"The Mausoleum","player_choice":"Opened","floor":19.0,"gold_loss":0.0,"damage_taken":0.0,"relics_obtained":["Incense Burner"]},{"damage_healed":0.0,"max_hp_gain":5.0,"max_hp_loss":0.0,"gold_gain":0.0,"event_name":"Forgotten Altar","player_choice":"Shed Blood","floor":20.0,"gold_loss":0.0,"damage_taken":20.0},{"damage_healed":0.0,"max_hp_gain":0.0,"max_hp_loss":0.0,"gold_gain":0.0,"cards_transformed":["Pommel Strike"],"event_name":"Transmorgrifier","player_choice":"Transformed","floor":21.0,"gold_loss":0.0,"damage_taken":0.0,"cards_obtained":["Rupture"]},{"damage_healed":0.0,"max_hp_gain":0.0,"max_hp_loss":0.0,"gold_gain":0.0,"event_name":"Tomb of Lord Red Mask","player_choice":"Ignored","floor":36.0,"gold_loss":0.0,"damage_taken":0.0},{"damage_healed":0.0,"max_hp_gain":0.0,"max_hp_loss":0.0,"gold_gain":0.0,"event_name":"MindBloom","player_choice":"Upgrade","floor":39.0,"gold_loss":0.0,"damage_taken":0.0,"cards_upgraded":["Defend_R","Defend_R","Defend_R","Defend_R","Bash","Rupture","Berserk","True Grit","Barricade","True Grit"],"relics_obtained":["Mark of the Bloom"]},{"cards_removed":["Bash"],"damage_healed":0,"gold_gain":0,"player_choice":"Removed Attack","damage_taken":0,"max_hp_gain":0,"max_hp_loss":0,"event_name":"Falling","floor":47,"gold_loss":0}],"is_beta":false,"boss_relics":[{"not_picked":["Eternal Feather","Orrery"],"picked":"Runic Pyramid"},{"not_picked":["Runic Cube","Lizard Tail"],"picked":"Busted Crown"}],"items_purged_floors":[10,22,29,38,46],"is_endless":false,"potions_floor_spawned":[1,6,8,24,30,31,40,48],"ascension_level":12}