{"gold_per_floor":[116,128,128,144,162,162,193,193,193,193,211,211,211,97,97,194,194,212,225,237,162,180,180,130,161,161,180,30,30,30,58,74,74,174,174,186,186,13,27,27,58,58,58,58,58,84,95,110,143,143,143],"floor_reached":51,"playtime":2661,"items_purged":["Strike_R","Strike_R"],"score":870,"play_id":"3e25b15b-3087-4367-8651-aff5f3092ba7","local_time":"20181021210934","is_ascension_mode":true,"campfire_choices":[{"data":"Bash","floor":6.0,"key":"SMITH"},{"data":"ReplayTheSpireMod:Limb From Limb","floor":8.0,"key":"SMITH"},{"data":"Sword Boomerang","floor":10.0,"key":"SMITH"},{"data":"ReplayTheSpireMod:Strike From Hell","floor":13.0,"key":"SMITH"},{"data":"ReplayTheSpireMod:Stacked","floor":15.0,"key":"SMITH"},{"floor":23.0,"key":"REST"},{"data":"True Grit","floor":29.0,"key":"SMITH"},{"floor":33.0,"key":"REST"},{"data":"Inflame","floor":43.0,"key":"SMITH"},{"data":"Limit Break","floor":45.0,"key":"SMITH"},{"data":"Impervious","floor":50.0,"key":"SMITH"}],"neow_cost":"NONE","seed_source_timestamp":38611463952053,"circlet_count":0,"master_deck":["Strike_R+1","Defend_R","Defend_R+1","Defend_R+1","Defend_R+1","Bash+1","Sword Boomerang+1","ReplayTheSpireMod:Limb From Limb+1","ReplayTheSpireMod:Strike From Hell+1","ReplayTheSpireMod:Stacked+1","Double Tap","Thunderclap","Clash+1","Clothesline","True Grit+1","True Grit+1","Metallicize","Battle Trance","Shrug It Off+1","Limit Break+1","Inflame+1","Impervious+1"],"special_seed":0,"relics":["Burning Blood","Oddly Smooth Stone","Gremlin Food","Iron Hammer","Mark of Pain","Gremlin Horn","Garlic","Snack Pack","Cursed Key","Smiling Mask","Bandana","The Courier"],"potions_floor_usage":[51,51],"damage_taken":[{"damage":2.0,"enemies":"Cultist","floor":1.0,"turns":6.0},{"damage":6.0,"enemies":"Small Slimes","floor":2.0,"turns":4.0},{"damage":0.0,"enemies":"2 Louse","floor":4.0,"turns":3.0},{"damage":2.0,"enemies":"Looter","floor":5.0,"turns":4.0},{"damage":12.0,"enemies":"Gremlin Nob","floor":7.0,"turns":3.0},{"damage":4.0,"enemies":"Blue Slaver","floor":11.0,"turns":2.0},{"damage":37.0,"enemies":"Slime Boss","floor":16.0,"turns":9.0},{"damage":6.0,"enemies":"Chosen","floor":18.0,"turns":4.0},{"damage":22.0,"enemies":"2 Thieves","floor":19.0,"turns":3.0},{"damage":24.0,"enemies":"Snecko","floor":20.0,"turns":4.0},{"damage":8.0,"enemies":"3 Cultists","floor":22.0,"turns":4.0},{"damage":24.0,"enemies":"Gremlin Leader","floor":25.0,"turns":6.0},{"damage":6.0,"enemies":"Centurion and Healer","floor":27.0,"turns":5.0},{"damage":19.0,"enemies":"Slavers","floor":31.0,"turns":6.0},{"damage":0.0,"enemies":"Snake Plant","floor":32.0,"turns":3.0},{"damage":53.0,"enemies":"Champ","floor":34.0,"turns":18.0},{"damage":0.0,"enemies":"Orb Walker","floor":36.0,"turns":4.0},{"damage":0.0,"enemies":"3 Darklings","floor":39.0,"turns":8.0},{"damage":9.0,"enemies":"Reptomancer","floor":41.0,"turns":8.0},{"damage":0.0,"enemies":"Nemesis","floor":46.0,"turns":7.0},{"damage":0.0,"enemies":"Jaw Worm Horde","floor":47.0,"turns":5.0},{"damage":23.0,"enemies":"Transient","floor":48.0,"turns":5.0},{"damage":26.0,"enemies":"R_Hoarder","floor":49.0,"turns":8.0},{"damage":60,"enemies":"Time Eater","floor":51,"turns":7}],"seed_played":"6785923059302296903","potions_obtained":[{"floor":1.0,"key":"FearPotion"},{"floor":2.0,"key":"Energy Potion"},{"floor":5.0,"key":"AttackPotion"},{"floor":11.0,"key":"Ancient Potion"},{"floor":18.0,"key":"SpeedPotion"},{"floor":20.0,"key":"Block Potion"},{"floor":31.0,"key":"GamblersBrew"},{"floor":32.0,"key":"Explosive Potion"},{"floor":46.0,"key":"Dexterity Potion"},{"floor":49.0,"key":"ReplayShieldPotion"}],"is_trial":false,"path_per_floor":["M","M","?","M","M","R","E","R","T","R","M","?","R","$","R","B",null,"M","M","M","?","M","R","?","E","T","M","$","R","PTL","E","M","R","B",null,"M","?","$","M","$","E","?","R","T","R","E","M","M","E","R"],"character_chosen":"IRONCLAD","items_purchased":["ReplayTheSpireMod:Stacked","Metallicize","Battle Trance","Inflame"],"campfire_rested":2,"item_purchase_floors":[14,28,28,38],"current_hp_per_floor":[76,76,60,66,70,70,64,64,64,64,66,66,66,66,66,35,69,69,53,35,35,33,57,57,39,39,39,39,39,39,26,34,58,21,65,75,75,75,80,80,79,76,76,76,76,76,76,59,45,45,0],"gold":143,"neow_bonus":"RANDOM_COMMON_RELIC","is_prod":false,"is_daily":false,"chose_seed":false,"campfire_upgraded":9,"win_rate":0,"timestamp":1540148974,"path_taken":["M","?","?","M","M","R","E","R","T","R","M","?","R","$","R","BOSS","M","?","M","?","M","R","?","E","T","M","$","R","PTL","E","?","R","BOSS","M","?","$","M","$","E","?","R","T","R","E","M","M","E","R","BOSS"],"build_version":"2018-10-18","purchased_purges":2,"victory":false,"max_hp_per_floor":[80,80,80,80,80,80,80,80,80,80,80,80,80,80,80,80,80,80,80,80,80,80,80,80,80,80,80,80,80,80,80,80,80,80,80,80,80,80,80,80,80,76,76,76,76,76,76,76,76,76,76],"card_choices":[{"not_picked":["Burning Pact","Combust"],"picked":"Sword Boomerang","floor":1.0},{"not_picked":["Ghostly Armor","Perfected Strike"],"picked":"ReplayTheSpireMod:Limb From Limb","floor":2.0},{"not_picked":["Pommel Strike","Armaments"],"picked":"ReplayTheSpireMod:Strike From Hell","floor":7.0},{"not_picked":["Bludgeon","Juggernaut"],"picked":"Double Tap","floor":16.0},{"not_picked":["Warcry","Iron Wave"],"picked":"Thunderclap","floor":18.0},{"not_picked":["Feel No Pain+1","Infernal Blade"],"picked":"Clash+1","floor":19.0},{"not_picked":["Clash","Ghostly Armor+1"],"picked":"Clothesline","floor":20.0},{"not_picked":["Perfected Strike","ReplayTheSpireMod:Strike From Hell"],"picked":"True Grit","floor":25.0},{"not_picked":["Pommel Strike","Wild Strike+1"],"picked":"True Grit+1","floor":27.0},{"not_picked":["ReplayTheSpireMod:Stacked","Anger+1"],"picked":"Shrug It Off+1","floor":32.0},{"not_picked":["Brutality","Dark Embrace"],"picked":"Limit Break","floor":34.0},{"not_picked":["Pommel Strike+1","Armaments+1"],"picked":"Impervious","floor":47.0}],"player_experience":1276950,"relics_obtained":[{"floor":7.0,"key":"Gremlin Food"},{"floor":9.0,"key":"Iron Hammer"},{"floor":25.0,"key":"Gremlin Horn"},{"floor":26.0,"key":"Garlic"},{"floor":31.0,"key":"Snack Pack"},{"floor":41.0,"key":"Smiling Mask"},{"floor":46.0,"key":"Bandana"},{"floor":49.0,"key":"The Courier"}],"event_choices":[{"damage_healed":0.0,"max_hp_gain":0.0,"max_hp_loss":0.0,"gold_gain":0.0,"event_name":"Shining Light","player_choice":"Entered Light","floor":3.0,"gold_loss":0.0,"damage_taken":16.0,"cards_upgraded":["Defend_R","Strike_R"]},{"cards_removed":["Strike_R"],"damage_healed":0.0,"max_hp_gain":0.0,"max_hp_loss":0.0,"gold_gain":0.0,"event_name":"Purifier","player_choice":"Purged","floor":12.0,"gold_loss":0.0,"damage_taken":0.0},{"cards_removed":["Strike_R"],"damage_healed":0.0,"max_hp_gain":0.0,"max_hp_loss":0.0,"gold_gain":0.0,"event_name":"Beggar","player_choice":"Gave Gold","floor":21.0,"gold_loss":75.0,"damage_taken":0.0},{"damage_healed":0.0,"max_hp_gain":0.0,"max_hp_loss":0.0,"gold_gain":0.0,"event_name":"The Joust","player_choice":"Bet on Owner","floor":24.0,"gold_loss":50.0,"damage_taken":0.0},{"damage_healed":0.0,"max_hp_gain":0.0,"max_hp_loss":0.0,"gold_gain":0.0,"event_name":"Mysterious Sphere","player_choice":"Ignored","floor":37.0,"gold_loss":0.0,"damage_taken":0.0},{"damage_healed":0.0,"max_hp_gain":0.0,"max_hp_loss":4.0,"gold_gain":0.0,"event_name":"Winding Halls","player_choice":"Max HP","floor":42.0,"gold_loss":0.0,"damage_taken":0.0}],"is_beta":false,"boss_relics":[{"not_picked":["ReplayTheSpireMod:DimensionalGlitch","White Beast Statue"],"picked":"Mark of Pain"},{"not_picked":["ChewingGum","Calling Bell"],"picked":"Cursed Key"}],"items_purged_floors":[14,38],"is_endless":false,"potions_floor_spawned":[1,2,5,11,18,20,31,32,46,49],"killed_by":"Time Eater","ascension_level":9}