{"gold_per_floor":[217,228,59,76,76,111,111,124,178,178],"floor_reached":10,"playtime":433,"items_purged":["Strike_R"],"score":129,"play_id":"8510dbfd-3fef-46e1-a9fc-60d86b79bb56","local_time":"20190526030716","is_ascension_mode":true,"campfire_choices":[{"floor":7,"key":"REST"}],"neow_cost":"NONE","seed_source_timestamp":597571271569992,"circlet_count":0,"master_deck":["AscendersBane","Strike_R","Strike_R","Strike_R","Defend_R","Defend_R","Defend_R","Defend_R","Bash","Clothesline","Corruption","Feel No Pain","Armaments","Body Slam","Dark Embrace"],"relics":["Burning Blood","Matryoshka","Bag of Marbles","Juzu Bracelet"],"potions_floor_usage":[10],"damage_taken":[{"damage":14,"enemies":"Jaw Worm","floor":1,"turns":4},{"damage":4,"enemies":"Cultist","floor":2,"turns":4},{"damage":9,"enemies":"2 Louse","floor":4,"turns":4},{"damage":57,"enemies":"Gremlin Nob","floor":6,"turns":6},{"damage":20,"enemies":"Exordium Thugs","floor":8,"turns":5},{"damage":16,"enemies":"3 Sentries","floor":10,"turns":4}],"seed_played":"6067507288515225736","potions_obtained":[{"floor":8,"key":"Energy Potion"}],"is_trial":false,"path_per_floor":["?"],"character_chosen":"IRONCLAD","items_purchased":["Feel No Pain","Armaments"],"campfire_rested":1,"item_purchase_floors":[3,3],"current_hp_per_floor":[60,62,62,59,59,8,30,16,16,0],"gold":178,"neow_bonus":"HUNDRED_GOLD","is_prod":false,"is_daily":false,"chose_seed":false,"campfire_upgraded":0,"win_rate":0,"timestamp":1558854436,"path_taken":["M","M","$","M","?","E","R","M","T","E"],"build_version":"2019-01-23","purchased_purges":1,"victory":false,"max_hp_per_floor":[75,75,75,75,75,75,75,75,75,75],"card_choices":[{"not_picked":["Thunderclap","Armaments"],"picked":"Clothesline","floor":1},{"not_picked":["Sever Soul","Headbutt"],"picked":"Corruption","floor":2},{"not_picked":["Clothesline","Anger"],"picked":"Body Slam","floor":4},{"not_picked":["True Grit","Dual Wield"],"picked":"Dark Embrace","floor":6},{"not_picked":["Clash","Fire Breathing","Clothesline"],"picked":"SKIP","floor":8}],"player_experience":707941,"relics_obtained":[{"floor":6,"key":"Matryoshka"},{"floor":9,"key":"Bag of Marbles"},{"floor":9,"key":"Juzu Bracelet"}],"event_choices":[{"cards_removed":["Strike_R"],"damage_healed":0,"gold_gain":0,"player_choice":"Offered Basic","damage_taken":0,"max_hp_gain":0,"max_hp_loss":0,"event_name":"Bonfire Elementals","floor":5,"gold_loss":0}],"is_beta":false,"boss_relics":[],"items_purged_floors":[3],"is_endless":false,"potions_floor_spawned":[8],"killed_by":"3 Sentries","ascension_level":18}