{"gold_per_floor":[110,134,134,148,1,32,32,61,61,87,87,104,119,1,1,105,105,30,49,61,61,76,101,101,101],"floor_reached":25,"playtime":3162,"items_purged":["Strike_B","Strike_B"],"score":299,"play_id":"719c3d92-b3a3-4e64-8e07-10e594837bc7","local_time":"20190506002559","is_ascension_mode":true,"campfire_choices":[{"data":"Genetic Algorithm","floor":7,"key":"SMITH"},{"floor":11,"key":"REST"},{"floor":15,"key":"REST"},{"data":"Fission","floor":24,"key":"SMITH"}],"neow_cost":"NONE","seed_source_timestamp":4094680583413827,"circlet_count":0,"master_deck":["Strike_B","Defend_B","Defend_B","Defend_B","Defend_B","Zap","Dualcast","Undo","Genetic Algorithm+1","BootSequence","Glacier","Coolheaded","Machine Learning","Turbo","Cold Snap","Consume","Capacitor","Fusion","Fission+1","Conserve Battery+1","Cold Snap","Genetic Algorithm","Glacier","Coolheaded"],"relics":["Cracked Core","Centennial Puzzle","Cables","Blood Vial","Smiling Mask","Dream Catcher","White Beast Statue","Mummified Hand"],"potions_floor_usage":[8,8,23,23,23,25],"damage_taken":[{"damage":0,"enemies":"Cultist","floor":1,"turns":4},{"damage":2,"enemies":"Jaw Worm","floor":4,"turns":4},{"damage":30,"enemies":"Lagavulin","floor":6,"turns":10},{"damage":31,"enemies":"Gremlin Nob","floor":8,"turns":6},{"damage":6,"enemies":"Lagavulin","floor":10,"turns":12},{"damage":1,"enemies":"Small Slimes","floor":12,"turns":3},{"damage":16,"enemies":"Exordium Wildlife","floor":13,"turns":8},{"damage":11,"enemies":"Hexaghost","floor":16,"turns":18},{"damage":10,"enemies":"2 Thieves","floor":18,"turns":5},{"damage":1,"enemies":"Chosen","floor":19,"turns":12},{"damage":4,"enemies":"Snecko","floor":20,"turns":11},{"damage":0,"enemies":"Sentry and Sphere","floor":22,"turns":16},{"damage":5,"enemies":"Slavers","floor":23,"turns":12},{"damage":71,"enemies":"Gremlin Leader","floor":25,"turns":7}],"seed_played":"1451748080505539128","potions_obtained":[{"floor":1,"key":"Fire Potion"},{"floor":6,"key":"Swift Potion"},{"floor":18,"key":"Explosive Potion"},{"floor":19,"key":"Fire Potion"},{"floor":20,"key":"Fire Potion"},{"floor":23,"key":"SteroidPotion"}],"is_trial":false,"path_per_floor":["T","?","$","?"],"character_chosen":"DEFECT","items_purchased":["BootSequence","Capacitor"],"campfire_rested":2,"item_purchase_floors":[5,14],"current_hp_per_floor":[82,82,82,80,80,50,50,19,19,15,39,40,26,26,50,41,72,64,65,63,63,65,62,62,0],"gold":101,"neow_bonus":"TEN_PERCENT_HP_BONUS","is_prod":false,"is_daily":false,"chose_seed":false,"campfire_upgraded":2,"win_rate":0,"timestamp":1557116759,"path_taken":["M","?","?","M","$","E","R","E","T","E","R","M","M","?","R","BOSS","M","M","M","?","M","E","R","E"],"build_version":"2019-01-23","purchased_purges":2,"victory":false,"max_hp_per_floor":[82,82,82,82,82,82,82,82,82,82,82,82,82,82,82,82,82,82,82,82,82,82,82,82,82],"card_choices":[{"not_picked":["Darkness","Sweeping Beam"],"picked":"Undo","floor":1},{"not_picked":["Hologram","Gash"],"picked":"Genetic Algorithm","floor":4},{"not_picked":["Loop","Lockon"],"picked":"Glacier","floor":6},{"not_picked":["Turbo","Steam"],"picked":"Coolheaded","floor":8},{"not_picked":["Heatsinks","Scrape"],"picked":"Machine Learning","floor":10},{"not_picked":["Beam Cell","Steam Power"],"picked":"Turbo","floor":11},{"not_picked":["Conserve Battery","Undo"],"picked":"Cold Snap","floor":12},{"not_picked":["Double Energy","Darkness"],"picked":"Consume","floor":13},{"not_picked":["Auto Shields","Redo"],"picked":"Fusion","floor":15},{"not_picked":["Multi-Cast","Amplify"],"picked":"Fission","floor":16},{"not_picked":["Barrage","Gash+1"],"picked":"Conserve Battery+1","floor":18},{"not_picked":["Gash","Rebound"],"picked":"Cold Snap","floor":19},{"not_picked":["Beam Cell","Turbo","Genetic Algorithm"],"picked":"SKIP","floor":20},{"not_picked":["Darkness","Reprogram"],"picked":"Glacier","floor":22},{"not_picked":["Cold Snap","Rebound"],"picked":"Coolheaded","floor":23}],"player_experience":265622,"relics_obtained":[{"floor":2,"key":"Centennial Puzzle"},{"floor":6,"key":"Cables"},{"floor":8,"key":"Blood Vial"},{"floor":9,"key":"Smiling Mask"},{"floor":10,"key":"Dream Catcher"},{"floor":23,"key":"Mummified Hand"}],"event_choices":[{"damage_healed":0,"gold_gain":0,"player_choice":"Leave","damage_taken":0,"max_hp_gain":0,"max_hp_loss":0,"event_name":"The Cleric","floor":3,"gold_loss":0},{"damage_healed":0,"gold_gain":0,"cards_transformed":["Strike_B"],"player_choice":"Transformed","damage_taken":0,"max_hp_gain":0,"max_hp_loss":0,"event_name":"Transmorgrifier","floor":21,"gold_loss":0,"cards_obtained":["Genetic Algorithm"]}],"is_beta":false,"boss_relics":[{"not_picked":["Tiny House","Eternal Feather"],"picked":"White Beast Statue"}],"items_purged_floors":[5,14],"is_endless":false,"potions_floor_spawned":[1,6,18,19,20,22,23],"killed_by":"Gremlin Leader","ascension_level":5}