{"gold_per_floor":[119,119,119,137,149,177,192,208,208,208,218,20,20,33,33,132,132,98,117,117,128,128,128,128,146,146,146],"floor_reached":27,"playtime":2228,"items_purged":[],"score":242,"play_id":"6648c7bd-04be-49a0-9d30-01b7ddac8786","local_time":"20190528001859","is_ascension_mode":false,"campfire_choices":[{"data":"Limit Break","floor":10,"key":"SMITH"},{"floor":13,"key":"REST"},{"floor":15,"key":"REST"},{"floor":23,"key":"REST"}],"neow_cost":"NONE","seed_source_timestamp":110709541705413,"circlet_count":0,"master_deck":["Strike_R","Strike_R","Strike_R","Strike_R","Strike_R","Defend_R","Defend_R","Defend_R","Defend_R","Bash","Metallicize","Sentinel","Limit Break+1","Iron Wave","Thunderclap","Barricade","Corruption","Havoc","Entrench"],"relics":["Burning Blood","Oddly Smooth Stone","Dead Branch","Regal Pillow","Sozu","GremlinMask","Kunai"],"potions_floor_usage":[6,6,6,16],"damage_taken":[{"damage":0,"enemies":"2 Louse","floor":1,"turns":3},{"damage":5,"enemies":"Small Slimes","floor":4,"turns":4},{"damage":1,"enemies":"Cultist","floor":5,"turns":3},{"damage":32,"enemies":"Lagavulin","floor":6,"turns":7},{"damage":7,"enemies":"Red Slaver","floor":7,"turns":6},{"damage":33,"enemies":"Exordium Wildlife","floor":8,"turns":10},{"damage":24,"enemies":"Gremlin Gang","floor":11,"turns":10},{"damage":33,"enemies":"Exordium Thugs","floor":14,"turns":8},{"damage":37,"enemies":"Hexaghost","floor":16,"turns":12},{"damage":32,"enemies":"2 Thieves","floor":18,"turns":5},{"damage":25,"enemies":"Chosen","floor":19,"turns":7},{"damage":20,"enemies":"Sentry and Sphere","floor":21,"turns":5},{"damage":7,"enemies":"Snake Plant","floor":25,"turns":6},{"damage":66,"enemies":"Slavers","floor":27,"turns":5}],"seed_played":"-7875660383158580924","potions_obtained":[{"floor":0,"key":"EssenceOfSteel"},{"floor":0,"key":"SteroidPotion"},{"floor":0,"key":"EssenceOfSteel"},{"floor":14,"key":"GamblersBrew"}],"is_trial":false,"path_per_floor":["M","?","?","M","M","E","M","M","T","R","M","$","R","M","R","B",null,"M","M","$","M","T","R","?","M","T","E"],"character_chosen":"IRONCLAD","items_purchased":["Regal Pillow","Strength Potion"],"campfire_rested":3,"item_purchase_floors":[12,12],"current_hp_per_floor":[80,80,80,80,80,54,53,26,26,26,8,8,47,20,59,28,80,54,35,35,21,21,60,60,59,59,0],"gold":146,"neow_bonus":"THREE_SMALL_POTIONS","is_prod":false,"is_daily":false,"chose_seed":false,"campfire_upgraded":1,"win_rate":0,"timestamp":1559013539,"path_taken":["M","?","?","M","?","E","M","M","T","R","M","$","R","M","R","BOSS","M","M","$","M","?","R","?","?","T","E"],"build_version":"2019-01-23","purchased_purges":0,"victory":false,"max_hp_per_floor":[80,80,80,80,80,80,80,80,80,80,80,80,80,80,80,80,80,80,80,80,80,80,80,80,80,80,80],"card_choices":[{"not_picked":["Power Through","Hemokinesis","Burning Pact"],"picked":"SKIP","floor":1},{"not_picked":["Sword Boomerang","Warcry","Havoc"],"picked":"SKIP","floor":4},{"not_picked":["Twin Strike","Thunderclap"],"picked":"Metallicize","floor":5},{"not_picked":["Cleave","Sword Boomerang"],"picked":"Sentinel","floor":6},{"not_picked":["Sword Boomerang","Anger","Wild Strike"],"picked":"SKIP","floor":7},{"not_picked":["Searing Blow","Pommel Strike"],"picked":"Limit Break","floor":8},{"not_picked":["Perfected Strike","Hemokinesis"],"picked":"Iron Wave","floor":11},{"not_picked":["Uppercut","Havoc"],"picked":"Thunderclap","floor":14},{"not_picked":["Dark Embrace","Double Tap"],"picked":"Barricade","floor":16},{"not_picked":["Clothesline","Pommel Strike+1","Thunderclap"],"picked":"SKIP","floor":18},{"not_picked":["Body Slam+1","Second Wind"],"picked":"Corruption","floor":19},{"not_picked":["Uppercut+1","Body Slam"],"picked":"Havoc","floor":21},{"not_picked":["Ghostly Armor","Rampage"],"picked":"Entrench","floor":25}],"player_experience":155726,"relics_obtained":[{"floor":6,"key":"Oddly Smooth Stone"},{"floor":9,"key":"Dead Branch"},{"floor":26,"key":"Kunai"}],"event_choices":[{"damage_healed":0,"gold_gain":0,"player_choice":"Leave","damage_taken":0,"max_hp_gain":0,"max_hp_loss":0,"event_name":"The Cleric","floor":2,"gold_loss":0},{"damage_healed":0,"gold_gain":0,"player_choice":"Got Potions","damage_taken":0,"max_hp_gain":0,"max_hp_loss":0,"event_name":"Lab","floor":3,"gold_loss":0},{"damage_healed":0,"gold_gain":0,"player_choice":"Trade","damage_taken":0,"relics_obtained":["GremlinMask"],"max_hp_gain":0,"max_hp_loss":0,"event_name":"FaceTrader","floor":24,"gold_loss":0}],"is_beta":false,"boss_relics":[{"not_picked":["Calling Bell","White Beast Statue"],"picked":"Sozu"}],"items_purged_floors":[],"is_endless":false,"potions_floor_spawned":[1,5,14,19],"killed_by":"Slavers","ascension_level":0}