{"gold_per_floor":[117,117,134,5,5,5,40,40,40,51,70,70,70,96,96,198,198,211,226,245,145,161,161,178,205,205,235,235,254,254,353,353,455,455,467,467,39,39,39,39,67,17,17,30,30,30,30,44,44,44],"floor_reached":50,"playtime":1344,"items_purged":["Pain","Defend_R","Strike_R","Strike_R"],"score":751,"play_id":"ade7e344-8c28-4ba8-ab6a-77e3c5dbabfe","local_time":"20190319102911","is_ascension_mode":true,"campfire_choices":[{"data":"Hemokinesis","floor":6.0,"key":"SMITH"},{"data":"1","floor":13.0,"key":"LIFT"},{"data":"2","floor":15.0,"key":"LIFT"},{"data":"3","floor":23.0,"key":"LIFT"},{"data":"Iron Wave","floor":28.0,"key":"SMITH"},{"data":"Iron Wave","floor":30.0,"key":"SMITH"},{"data":"Bash","floor":32.0,"key":"SMITH"},{"data":"Double Tap","floor":40,"key":"SMITH"},{"floor":45,"key":"REST"},{"floor":49,"key":"REST"}],"neow_cost":"CURSE","seed_source_timestamp":316499807878249,"circlet_count":0,"master_deck":["Strike_R+1","Strike_R+1","Defend_R+1","Defend_R+1","Defend_R+1","Bash+1","Hemokinesis+1","True Grit+1","Iron Wave+1","Iron Wave+1","Shrug It Off+1","Twin Strike+1","Rupture+1","True Grit+1","True Grit+1","Double Tap+1","Headbutt+1","Iron Wave+1"],"special_seed":0,"relics":["Burning Blood","Girya","Boot","Du-Vu Doll","Oddly Smooth Stone","Red Skull","Sozu","PreservedInsect","Happy Flower","Strawberry","Philosopher\u0027s Stone","FossilizedHelix","Smiling Mask","Frozen Egg 2","Mark of the Bloom"],"potions_floor_usage":[],"damage_taken":[{"damage":13.0,"enemies":"Jaw Worm","floor":1.0,"turns":4.0},{"damage":16.0,"enemies":"Small Slimes","floor":3.0,"turns":3.0},{"damage":23.0,"enemies":"Gremlin Nob","floor":7.0,"turns":4.0},{"damage":2.0,"enemies":"Cultist","floor":10.0,"turns":3.0},{"damage":4.0,"enemies":"Large Slime","floor":11.0,"turns":5.0},{"damage":27.0,"enemies":"Hexaghost","floor":16.0,"turns":9.0},{"damage":7.0,"enemies":"Shell Parasite","floor":18.0,"turns":3.0},{"damage":8.0,"enemies":"Chosen","floor":19.0,"turns":3.0},{"damage":21.0,"enemies":"Sentry and Sphere","floor":20.0,"turns":7.0},{"damage":22.0,"enemies":"Centurion and Healer","floor":22.0,"turns":5.0},{"damage":4.0,"enemies":"Chosen and Byrds","floor":24.0,"turns":4.0},{"damage":3.0,"enemies":"Gremlin Leader","floor":25.0,"turns":7.0},{"damage":0.0,"enemies":"Book of Stabbing","floor":27.0,"turns":3.0},{"damage":10.0,"enemies":"Sentry and Sphere","floor":29.0,"turns":4.0},{"damage":40.0,"enemies":"Champ","floor":33.0,"turns":13.0},{"damage":1.0,"enemies":"Orb Walker","floor":35.0,"turns":3.0},{"damage":39,"enemies":"Giant Head","floor":41,"turns":7},{"damage":23,"enemies":"3 Darklings","floor":44,"turns":6},{"damage":17,"enemies":"Transient","floor":48,"turns":5},{"damage":34,"enemies":"Awakened One","floor":50,"turns":6}],"seed_played":"-1136796962261526685","potions_obtained":[{"floor":1.0,"key":"Dexterity Potion"},{"floor":3.0,"key":"PowerPotion"},{"floor":11.0,"key":"Dexterity Potion"}],"is_trial":false,"path_per_floor":["M","?","M","$","?","R","E","?","T","M","M","?","R","T","R","B",null,"M","M","M","$","M","R","M","E","T","E","R","M","R","?","R","B",null,"M","?","$","?","?","R","E","$","T","M","R","$","?","M","R","B"],"character_chosen":"IRONCLAD","items_purchased":["Iron Wave","FossilizedHelix"],"campfire_rested":2,"item_purchase_floors":[4,37],"current_hp_per_floor":[65,65,55,55,55,55,38,38,38,42,44,44,44,44,44,23,66,65,63,48,48,32,32,34,37,37,50,50,46,46,46,46,12,68,73,73,73,73,73,73,40,40,40,23,49,49,49,32,32,0],"gold":44,"neow_bonus":"ONE_RARE_RELIC","is_prod":false,"is_daily":false,"chose_seed":false,"campfire_upgraded":5,"win_rate":0,"timestamp":1552987751,"path_taken":["M","?","M","$","?","R","E","?","T","M","?","?","R","?","R","BOSS","M","M","M","$","M","R","M","E","T","E","R","M","R","?","R","BOSS","M","?","$","?","?","R","E","$","T","?","R","?","?","M","R","BOSS"],"build_version":"2019-01-23","purchased_purges":4,"victory":false,"max_hp_per_floor":[80,80,80,80,80,80,80,80,80,80,80,80,80,80,80,80,80,80,80,80,80,80,80,80,80,80,87,87,87,87,87,87,87,87,87,87,87,87,87,87,87,87,87,87,87,87,87,87,87,87],"card_choices":[{"not_picked":["Seeing Red","Reckless Charge"],"picked":"Hemokinesis","floor":1.0},{"not_picked":["Heavy Blade","Pommel Strike"],"picked":"True Grit","floor":3.0},{"not_picked":["Ghostly Armor","Metallicize"],"picked":"Iron Wave","floor":7.0},{"not_picked":["Armaments","Seeing Red"],"picked":"Shrug It Off","floor":10.0},{"not_picked":["Pommel Strike","Ghostly Armor"],"picked":"Twin Strike","floor":11.0},{"not_picked":["Bloodletting","Shrug It Off"],"picked":"Rupture+1","floor":18.0},{"not_picked":["Flex+1","Pommel Strike"],"picked":"True Grit+1","floor":19.0},{"not_picked":["Wild Strike","Rage"],"picked":"True Grit+1","floor":20.0},{"not_picked":["Clothesline+1","Clash","Blood for Blood"],"picked":"SKIP","floor":22.0},{"not_picked":["Perfected Strike+1","Offering","Rage"],"picked":"SKIP","floor":24.0},{"not_picked":["Cleave","Body Slam","Pommel Strike"],"picked":"SKIP","floor":25.0},{"not_picked":["Searing Blow+1","Armaments+1","Cleave"],"picked":"SKIP","floor":27.0},{"not_picked":["Cleave","Corruption","Twin Strike+1"],"picked":"SKIP","floor":29.0},{"not_picked":["Berserk","Offering"],"picked":"Double Tap","floor":33.0},{"not_picked":["Flame Barrier+1","True Grit+1","Headbutt+1"],"picked":"SKIP","floor":35.0},{"not_picked":["Flex+1","Body Slam","True Grit"],"picked":"SKIP","floor":41},{"not_picked":["Iron Wave+1","Perfected Strike+1"],"picked":"Headbutt+1","floor":44},{"not_picked":["Whirlwind","Reckless Charge"],"picked":"Iron Wave+1","floor":48}],"player_experience":102919,"relics_obtained":[{"floor":7.0,"key":"Du-Vu Doll"},{"floor":9.0,"key":"Oddly Smooth Stone"},{"floor":14.0,"key":"Red Skull"},{"floor":25.0,"key":"PreservedInsect"},{"floor":26.0,"key":"Happy Flower"},{"floor":27.0,"key":"Strawberry"},{"floor":41,"key":"Smiling Mask"},{"floor":43,"key":"Frozen Egg 2"}],"event_choices":[{"damage_healed":0.0,"max_hp_gain":0.0,"max_hp_loss":0.0,"gold_gain":0.0,"event_name":"Big Fish","player_choice":"Box","floor":2.0,"gold_loss":0.0,"damage_taken":0.0,"relics_obtained":["Boot"],"cards_obtained":["Regret"]},{"damage_healed":0.0,"max_hp_gain":0.0,"max_hp_loss":0.0,"gold_gain":0.0,"event_name":"Liars Game","player_choice":"Ignored","floor":5.0,"gold_loss":0.0,"damage_taken":0.0},{"damage_healed":0.0,"max_hp_gain":0.0,"max_hp_loss":0.0,"gold_gain":0.0,"event_name":"Accursed Blacksmith","player_choice":"Forge","floor":8.0,"gold_loss":0.0,"damage_taken":0.0,"cards_upgraded":["True Grit"]},{"cards_removed":["Strike_R"],"damage_healed":0.0,"max_hp_gain":0.0,"max_hp_loss":0.0,"gold_gain":0.0,"event_name":"Living Wall","player_choice":"Forget","floor":12.0,"gold_loss":0.0,"damage_taken":0.0},{"damage_healed":0.0,"max_hp_gain":0.0,"max_hp_loss":0.0,"gold_gain":99.0,"event_name":"Nest","player_choice":"Stole From Cult","floor":31.0,"gold_loss":0.0,"damage_taken":0.0},{"damage_healed":0.0,"max_hp_gain":0.0,"max_hp_loss":0.0,"gold_gain":0.0,"event_name":"Tomb of Lord Red Mask","player_choice":"Ignored","floor":36.0,"gold_loss":0.0,"damage_taken":0.0},{"damage_healed":0,"gold_gain":0,"player_choice":"Ignored","damage_taken":0,"max_hp_gain":0,"max_hp_loss":0,"event_name":"Mysterious Sphere","floor":38,"gold_loss":0},{"cards_removed":["Regret"],"damage_healed":0,"gold_gain":0,"player_choice":"Purged","damage_taken":0,"max_hp_gain":0,"max_hp_loss":0,"event_name":"Purifier","floor":39,"gold_loss":0},{"damage_healed":0,"gold_gain":0,"player_choice":"Upgrade","damage_taken":0,"relics_obtained":["Mark of the Bloom"],"max_hp_gain":0,"max_hp_loss":0,"event_name":"MindBloom","floor":47,"gold_loss":0,"cards_upgraded":["Strike_R","Strike_R","Defend_R","Defend_R","Defend_R","Shrug It Off","Twin Strike"]}],"is_beta":false,"boss_relics":[{"not_picked":["Empty Cage","Runic Cube"],"picked":"Sozu"},{"not_picked":["Pandora\u0027s Box","Runic Dome"],"picked":"Philosopher\u0027s Stone"}],"items_purged_floors":[4,21,37,42],"is_endless":false,"potions_floor_spawned":[1,3,11,22,24,27,29,33,44,48],"killed_by":"Awakened One","ascension_level":7}