{"gold_per_floor":[112,112,287,125,75,75,109,109,179,204,107,122,122,166,166,286,286,307,75,91,91,91,125,125,140,140,65,106,106],"floor_reached":29,"playtime":2405,"items_purged":["Doubt"],"score":345,"play_id":"8e21b0f4-9925-470f-b351-0ed592bc9d34","local_time":"20190504022501","is_ascension_mode":true,"campfire_choices":[{"data":"Defragment","floor":6,"key":"SMITH"},{"data":"Zap","floor":8,"key":"SMITH"},{"data":"Multi-Cast","floor":15,"key":"SMITH"},{"floor":24,"key":"REST"}],"neow_cost":"NONE","seed_source_timestamp":3929779872494768,"circlet_count":0,"master_deck":["Strike_B","Strike_B","Defend_B","Defend_B","Defend_B","Defend_B","Zap+1","Dualcast","Cold Snap","Defragment+1","Conserve Battery","Ball Lightning","Hologram","Finesse","Loop+1","Multi-Cast+1","Buffer+1","Coolheaded","Capacitor+1","Beam Cell+1","Core Surge","Hologram","Reinforced Body+1"],"relics":["Cracked Core","Golden Idol","Incense Burner","Frozen Egg 2","Singing Bowl","Eternal Feather","Runic Capacitor","Pear","Ornamental Fan","Toxic Egg 2"],"potions_floor_usage":[16,28],"damage_taken":[{"damage":0,"enemies":"Small Slimes","floor":1,"turns":3},{"damage":15,"enemies":"Lagavulin","floor":7,"turns":6},{"damage":0,"enemies":"2 Louse","floor":10,"turns":2},{"damage":0,"enemies":"Jaw Worm","floor":12,"turns":4},{"damage":7,"enemies":"3 Sentries","floor":14,"turns":6},{"damage":23,"enemies":"Hexaghost","floor":16,"turns":7},{"damage":5,"enemies":"Shell Parasite","floor":18,"turns":7},{"damage":36,"enemies":"3 Byrds","floor":20,"turns":7},{"damage":32,"enemies":"Slavers","floor":23,"turns":8},{"damage":4,"enemies":"Centurion and Healer","floor":25,"turns":10},{"damage":50,"enemies":"Gremlin Leader","floor":28,"turns":9},{"damage":17,"enemies":"Colosseum Slavers","floor":29,"turns":1}],"seed_played":"1941496799901867173","potions_obtained":[{"floor":12,"key":"Dexterity Potion"},{"floor":25,"key":"Weak Potion"}],"is_trial":false,"path_per_floor":["?","?","?","$","M","?","?","?","?","?"],"character_chosen":"DEFECT","items_purchased":["Defragment","Conserve Battery","Finesse","Capacitor+1","Runic Capacitor"],"campfire_rested":1,"item_purchase_floors":[4,4,11,19,19],"current_hp_per_floor":[82,82,82,82,82,82,67,67,67,67,67,67,67,60,60,37,82,77,77,41,41,41,21,61,57,57,57,7,0],"gold":106,"neow_bonus":"TEN_PERCENT_HP_BONUS","is_prod":false,"is_daily":false,"chose_seed":false,"campfire_upgraded":3,"win_rate":0,"timestamp":1556951101,"path_taken":["M","?","?","$","?","R","E","R","T","M","?","?","?","E","R","BOSS","M","$","M","?","?","E","R","M","T","?","E","?"],"build_version":"2019-01-23","purchased_purges":1,"victory":false,"max_hp_per_floor":[82,82,82,82,82,82,82,82,82,82,82,82,82,82,82,82,82,82,82,82,82,82,94,94,94,94,94,94,94],"card_choices":[{"not_picked":["Compile Driver","Go for the Eyes"],"picked":"Cold Snap","floor":1},{"not_picked":["Tempest","Coolheaded"],"picked":"Ball Lightning","floor":7},{"not_picked":["Conserve Battery","Ball Lightning"],"picked":"Hologram","floor":10},{"not_picked":["Go for the Eyes","Undo"],"picked":"Loop+1","floor":12},{"not_picked":["Leap","Rebound"],"picked":"Multi-Cast","floor":14},{"not_picked":["Machine Learning+1","Fission"],"picked":"Buffer+1","floor":16},{"not_picked":["Aggregate","Leap"],"picked":"Coolheaded","floor":18},{"not_picked":["FTL","Steam"],"picked":"Beam Cell+1","floor":20},{"not_picked":["Sweeping Beam","Streamline+1","Gash"],"picked":"Singing Bowl","floor":23},{"not_picked":["Redo","Barrage"],"picked":"Hologram","floor":25},{"not_picked":["Force Field","Barrage+1"],"picked":"Reinforced Body","floor":28}],"player_experience":234318,"relics_obtained":[{"floor":7,"key":"Incense Burner"},{"floor":9,"key":"Frozen Egg 2"},{"floor":14,"key":"Singing Bowl"},{"floor":23,"key":"Pear"},{"floor":26,"key":"Ornamental Fan"},{"floor":28,"key":"Toxic Egg 2"}],"event_choices":[{"damage_healed":0,"gold_gain":0,"player_choice":"Take Wound","damage_taken":0,"relics_obtained":["Golden Idol"],"max_hp_gain":0,"max_hp_loss":0,"event_name":"Golden Idol","floor":2,"gold_loss":0,"cards_obtained":["Injury"]},{"damage_healed":0,"gold_gain":175,"player_choice":"AGREE","damage_taken":0,"max_hp_gain":0,"max_hp_loss":0,"event_name":"Liars Game","floor":3,"gold_loss":0,"cards_obtained":["Doubt"]},{"cards_removed":["Injury"],"damage_healed":0,"gold_gain":0,"player_choice":"Card Removal","damage_taken":0,"max_hp_gain":0,"max_hp_loss":0,"event_name":"The Cleric","floor":5,"gold_loss":50},{"cards_removed":["Strike_B"],"damage_healed":0,"gold_gain":0,"player_choice":"Purged","damage_taken":0,"max_hp_gain":0,"max_hp_loss":0,"event_name":"Purifier","floor":13,"gold_loss":0},{"damage_healed":0,"gold_gain":0,"player_choice":"Read","damage_taken":0,"max_hp_gain":0,"max_hp_loss":0,"event_name":"The Library","floor":21,"gold_loss":0,"cards_obtained":["Core Surge"]},{"damage_healed":0,"gold_gain":0,"player_choice":"Ignored","damage_taken":0,"max_hp_gain":0,"max_hp_loss":0,"event_name":"Vampires","floor":22,"gold_loss":0},{"cards_removed":["Strike_B"],"damage_healed":0,"gold_gain":0,"player_choice":"Gave Gold","damage_taken":0,"max_hp_gain":0,"max_hp_loss":0,"event_name":"Beggar","floor":27,"gold_loss":75},{"damage_healed":0,"gold_gain":0,"player_choice":"Fight","damage_taken":0,"max_hp_gain":0,"max_hp_loss":0,"event_name":"Colosseum","floor":29,"gold_loss":0}],"is_beta":false,"boss_relics":[{"not_picked":["Empty Cage","Tiny House"],"picked":"Eternal Feather"}],"items_purged_floors":[4],"is_endless":false,"potions_floor_spawned":[12,25],"killed_by":"Colosseum Slavers","ascension_level":4}