{"gold_per_floor":[116,130,141,66,66,94,94,104,104,117,134,34,47,47,47,145,145,158,172,47,59,71,101,101,134,188,188,188,202,216,66,66,170,170,183,8,22,70,0,0,34,34,34,34,45,58,158,173,173,173],"floor_reached":51,"playtime":6295,"items_purged":["Strike_G","Defend_G","Strike_G","Strike_G","Strike_G"],"score":696,"play_id":"01e34b06-1ed8-470c-be80-b3d50bb59928","local_time":"20190216133238","is_ascension_mode":false,"campfire_choices":[{"floor":7,"key":"REST"},{"floor":15,"key":"REST"},{"floor":24,"key":"REST"},{"floor":27,"key":"REST"},{"floor":32,"key":"REST"},{"floor":40,"key":"REST"},{"floor":42,"key":"REST"},{"floor":44,"key":"REST"},{"floor":49,"key":"REST"}],"neow_cost":"NONE","seed_source_timestamp":153182439182442,"circlet_count":0,"master_deck":["Defend_G","Defend_G","Strike_G","Survivor+1","Neutralize","Deflect","Quick Slash","Blade Dance","Outmaneuver","Skewer","Finisher","Escape Plan","Expertise","Malaise","Outmaneuver+1","Backstab","Dagger Throw","Predator+1","Infinite Blades+1","Iron Wave","Skewer+1","Burst","Choke","Masterful Stab+1","Acrobatics","Blade Dance+1","Outmaneuver+1","Outmaneuver+1","Dodge and Roll+1"],"relics":["Sozu","Matryoshka","Pantograph","Bag of Marbles","Fusion Hammer","Oddly Smooth Stone","Ninja Scroll","Kunai","War Paint","WristBlade","WingedGreaves","Red Mask","Juzu Bracelet","Toxic Egg 2","Mango"],"potions_floor_usage":[],"damage_taken":[{"damage":0,"enemies":"2 Louse","floor":1,"turns":3},{"damage":0,"enemies":"Cultist","floor":2,"turns":5},{"damage":0,"enemies":"Jaw Worm","floor":3,"turns":3},{"damage":19,"enemies":"Lagavulin","floor":6,"turns":9},{"damage":8,"enemies":"Lots of Slimes","floor":8,"turns":5},{"damage":8,"enemies":"Blue Slaver","floor":10,"turns":3},{"damage":0,"enemies":"3 Louse","floor":11,"turns":3},{"damage":0,"enemies":"2 Fungi Beasts","floor":13,"turns":2},{"damage":42,"enemies":"The Guardian","floor":16,"turns":15},{"damage":4,"enemies":"Shell Parasite","floor":18,"turns":4},{"damage":5,"enemies":"Chosen","floor":19,"turns":3},{"damage":11,"enemies":"Shelled Parasite and Fungi","floor":21,"turns":5},{"damage":6,"enemies":"Snecko","floor":22,"turns":4},{"damage":33,"enemies":"Slavers","floor":23,"turns":8},{"damage":12,"enemies":"Book of Stabbing","floor":25,"turns":4},{"damage":10,"enemies":"Snake Plant","floor":29,"turns":4},{"damage":18,"enemies":"Shelled Parasite and Fungi","floor":30,"turns":2},{"damage":18,"enemies":"Collector","floor":33,"turns":10},{"damage":0,"enemies":"Orb Walker","floor":35,"turns":2},{"damage":4,"enemies":"3 Darklings","floor":37,"turns":4},{"damage":28,"enemies":"2 Orb Walkers","floor":38,"turns":5},{"damage":31,"enemies":"Giant Head","floor":41,"turns":6},{"damage":10,"enemies":"Maw","floor":45,"turns":6},{"damage":3,"enemies":"Sphere and 2 Shapes","floor":46,"turns":3},{"damage":4,"enemies":"Mind Bloom Boss Battle","floor":47,"turns":8},{"damage":17,"enemies":"Spire Growth","floor":48,"turns":3},{"damage":35,"enemies":"Awakened One","floor":50,"turns":16}],"seed_played":"1431513083402025042","potions_obtained":[],"is_trial":false,"path_per_floor":["M","M","M","$","?","E","R","M","T","M","M","$","M","$","R","B",null,"M","M","$","M","M","E","R","E","T","R","?","M","M","$","R","B",null,"M","$","M","?","?","R","E","R","T","R","M","M","?","M","R","B",null],"character_chosen":"THE_SILENT","items_purchased":[],"campfire_rested":9,"item_purchase_floors":[],"current_hp_per_floor":[70,70,70,70,70,51,70,62,62,54,54,54,54,54,70,28,70,66,61,61,50,44,11,32,20,20,41,41,31,13,13,34,41,70,70,70,66,38,38,59,28,49,49,70,60,57,80,63,84,49],"gold":173,"neow_bonus":"BOSS_RELIC","is_prod":false,"is_daily":false,"chose_seed":false,"campfire_upgraded":0,"win_rate":0.0,"timestamp":1550352758,"path_taken":["M","M","M","$","?","E","R","?","T","M","M","$","M","?","R","BOSS","M","M","$","M","M","E","R","E","T","R","?","?","M","$","R","BOSS","M","$","M","?","?","R","E","R","T","R","M","M","?","M","R","BOSS"],"build_version":"2019-01-23","purchased_purges":5,"victory":true,"max_hp_per_floor":[70,70,70,70,70,70,70,70,70,70,70,70,70,70,70,70,70,70,70,70,70,70,70,70,70,70,70,70,70,70,70,70,70,70,70,70,70,70,70,70,70,70,70,70,70,70,84,84,84,84],"card_choices":[{"not_picked":["Poisoned Stab","Escape Plan"],"picked":"Deflect","floor":1},{"not_picked":["PiercingWail","Predator"],"picked":"Quick Slash","floor":2},{"not_picked":["Eviscerate","Catalyst"],"picked":"Blade Dance","floor":3},{"not_picked":["Well Laid Plans","Wraith Form v2"],"picked":"Outmaneuver","floor":6},{"not_picked":["Underhanded Strike","Endless Agony"],"picked":"Skewer","floor":8},{"not_picked":["Well Laid Plans","Underhanded Strike"],"picked":"Finisher","floor":10},{"not_picked":["Sucker Punch","Bane"],"picked":"Escape Plan","floor":11},{"not_picked":["Outmaneuver","Quick Slash"],"picked":"Expertise","floor":13},{"not_picked":["Unload","After Image"],"picked":"Malaise","floor":16},{"not_picked":["Prepared","Expertise"],"picked":"Outmaneuver","floor":18},{"not_picked":["Prepared+1","Deadly Poison+1"],"picked":"Backstab","floor":19},{"not_picked":["Masterful Stab","Tactician","Expertise"],"picked":"SKIP","floor":21},{"not_picked":["Slice","Blade Dance"],"picked":"Dagger Throw","floor":22},{"not_picked":["Leg Sweep","Slice"],"picked":"Predator+1","floor":23},{"not_picked":["Outmaneuver+1","Choke"],"picked":"Infinite Blades+1","floor":25},{"not_picked":["Dagger Spray","Backflip+1"],"picked":"Skewer+1","floor":29},{"not_picked":["Underhanded Strike+1","Skewer","Phantasmal Killer"],"picked":"SKIP","floor":30},{"not_picked":["Venomology","Glass Knife"],"picked":"Burst","floor":33},{"not_picked":["Crippling Poison+1","Sucker Punch+1"],"picked":"Choke","floor":35},{"not_picked":["Slice","Leg Sweep"],"picked":"Masterful Stab+1","floor":37},{"not_picked":["Deadly Poison","Underhanded Strike"],"picked":"Acrobatics","floor":38},{"not_picked":["Underhanded Strike","Tools of the Trade","Acrobatics"],"picked":"SKIP","floor":41},{"not_picked":["Tactician+1","Flying Knee+1"],"picked":"Blade Dance+1","floor":45},{"not_picked":["Bane","Deadly Poison+1"],"picked":"Outmaneuver+1","floor":46},{"not_picked":["Bouncing Flask+1","Slice"],"picked":"Outmaneuver+1","floor":47},{"not_picked":["Underhanded Strike+1","Dash"],"picked":"Dodge and Roll+1","floor":48}],"player_experience":14905,"relics_obtained":[{"floor":6,"key":"Matryoshka"},{"floor":9,"key":"Pantograph"},{"floor":9,"key":"Bag of Marbles"},{"floor":23,"key":"Oddly Smooth Stone"},{"floor":25,"key":"Ninja Scroll"},{"floor":26,"key":"Kunai"},{"floor":26,"key":"War Paint"},{"floor":38,"key":"WingedGreaves"},{"floor":41,"key":"Juzu Bracelet"},{"floor":43,"key":"Toxic Egg 2"},{"floor":47,"key":"Mango"}],"event_choices":[{"cards_removed":["Defend_G"],"damage_healed":0,"gold_gain":0,"player_choice":"Offered Basic","damage_taken":0,"max_hp_gain":0,"max_hp_loss":0,"event_name":"Bonfire Elementals","floor":5,"gold_loss":0},{"cards_removed":["Defend_G"],"damage_healed":0,"gold_gain":0,"player_choice":"Took Card","damage_taken":0,"max_hp_gain":0,"max_hp_loss":0,"event_name":"NoteForYourself","floor":28,"gold_loss":0,"cards_obtained":["Iron Wave"]},{"damage_healed":0,"gold_gain":0,"player_choice":"Fight","damage_taken":0,"max_hp_gain":0,"max_hp_loss":0,"event_name":"Mysterious Sphere","floor":38,"gold_loss":0},{"damage_healed":0,"gold_gain":0,"player_choice":"Paid","damage_taken":0,"relics_obtained":["Red Mask"],"max_hp_gain":0,"max_hp_loss":0,"event_name":"Tomb of Lord Red Mask","floor":39,"gold_loss":70},{"damage_healed":0,"gold_gain":0,"player_choice":"Fight","damage_taken":0,"max_hp_gain":0,"max_hp_loss":0,"event_name":"MindBloom","floor":47,"gold_loss":0}],"is_beta":false,"boss_relics":[{"not_picked":["Tiny House","Snecko Eye"],"picked":"Fusion Hammer"},{"not_picked":["Runic Dome","Black Star"],"picked":"WristBlade"}],"items_purged_floors":[4,12,20,31,36],"is_endless":false,"potions_floor_spawned":[6,10,11,16,21,22,23,29,33,37,41,47,48],"ascension_level":0}