{"gold_per_floor":[117,17,17,17,33,33,76,92,92,92,92,92,68,81,81,171,171,126,26,26,26,26,26,26,26,26,26,26,26,26,26,26,26],"floor_reached":33,"playtime":703,"items_purged":["Strike_R","Headbutt"],"score":431,"play_id":"5ba8ee0b-6fce-4ab3-af2e-72b39142090d","local_time":"20190515011356","is_ascension_mode":true,"campfire_choices":[{"data":"Flex","floor":6,"key":"SMITH"},{"data":"Barricade","floor":10,"key":"SMITH"},{"data":"Defend_R","floor":12,"key":"SMITH"},{"data":"Armaments","floor":15,"key":"SMITH"},{"data":"True Grit","floor":23,"key":"SMITH"},{"floor":25,"key":"REST"},{"floor":32,"key":"REST"}],"neow_cost":"NONE","seed_source_timestamp":2953964037969810,"circlet_count":0,"master_deck":["AscendersBane","Strike_R+1","Defend_R","Defend_R","Defend_R+1","Bash","Sword Boomerang","Twin Strike","Barricade+1","Armaments+1","Juggernaut","Iron Wave","Writhe","True Grit+1","Shrug It Off","Clothesline","Seeing Red"],"relics":["Burning Blood","Golden Idol","Bottled Lightning","Bronze Scales","Ectoplasm","Strawberry","PreservedInsect","MawBank","Dream Catcher","Smiling Mask"],"potions_floor_usage":[7,14,24,24,30,33],"damage_taken":[{"damage":3,"enemies":"2 Louse","floor":1,"turns":4},{"damage":0,"enemies":"Small Slimes","floor":5,"turns":3},{"damage":28,"enemies":"3 Sentries","floor":7,"turns":8},{"damage":0,"enemies":"Cultist","floor":8,"turns":2},{"damage":0,"enemies":"Looter","floor":14,"turns":2},{"damage":22,"enemies":"The Guardian","floor":16,"turns":13},{"damage":25,"enemies":"2 Thieves","floor":18,"turns":3},{"damage":7,"enemies":"Chosen","floor":22,"turns":4},{"damage":49,"enemies":"Book of Stabbing","floor":24,"turns":7},{"damage":21,"enemies":"Snecko","floor":28,"turns":6},{"damage":6,"enemies":"Cultist and Chosen","floor":30,"turns":8},{"damage":78,"enemies":"Automaton","floor":33,"turns":6}],"seed_played":"-5031763542537089893","potions_obtained":[{"floor":5,"key":"Block Potion"},{"floor":7,"key":"Explosive Potion"},{"floor":8,"key":"FearPotion"},{"floor":22,"key":"GamblersBrew"},{"floor":28,"key":"Poison Potion"},{"floor":30,"key":"PowerPotion"}],"is_trial":false,"path_per_floor":["M","$","?","?","M","R","E","M","T","R","?","R","$","M","R","B",null,"M","$","?","?","M","R","E","R","T","?","M","?","M","T","R","B"],"character_chosen":"IRONCLAD","items_purchased":["Flex","Armaments"],"campfire_rested":2,"item_purchase_floors":[2,13],"current_hp_per_floor":[75,75,55,55,61,61,39,45,45,45,29,29,29,35,35,19,65,46,46,53,53,52,52,9,35,35,35,20,20,20,20,46,0],"gold":26,"neow_bonus":"REMOVE_CARD","is_prod":false,"is_daily":false,"chose_seed":false,"campfire_upgraded":5,"win_rate":0,"timestamp":1557875636,"path_taken":["M","$","?","?","M","R","E","?","T","R","?","R","$","M","R","BOSS","M","$","?","?","M","R","E","R","T","?","?","?","M","?","R","BOSS"],"build_version":"2019-01-23","purchased_purges":2,"victory":false,"max_hp_per_floor":[80,80,80,80,80,80,80,80,80,80,80,80,80,80,80,80,80,80,80,87,87,87,87,87,87,87,87,87,87,87,87,87,87],"card_choices":[{"not_picked":["Flex","Evolve"],"picked":"Sword Boomerang","floor":1},{"not_picked":["Body Slam","Thunderclap"],"picked":"Headbutt","floor":5},{"not_picked":["Entrench","Headbutt"],"picked":"Twin Strike","floor":7},{"not_picked":["Seeing Red","Shockwave"],"picked":"Barricade","floor":8},{"not_picked":["Wild Strike","Perfected Strike","Thunderclap"],"picked":"SKIP","floor":14},{"not_picked":["Exhume","Offering"],"picked":"Juggernaut","floor":16},{"not_picked":["Wild Strike","Twin Strike"],"picked":"Iron Wave","floor":18},{"not_picked":["Twin Strike","Clothesline+1"],"picked":"Shrug It Off","floor":22},{"not_picked":["Reckless Charge","Perfected Strike","Cleave"],"picked":"SKIP","floor":24},{"not_picked":["Heavy Blade","Shockwave","Blood for Blood"],"picked":"SKIP","floor":28},{"not_picked":["Bloodletting","Disarm+1","Sword Boomerang"],"picked":"SKIP","floor":30}],"player_experience":212622,"relics_obtained":[{"floor":7,"key":"Bottled Lightning"},{"floor":9,"key":"Bronze Scales"},{"floor":24,"key":"PreservedInsect"},{"floor":26,"key":"MawBank"},{"floor":31,"key":"Smiling Mask"}],"event_choices":[{"damage_healed":0,"gold_gain":0,"player_choice":"Take Damage","damage_taken":20,"relics_obtained":["Golden Idol"],"max_hp_gain":0,"max_hp_loss":0,"event_name":"Golden Idol","floor":3,"gold_loss":0},{"cards_removed":["Strike_R"],"damage_healed":0,"gold_gain":0,"player_choice":"Purged","damage_taken":0,"max_hp_gain":0,"max_hp_loss":0,"event_name":"Purifier","floor":4,"gold_loss":0},{"damage_healed":0,"gold_gain":0,"player_choice":"Entered Light","damage_taken":16,"max_hp_gain":0,"max_hp_loss":0,"event_name":"Shining Light","floor":11,"gold_loss":0,"cards_upgraded":["Strike_R","Strike_R"]},{"damage_healed":0,"gold_gain":0,"player_choice":"Opened","damage_taken":0,"relics_obtained":["Strawberry"],"max_hp_gain":0,"max_hp_loss":0,"event_name":"The Mausoleum","floor":20,"gold_loss":0,"cards_obtained":["Writhe"]},{"damage_healed":0,"gold_gain":0,"player_choice":"Read","damage_taken":0,"max_hp_gain":0,"max_hp_loss":0,"event_name":"The Library","floor":21,"gold_loss":0,"cards_obtained":["True Grit"]},{"cards_removed":["Flex"],"damage_healed":0,"gold_gain":0,"player_choice":"Gave Card","damage_taken":0,"relics_obtained":["Dream Catcher"],"max_hp_gain":0,"max_hp_loss":0,"event_name":"WeMeetAgain","floor":27,"gold_loss":0},{"damage_healed":0,"gold_gain":0,"cards_transformed":["Strike_R","Defend_R"],"player_choice":"Became Test Subject","damage_taken":0,"max_hp_gain":0,"max_hp_loss":0,"event_name":"Drug Dealer","floor":29,"gold_loss":0,"cards_obtained":["Clothesline","Seeing Red"]}],"is_beta":false,"boss_relics":[{"not_picked":["Mark of Pain","Velvet Choker"],"picked":"Ectoplasm"}],"items_purged_floors":[2,19],"is_endless":false,"potions_floor_spawned":[5,7,8,22,28,30],"killed_by":"Automaton","ascension_level":13}