{"gold_per_floor":[109,109,126,138,152,177,177,177],"floor_reached":8,"playtime":404,"items_purged":[],"score":70,"play_id":"72d773bd-5f80-4875-bb3e-1d765c713dce","local_time":"20190504162121","is_ascension_mode":true,"campfire_choices":[],"neow_cost":"NONE","seed_source_timestamp":3981960901388364,"circlet_count":0,"master_deck":["Strike_B","Strike_B","Strike_B","Defend_B","Defend_B","Defend_B","Defend_B","Zap","Dualcast","Turbo","Conserve Battery","White Noise","Consume","Ball Lightning"],"relics":["Cracked Core","Gremlin Horn"],"potions_floor_usage":[8,8,8],"damage_taken":[{"damage":0,"enemies":"2 Louse","floor":1,"turns":4},{"damage":0,"enemies":"Cultist","floor":3,"turns":4},{"damage":9,"enemies":"Small Slimes","floor":4,"turns":3},{"damage":11,"enemies":"3 Louse","floor":5,"turns":5},{"damage":46,"enemies":"3 Sentries","floor":6,"turns":9},{"damage":29,"enemies":"Gremlin Nob","floor":8,"turns":3}],"seed_played":"4616636371934676999","potions_obtained":[{"floor":3,"key":"LiquidBronze"},{"floor":4,"key":"EntropicBrew"}],"is_trial":false,"path_per_floor":["?","M","?"],"character_chosen":"DEFECT","items_purchased":[],"campfire_rested":0,"item_purchase_floors":[],"current_hp_per_floor":[82,82,82,73,62,16,21,0],"gold":177,"neow_bonus":"TEN_PERCENT_HP_BONUS","is_prod":false,"is_daily":false,"chose_seed":false,"campfire_upgraded":0,"win_rate":0,"timestamp":1557001281,"path_taken":["M","?","M","M","?","E","?","E"],"build_version":"2019-01-23","purchased_purges":0,"victory":false,"max_hp_per_floor":[82,82,82,82,82,82,87,87],"card_choices":[{"not_picked":["Stack","Sweeping Beam"],"picked":"Turbo","floor":1},{"not_picked":["Hologram","Streamline"],"picked":"Conserve Battery","floor":3},{"not_picked":["Steam","Beam Cell"],"picked":"White Noise","floor":4},{"not_picked":["Gash","Hologram"],"picked":"Consume","floor":5},{"not_picked":["Turbo","Go for the Eyes"],"picked":"Ball Lightning","floor":6}],"player_experience":237334,"relics_obtained":[{"floor":6,"key":"Gremlin Horn"}],"event_choices":[{"cards_removed":["Strike_B"],"damage_healed":0,"gold_gain":0,"player_choice":"Offered Basic","damage_taken":0,"max_hp_gain":0,"max_hp_loss":0,"event_name":"Bonfire Elementals","floor":2,"gold_loss":0},{"damage_healed":0,"gold_gain":0,"player_choice":"Donut","damage_taken":0,"max_hp_gain":5,"max_hp_loss":0,"event_name":"Big Fish","floor":7,"gold_loss":0}],"is_beta":false,"boss_relics":[],"items_purged_floors":[],"is_endless":false,"potions_floor_spawned":[3,4],"killed_by":"Gremlin Nob","ascension_level":4}