{"gold_per_floor":[14,89,89,89,109,109,143,143,169,197,217,232,266,28,28,129,129,142,14,24,35,35,35],"floor_reached":23,"playtime":449,"items_purged":["Strike_B","Defend_B"],"score":303,"play_id":"8fdd4d1b-5556-4293-b4d1-d59a59e4cdfb","local_time":"20190329225659","is_ascension_mode":true,"campfire_choices":[{"data":"Dualcast","floor":6.0,"key":"SMITH"},{"floor":15,"key":"REST"}],"neow_cost":"NO_GOLD","seed_source_timestamp":644593186335330,"circlet_count":0,"master_deck":["Strike_B","Strike_B","Defend_B","Defend_B","Zap+1","Dualcast+1","Beam Cell","Rebound","Leap","Ball Lightning+1","Cold Snap+1","FTL+1","Electrodynamics","Leap","Gash+1","Leap"],"special_seed":0,"relics":["Cracked Core","Bottled Lightning","CultistMask","Strawberry","Molten Egg 2","Anchor","Membership Card","Inserter","Bag of Preparation"],"potions_floor_usage":[10,13,20],"damage_taken":[{"damage":1.0,"enemies":"Cultist","floor":1.0,"turns":3.0},{"damage":0.0,"enemies":"2 Louse","floor":5.0,"turns":2.0},{"damage":35,"enemies":"3 Sentries","floor":7,"turns":7},{"damage":12,"enemies":"Lagavulin","floor":10,"turns":5},{"damage":0,"enemies":"Small Slimes","floor":11,"turns":2},{"damage":0,"enemies":"Red Slaver","floor":12,"turns":2},{"damage":4,"enemies":"Gremlin Nob","floor":13,"turns":3},{"damage":37,"enemies":"Slime Boss","floor":16,"turns":10},{"damage":4,"enemies":"Shell Parasite","floor":18,"turns":3},{"damage":24,"enemies":"3 Byrds","floor":20,"turns":3},{"damage":0,"enemies":"Centurion and Healer","floor":21,"turns":4},{"damage":38,"enemies":"Book of Stabbing","floor":23,"turns":4}],"seed_played":"-8573567417206973130","potions_obtained":[{"floor":1.0,"key":"Strength Potion"},{"floor":11,"key":"Block Potion"},{"floor":12,"key":"Ancient Potion"},{"floor":16,"key":"AttackPotion"},{"floor":20,"key":"SteroidPotion"},{"floor":21,"key":"Explosive Potion"}],"is_trial":false,"path_per_floor":["M","?","?","?","M","R","E","?","T","E","M","M","E","$","R","B",null,"M","$","M","M","?","E"],"character_chosen":"DEFECT","items_purchased":["Membership Card","Bag of Preparation"],"campfire_rested":1,"item_purchase_floors":[14,19],"current_hp_per_floor":[67,56,75,75,75,75,40,40,47,35,35,35,31,31,55,18,66,62,62,38,38,38,0],"gold":35,"neow_bonus":"REMOVE_TWO","is_prod":false,"is_daily":false,"chose_seed":false,"campfire_upgraded":1,"win_rate":0,"timestamp":1553896619,"path_taken":["M","?","?","?","M","R","E","?","T","E","?","M","E","$","R","BOSS","M","$","M","M","?","E"],"build_version":"2019-01-23","purchased_purges":2,"victory":false,"max_hp_per_floor":[75,75,75,75,75,75,75,75,82,82,82,82,82,82,82,82,82,82,82,82,82,82,82],"card_choices":[{"not_picked":["Lockon","Stack"],"picked":"Beam Cell","floor":1.0},{"not_picked":["Ball Lightning","Doom and Gloom"],"picked":"Rebound","floor":5.0},{"not_picked":["Rip and Tear","Rebound"],"picked":"Leap","floor":7},{"not_picked":["Darkness","Leap"],"picked":"Ball Lightning","floor":10},{"not_picked":["Loop","Stack"],"picked":"Cold Snap+1","floor":11},{"not_picked":["Go for the Eyes+1","Seek"],"picked":"FTL+1","floor":12},{"not_picked":["Rebound+1","Storm","Fission"],"picked":"SKIP","floor":13},{"not_picked":["Creative AI","Seek"],"picked":"Electrodynamics","floor":16},{"not_picked":["Scrape+1","Conserve Battery"],"picked":"Leap","floor":18},{"not_picked":["Barrage+1","Redo"],"picked":"Gash+1","floor":20},{"not_picked":["Sunder+1","Compile Driver+1"],"picked":"Leap","floor":21}],"player_experience":115912,"relics_obtained":[{"floor":7,"key":"Bottled Lightning"},{"floor":9,"key":"Strawberry"},{"floor":10,"key":"Molten Egg 2"},{"floor":13,"key":"Anchor"}],"event_choices":[{"damage_healed":0.0,"max_hp_gain":0.0,"max_hp_loss":0.0,"gold_gain":75.0,"event_name":"World of Goop","player_choice":"Gather Gold","floor":2.0,"gold_loss":0.0,"damage_taken":11.0},{"damage_healed":25.0,"max_hp_gain":0.0,"max_hp_loss":0.0,"gold_gain":0.0,"event_name":"Big Fish","player_choice":"Banana","floor":3.0,"gold_loss":0.0,"damage_taken":0.0},{"damage_healed":0.0,"max_hp_gain":0.0,"max_hp_loss":0.0,"gold_gain":0.0,"event_name":"Living Wall","player_choice":"Grow","floor":4.0,"gold_loss":0.0,"damage_taken":0.0,"cards_upgraded":["Zap"]},{"damage_healed":0,"gold_gain":0,"player_choice":"Trade","damage_taken":0,"relics_obtained":["CultistMask"],"max_hp_gain":0,"max_hp_loss":0,"event_name":"FaceTrader","floor":8,"gold_loss":0},{"damage_healed":0,"gold_gain":0,"player_choice":"Ignored","damage_taken":0,"max_hp_gain":0,"max_hp_loss":0,"event_name":"Vampires","floor":22,"gold_loss":0}],"is_beta":false,"boss_relics":[{"not_picked":["Calling Bell","Snecko Eye"],"picked":"Inserter"}],"items_purged_floors":[14,19],"is_endless":false,"potions_floor_spawned":[1,11,12,16,20,21],"killed_by":"Book of Stabbing","ascension_level":9}