{"gold_per_floor":[16,30,43,43,57,57,84,84,84,9,9,21,32,50,50,125,175,193,193,93,0,19,19],"floor_reached":23,"playtime":518,"items_purged":["Regret","Strike_B"],"score":367,"play_id":"b3fc48c4-2a5b-4212-bffb-625c23e366f2","local_time":"20190529060839","is_ascension_mode":true,"campfire_choices":[{"data":"Defragment","floor":6,"key":"SMITH"},{"data":"Zap","floor":8,"key":"SMITH"},{"data":"Beam Cell","floor":15,"key":"SMITH"}],"neow_cost":"NO_GOLD","seed_source_timestamp":154824963316629,"circlet_count":0,"master_deck":["AscendersBane","Strike_B+1","Strike_B","Defend_B","Defend_B","Defend_B","Zap+1","Dualcast","Cold Snap","Self Repair","Streamline","Defragment+1","Beam Cell+1","Cold Snap","Cold Snap","Gash","Core Surge","Gash","Hologram"],"relics":["Cracked Core","Cables","PreservedInsect","Kunai","Tiny House"],"potions_floor_usage":[22,23],"damage_taken":[{"damage":1,"enemies":"Cultist","floor":1,"turns":3},{"damage":5,"enemies":"Jaw Worm","floor":2,"turns":4},{"damage":5,"enemies":"Small Slimes","floor":3,"turns":3},{"damage":8,"enemies":"Blue Slaver","floor":5,"turns":2},{"damage":30,"enemies":"Gremlin Nob","floor":7,"turns":4},{"damage":7,"enemies":"Exordium Thugs","floor":12,"turns":4},{"damage":10,"enemies":"Large Slime","floor":13,"turns":4},{"damage":0,"enemies":"3 Louse","floor":14,"turns":3},{"damage":26,"enemies":"Hexaghost","floor":16,"turns":10},{"damage":25,"enemies":"Shell Parasite","floor":18,"turns":4},{"damage":16,"enemies":"3 Byrds","floor":22,"turns":6},{"damage":29,"enemies":"Slavers","floor":23,"turns":2}],"seed_played":"-4598689716131545979","potions_obtained":[{"floor":5,"key":"SpeedPotion"},{"floor":7,"key":"Swift Potion"},{"floor":12,"key":"FearPotion"},{"floor":17,"key":"PowerPotion"}],"is_trial":false,"path_per_floor":["M","M","M","?","M","R","E","R","T","$","$","M","M","M","R","B",null,"M","?","$","?","M","E"],"character_chosen":"DEFECT","items_purchased":[],"campfire_rested":0,"item_purchase_floors":[],"current_hp_per_floor":[63,58,60,60,52,52,29,29,29,29,29,29,26,33,33,14,62,44,44,44,44,28,0],"gold":19,"neow_bonus":"REMOVE_TWO","is_prod":false,"is_daily":false,"chose_seed":false,"campfire_upgraded":3,"win_rate":0,"timestamp":1559102919,"path_taken":["M","M","?","?","M","R","E","R","T","?","$","?","M","M","R","BOSS","M","?","$","?","M","E"],"build_version":"2019-01-23","purchased_purges":2,"victory":false,"max_hp_per_floor":[71,71,71,71,71,71,71,71,71,71,71,71,71,71,71,71,76,76,76,76,76,76,76],"card_choices":[{"not_picked":["Go for the Eyes","Rebound"],"picked":"Cold Snap","floor":1},{"not_picked":["Stack","Ball Lightning"],"picked":"Self Repair","floor":2},{"not_picked":["Beam Cell","Doom and Gloom"],"picked":"Streamline","floor":3},{"not_picked":["Turbo","Doom and Gloom"],"picked":"Defragment","floor":5},{"not_picked":["Steam Power","Leap"],"picked":"Beam Cell","floor":7},{"not_picked":["Seek","Streamline"],"picked":"Cold Snap","floor":12},{"not_picked":["Redo","Rebound"],"picked":"Cold Snap","floor":13},{"not_picked":["Leap","Go for the Eyes"],"picked":"Gash","floor":14},{"not_picked":["Rainbow","Fission"],"picked":"Core Surge","floor":16},{"not_picked":["Go for the Eyes","Chill"],"picked":"Gash","floor":17},{"not_picked":["Fusion","Storm"],"picked":"Hologram","floor":18},{"not_picked":["Sunder","Turbo","Self Repair"],"picked":"SKIP","floor":22}],"player_experience":268197,"relics_obtained":[{"floor":7,"key":"PreservedInsect"},{"floor":9,"key":"Kunai"}],"event_choices":[{"damage_healed":0,"gold_gain":0,"player_choice":"Box","damage_taken":0,"relics_obtained":["Cables"],"max_hp_gain":0,"max_hp_loss":0,"event_name":"Big Fish","floor":4,"gold_loss":0,"cards_obtained":["Regret"]},{"damage_healed":0,"gold_gain":0,"player_choice":"Ignored","damage_taken":0,"max_hp_gain":0,"max_hp_loss":0,"event_name":"Ghosts","floor":19,"gold_loss":0},{"damage_healed":0,"gold_gain":0,"player_choice":"Paid Fearfully","damage_taken":0,"max_hp_gain":0,"max_hp_loss":0,"event_name":"Masked Bandits","floor":21,"gold_loss":93}],"is_beta":false,"boss_relics":[{"not_picked":["Velvet Choker","Fusion Hammer"],"picked":"Tiny House"}],"items_purged_floors":[10,20],"is_endless":false,"potions_floor_spawned":[5,7,12,14],"killed_by":"Slavers","ascension_level":18}