{"gold_per_floor":[110,127,137,152,165,165,182,182,182,209,284,284,294,324,324,403,403,422,472,486,499,519,519,531,531],"floor_reached":25,"playtime":1306,"items_purged":[],"score":394,"play_id":"f481832d-7fe6-435b-80ba-7e04d31c5d5e","local_time":"20180831105851","is_ascension_mode":true,"campfire_choices":[{"data":"True Grit","floor":6,"key":"SMITH"},{"data":"Bash","floor":8,"key":"SMITH"},{"floor":12,"key":"REST"},{"floor":15,"key":"REST"},{"floor":23,"key":"REST"}],"neow_cost":"NONE","seed_source_timestamp":1129558258740420,"circlet_count":0,"master_deck":["Strike_R","Strike_R","Strike_R","Strike_R","Defend_R","Defend_R","Defend_R","Defend_R","Bash+1","AscendersBane","Juggernaut","Anger","Clothesline","True Grit+1","Limit Break+1","Spot Weakness+1","Rage+1","Barricade","Metallicize","Ghostly Armor+1","Pommel Strike","Battle Trance+1"],"special_seed":0,"relics":["Burning Blood","Toxic Egg 2","Bottled Tornado","Self Forming Clay","Runic Dome"],"potions_floor_usage":[4,10,25],"damage_taken":[{"damage":1.0,"enemies":"Cultist","floor":1.0,"turns":4.0},{"damage":2.0,"enemies":"Small Slimes","floor":2.0,"turns":4.0},{"damage":4.0,"enemies":"2 Louse","floor":3.0,"turns":3.0},{"damage":12,"enemies":"Lots of Slimes","floor":4,"turns":5},{"damage":17,"enemies":"2 Fungi Beasts","floor":5,"turns":4},{"damage":15,"enemies":"Large Slime","floor":7,"turns":6},{"damage":16,"enemies":"3 Sentries","floor":10,"turns":7},{"damage":19,"enemies":"Exordium Thugs","floor":13,"turns":4},{"damage":29,"enemies":"Gremlin Nob","floor":14,"turns":5},{"damage":14,"enemies":"Slime Boss","floor":16,"turns":10},{"damage":9,"enemies":"Spheric Guardian","floor":18,"turns":4},{"damage":25,"enemies":"2 Thieves","floor":20,"turns":5},{"damage":26,"enemies":"Snake Plant","floor":21,"turns":7},{"damage":18,"enemies":"Centurion and Healer","floor":22,"turns":8},{"damage":5,"enemies":"Snecko","floor":24,"turns":5},{"damage":40,"enemies":"Slavers","floor":25,"turns":3}],"seed_played":"8815488267231375479","potions_obtained":[{"floor":2.0,"key":"LiquidBronze"},{"floor":3.0,"key":"EssenceOfSteel"},{"floor":10,"key":"SteroidPotion"},{"floor":14,"key":"Dexterity Potion"},{"floor":18,"key":"PowerPotion"}],"is_trial":false,"path_per_floor":["M","M","M","M","M","R","M","R","T","E","?","R","M","E","R","B",null,"M","?","M","M","M","R","M"],"character_chosen":"IRONCLAD","items_purchased":[],"campfire_rested":3,"item_purchase_floors":[],"current_hp_per_floor":[73,75,75,69,58,58,49,49,49,39,28,50,37,14,36,28,63,60,60,41,21,9,31,32,0],"gold":531,"neow_bonus":"TRANSFORM_CARD","is_prod":false,"is_daily":false,"chose_seed":false,"campfire_upgraded":2,"win_rate":0,"timestamp":1535705931,"path_taken":["M","M","M","?","M","R","M","R","T","E","?","R","M","E","R","BOSS","M","?","M","M","?","R","?","E"],"build_version":"2018-08-30","purchased_purges":0,"victory":false,"max_hp_per_floor":[75,75,75,75,75,75,75,75,75,75,75,75,75,75,75,75,75,75,75,75,75,75,75,75,75],"card_choices":[{"not_picked":["Pommel Strike","Havoc"],"picked":"Anger","floor":1.0},{"not_picked":["Wild Strike","Perfected Strike"],"picked":"Clothesline","floor":2.0},{"not_picked":["Anger","Corruption"],"picked":"True Grit","floor":4},{"not_picked":["Iron Wave","Clash"],"picked":"Limit Break+1","floor":10},{"not_picked":["Searing Blow","Flex+1"],"picked":"Spot Weakness+1","floor":13},{"not_picked":["Sword Boomerang","Clothesline"],"picked":"Rage+1","floor":14},{"not_picked":["Impervious+1","Dark Embrace"],"picked":"Barricade","floor":16},{"not_picked":["Clash","Headbutt"],"picked":"Metallicize","floor":18},{"not_picked":["Second Wind+1","Pummel"],"picked":"Ghostly Armor+1","floor":20},{"not_picked":["Fire Breathing","Dropkick"],"picked":"Pommel Strike","floor":22},{"not_picked":["True Grit+1","Flex+1"],"picked":"Battle Trance+1","floor":24}],"player_experience":1025000,"relics_obtained":[{"floor":9,"key":"Toxic Egg 2"},{"floor":10,"key":"Bottled Tornado"},{"floor":14,"key":"Self Forming Clay"}],"event_choices":[{"event_name":"World of Goop","player_choice":"Gather Gold","floor":11,"damage_taken":0},{"event_name":"Nest","player_choice":"Stole From Cult","floor":19,"damage_taken":0}],"is_beta":false,"boss_relics":[{"not_picked":["Snecko Eye","Empty Cage"],"picked":"Runic Dome"}],"items_purged_floors":[],"is_endless":false,"potions_floor_spawned":[2,3,10,14,18,21],"killed_by":"Slavers","ascension_level":16}