{"gold_per_floor":[10,10,10,10,10,10,23,58,134,134,24,44,77,87,87,185,185,198,198,1,1,1,1,32,47,71,71,82,101,113,130,130,234,234,250,265,365,116,64,95,95,114,114,114,139,13,28,28,28,28],"floor_reached":51,"playtime":1705,"items_purged":["Regret","Defend_B","Strike_B","Defend_B"],"score":1090,"play_id":"6dde5d72-68f5-47e0-aa77-def5c5470862","local_time":"20190315073426","is_ascension_mode":true,"campfire_choices":[{"data":"Zap","floor":6.0,"key":"SMITH"},{"floor":10.0,"key":"REST"},{"data":"Dualcast","floor":15.0,"key":"SMITH"},{"data":"Coolheaded","floor":23,"key":"SMITH"},{"data":"Go for the Eyes","floor":32,"key":"SMITH"},{"data":"Zap+1","floor":41,"key":"PURGE"},{"data":"Glacier","floor":44,"key":"SMITH"},{"floor":49,"key":"REST"}],"neow_cost":"NO_GOLD","seed_source_timestamp":61390609184358,"circlet_count":0,"master_deck":["Defend_B","Dualcast+1","Ball Lightning","Leap","Gash","Glacier+1","Coolheaded+1","All For One","Seek","Gash","Go for the Eyes+1","Conserve Battery+1","Gash","Gash","Gash","Leap+1","Glacier"],"special_seed":0,"relics":["Cracked Core","Ginger","Ice Cream","Bottled Flame","Kunai","Pear","Inserter","Orichalcum","Smiling Mask","Black Star","Nunchaku","Runic Capacitor","Emotion Chip","Peace Pipe","Mango","Shuriken","Bronze Scales","Boot"],"potions_floor_usage":[24,24,29,29,31,36,45,50,50],"damage_taken":[{"damage":1.0,"enemies":"Cultist","floor":1.0,"turns":3.0},{"damage":5.0,"enemies":"2 Louse","floor":7.0,"turns":3.0},{"damage":36.0,"enemies":"Gremlin Nob","floor":8.0,"turns":5.0},{"damage":2.0,"enemies":"Jaw Worm","floor":12.0,"turns":3.0},{"damage":2.0,"enemies":"Lagavulin","floor":13.0,"turns":7.0},{"damage":3.0,"enemies":"3 Louse","floor":14.0,"turns":3.0},{"damage":11.0,"enemies":"The Guardian","floor":16.0,"turns":9.0},{"damage":2.0,"enemies":"Chosen","floor":18.0,"turns":5.0},{"damage":22,"enemies":"Colosseum Slavers","floor":19,"turns":5},{"damage":37,"enemies":"Slavers","floor":24,"turns":7},{"damage":6,"enemies":"Shell Parasite","floor":25,"turns":6},{"damage":8,"enemies":"Centurion and Healer","floor":28,"turns":8},{"damage":8,"enemies":"Cultist and Chosen","floor":29,"turns":5},{"damage":24,"enemies":"Snake Plant","floor":30,"turns":3},{"damage":0,"enemies":"Snecko","floor":31,"turns":2},{"damage":0,"enemies":"Collector","floor":33,"turns":6},{"damage":13,"enemies":"3 Darklings","floor":35,"turns":5},{"damage":4,"enemies":"Orb Walker","floor":36,"turns":4},{"damage":0,"enemies":"Mind Bloom Boss Battle","floor":37,"turns":6},{"damage":25,"enemies":"Nemesis","floor":40,"turns":6},{"damage":0,"enemies":"Maw","floor":42,"turns":5},{"damage":21,"enemies":"Reptomancer","floor":45,"turns":5},{"damage":0,"enemies":"Sphere and 2 Shapes","floor":47,"turns":3},{"damage":15,"enemies":"Donu and Deca","floor":50,"turns":8}],"seed_played":"8750028426026986003","potions_obtained":[{"floor":7.0,"key":"LiquidBronze"},{"floor":12.0,"key":"SkillPotion"},{"floor":13.0,"key":"SpeedPotion"},{"floor":24,"key":"SteroidPotion"},{"floor":25,"key":"SkillPotion"},{"floor":29,"key":"Ancient Potion"},{"floor":31,"key":"Block Potion"},{"floor":40,"key":"LiquidBronze"},{"floor":42,"key":"Ancient Potion"},{"floor":45,"key":"Energy Potion"}],"is_trial":false,"path_per_floor":["M","?","?","?","$","R","M","E","T","R","$","M","E","M","R","B",null,"M","?","$","?","?","R","E","M","T","?","M","M","M","M","R","B",null,"M","M","?","$","?","E","R","M","T","R","E","$","M","?","R","B",null],"character_chosen":"DEFECT","items_purchased":["Glacier","Gash","Go for the Eyes","Runic Capacitor","Glacier"],"campfire_rested":2,"item_purchase_floors":[11,20,20,38,46],"current_hp_per_floor":[67,67,60,60,60,60,55,19,19,41,41,39,47,44,44,33,72,70,48,48,48,48,48,11,5,5,85,77,69,45,45,45,45,75,62,58,58,58,58,47,47,47,47,47,26,26,26,26,55,40],"gold":28,"neow_bonus":"ONE_RARE_RELIC","is_prod":false,"is_daily":false,"chose_seed":false,"campfire_upgraded":5,"win_rate":0,"timestamp":1552631666,"path_taken":["M","?","?","?","$","R","M","E","T","R","$","?","E","M","R","BOSS","M","?","$","?","?","R","E","?","T","?","?","M","M","M","R","BOSS","M","M","?","$","?","E","R","M","T","R","E","$","?","?","R","BOSS"],"build_version":"2019-01-23","purchased_purges":4,"victory":true,"max_hp_per_floor":[75,75,75,75,75,75,75,75,75,75,75,75,85,85,85,85,85,85,85,85,85,85,85,85,85,85,85,85,85,85,85,85,85,85,85,85,85,85,85,99,99,99,99,99,99,99,99,99,99,99],"card_choices":[{"not_picked":["Hologram","Lockon"],"picked":"Ball Lightning","floor":1.0},{"not_picked":["Turbo","Undo"],"picked":"Leap","floor":7.0},{"not_picked":["Scrape","Blizzard"],"picked":"Gash","floor":8.0},{"not_picked":["Double Energy","Steam"],"picked":"Coolheaded","floor":12.0},{"not_picked":["Barrage","Aggregate"],"picked":"All For One","floor":13.0},{"not_picked":["Undo","Compile Driver","Conserve Battery"],"picked":"SKIP","floor":14.0},{"not_picked":["Biased Cognition","Hyperbeam"],"picked":"Seek","floor":16.0},{"not_picked":["Steam Power","Conserve Battery","Rebound"],"picked":"SKIP","floor":18.0},{"not_picked":["Seek","Hello World","Darkness"],"picked":"SKIP","floor":24},{"not_picked":["Chill","Redo"],"picked":"Conserve Battery+1","floor":25},{"not_picked":["Chill","Turbo"],"picked":"Gash","floor":28},{"not_picked":["Darkness+1","Reprogram"],"picked":"Gash","floor":29},{"not_picked":["Static Discharge","Beam Cell"],"picked":"Gash","floor":30},{"not_picked":["Barrage","Beam Cell+1","Genetic Algorithm+1"],"picked":"SKIP","floor":31},{"not_picked":["Go for the Eyes","Ball Lightning+1","BootSequence+1"],"picked":"SKIP","floor":35},{"not_picked":["Beam Cell+1","Sweeping Beam+1","Hologram"],"picked":"SKIP","floor":36},{"not_picked":["Stack+1","Go for the Eyes","Double Energy"],"picked":"SKIP","floor":40},{"not_picked":["Beam Cell","Double Energy","Sunder+1"],"picked":"SKIP","floor":42},{"not_picked":["BootSequence+1","Turbo"],"picked":"Leap+1","floor":45},{"not_picked":["Sweeping Beam+1","White Noise+1","Conserve Battery"],"picked":"SKIP","floor":47}],"player_experience":99610,"relics_obtained":[{"floor":8.0,"key":"Bottled Flame"},{"floor":9.0,"key":"Kunai"},{"floor":13.0,"key":"Pear"},{"floor":24,"key":"Orichalcum"},{"floor":26,"key":"Smiling Mask"},{"floor":37,"key":"Nunchaku"},{"floor":40,"key":"Peace Pipe"},{"floor":40,"key":"Mango"},{"floor":43,"key":"Shuriken"},{"floor":45,"key":"Bronze Scales"},{"floor":45,"key":"Boot"}],"event_choices":[{"cards_removed":["Strike_B"],"damage_healed":0.0,"max_hp_gain":0.0,"max_hp_loss":0.0,"gold_gain":0.0,"event_name":"Living Wall","player_choice":"Forget","floor":2.0,"gold_loss":0.0,"damage_taken":0.0},{"cards_removed":["Strike_B"],"damage_healed":0.0,"max_hp_gain":0.0,"max_hp_loss":0.0,"gold_gain":0.0,"event_name":"Golden Wing","player_choice":"Card Removal","floor":3.0,"gold_loss":0.0,"damage_taken":7.0},{"damage_healed":0.0,"max_hp_gain":0.0,"max_hp_loss":0.0,"gold_gain":0.0,"event_name":"Big Fish","player_choice":"Box","floor":4.0,"gold_loss":0.0,"damage_taken":0.0,"relics_obtained":["Ice Cream"],"cards_obtained":["Regret"]},{"damage_healed":0,"gold_gain":0,"player_choice":"Fight","damage_taken":0,"max_hp_gain":0,"max_hp_loss":0,"event_name":"Colosseum","floor":19,"gold_loss":0},{"damage_healed":0,"gold_gain":0,"player_choice":"Fled From Nobs","damage_taken":0,"max_hp_gain":0,"max_hp_loss":0,"event_name":"Colosseum","floor":19,"gold_loss":0},{"cards_removed":["Strike_B"],"damage_healed":0,"gold_gain":0,"player_choice":"Elegance","damage_taken":0,"max_hp_gain":0,"max_hp_loss":0,"event_name":"Back to Basics","floor":21,"gold_loss":0},{"damage_healed":80,"gold_gain":0,"player_choice":"Full Heal","damage_taken":0,"max_hp_gain":0,"max_hp_loss":0,"event_name":"Wheel of Change","floor":27,"gold_loss":0},{"damage_healed":0,"gold_gain":0,"player_choice":"Fight","damage_taken":0,"max_hp_gain":0,"max_hp_loss":0,"event_name":"MindBloom","floor":37,"gold_loss":0},{"damage_healed":0,"gold_gain":0,"player_choice":"Paid Gold","damage_taken":0,"relics_obtained":["Emotion Chip"],"max_hp_gain":0,"max_hp_loss":0,"event_name":"WeMeetAgain","floor":39,"gold_loss":52},{"cards_removed":["Defend_B"],"damage_healed":0,"gold_gain":0,"player_choice":"Purged","damage_taken":0,"max_hp_gain":0,"max_hp_loss":0,"event_name":"Purifier","floor":48,"gold_loss":0}],"is_beta":false,"boss_relics":[{"not_picked":["Runic Dome","Pandora\u0027s Box"],"picked":"Inserter"},{"not_picked":["Astrolabe","Eternal Feather"],"picked":"Black Star"}],"items_purged_floors":[11,20,38,46],"is_endless":false,"potions_floor_spawned":[7,12,13,24,25,29,31,40,42,45],"ascension_level":7}