{"gold_per_floor":[10,10,30,30,42,42,56,72,95,20,46,46,71,120,132,144],"floor_reached":16,"playtime":443,"items_purged":["Strike_R"],"score":127,"play_id":"064ad215-33ec-4c78-8638-9549ceabde0c","local_time":"20190124143731","is_ascension_mode":false,"campfire_choices":[{"data":"Feed","floor":6,"key":"SMITH"},{"data":"Armaments","floor":15,"key":"SMITH"}],"neow_cost":"NO_GOLD","seed_source_timestamp":759740674030254,"circlet_count":0,"master_deck":["Strike_R","Strike_R","Strike_R","Defend_R","Defend_R","Defend_R","Defend_R","Bash","Feed+1","Headbutt","True Grit","Rage","Headbutt","Headbutt","Armaments+1"],"relics":["Burning Blood","Regal Pillow","Boot","Centennial Puzzle","Golden Idol","MawBank"],"potions_floor_usage":[7,11],"damage_taken":[{"damage":3,"enemies":"2 Louse","floor":1,"turns":3},{"damage":0,"enemies":"Small Slimes","floor":3,"turns":4},{"damage":3,"enemies":"Jaw Worm","floor":5,"turns":3},{"damage":5,"enemies":"Exordium Thugs","floor":7,"turns":4},{"damage":4,"enemies":"2 Fungi Beasts","floor":8,"turns":3},{"damage":24,"enemies":"Gremlin Nob","floor":11,"turns":4},{"damage":17,"enemies":"Gremlin Gang","floor":13,"turns":6},{"damage":64,"enemies":"Hexaghost","floor":16,"turns":15}],"seed_played":"2340197185692590366","potions_obtained":[{"floor":5,"key":"PowerPotion"},{"floor":7,"key":"Strength Potion"}],"is_trial":false,"path_per_floor":["M","?","M","?","M","R","M","M","T","$","E","?","M","T","R","B"],"character_chosen":"IRONCLAD","items_purchased":[],"campfire_rested":0,"item_purchase_floors":[],"current_hp_per_floor":[83,76,85,67,73,73,78,84,84,84,70,70,63,63,63,0],"gold":144,"neow_bonus":"THREE_RARE_CARDS","is_prod":false,"is_daily":false,"chose_seed":false,"campfire_upgraded":2,"win_rate":0.0,"timestamp":1548337051,"path_taken":["M","?","M","?","M","R","M","M","T","$","E","?","?","?","R","BOSS"],"build_version":"2019-01-23","purchased_purges":1,"victory":false,"max_hp_per_floor":[83,83,86,86,89,89,93,97,97,97,101,93,97,97,97,97],"card_choices":[{"not_picked":["Impervious","Berserk"],"picked":"Feed","floor":0},{"not_picked":["Pommel Strike","Fire Breathing"],"picked":"Headbutt","floor":1},{"not_picked":["Sword Boomerang","Intimidate"],"picked":"True Grit","floor":3},{"not_picked":["Cleave","Body Slam"],"picked":"Rage","floor":5},{"not_picked":["Clash","Sword Boomerang"],"picked":"Headbutt","floor":7},{"not_picked":["Feel No Pain","Clothesline"],"picked":"Headbutt","floor":8},{"not_picked":["Warcry","Heavy Blade","Dropkick"],"picked":"SKIP","floor":11},{"not_picked":["Perfected Strike","Shrug It Off"],"picked":"Armaments","floor":13}],"player_experience":4545,"relics_obtained":[{"floor":9,"key":"Boot"},{"floor":11,"key":"Centennial Puzzle"},{"floor":14,"key":"MawBank"}],"event_choices":[{"cards_removed":["Strike_R"],"damage_healed":0,"gold_gain":0,"player_choice":"Card Removal","damage_taken":7,"max_hp_gain":0,"max_hp_loss":0,"event_name":"Golden Wing","floor":2,"gold_loss":0},{"damage_healed":0,"gold_gain":0,"player_choice":"Success","damage_taken":18,"relics_obtained":["Regal Pillow"],"max_hp_gain":0,"max_hp_loss":0,"event_name":"Scrap Ooze","floor":4,"gold_loss":0},{"damage_healed":0,"gold_gain":0,"player_choice":"Lose Max HP","damage_taken":0,"relics_obtained":["Golden Idol"],"max_hp_gain":0,"max_hp_loss":8,"event_name":"Golden Idol","floor":12,"gold_loss":0}],"is_beta":false,"boss_relics":[],"items_purged_floors":[10],"is_endless":false,"potions_floor_spawned":[5,7],"killed_by":"Hexaghost","ascension_level":0}