{"gold_per_floor":[116,116,136,136,55,55,88,150,185,197,239,251,273,311,323,335],"floor_reached":16,"playtime":768,"items_purged":["Strike_B"],"score":215,"play_id":"d13a1637-7248-445b-939d-1834b7049d40","local_time":"20181001182729","is_ascension_mode":true,"campfire_choices":[{"floor":6,"key":"REST"},{"floor":10,"key":"REST"},{"floor":12,"key":"REST"},{"floor":15,"key":"DIG"}],"neow_cost":"","seed_source_timestamp":1593502029279179,"circlet_count":0,"master_deck":["Strike_B","Strike_B+1","Defend_B","Defend_B","Defend_B","Defend_B","Zap+1","Dualcast","AscendersBane","Reinforced Body","Ball Lightning","Barrage","Glacier","Gash","Beam Cell","Sunder"],"relics":["Cracked Core","SsserpentHead","MawBank","ReplayTheSpireMod:TigerMarble","Orichalcum","Emotion Chip","Bronze Scales"],"potions_floor_usage":[],"damage_taken":[{"damage":7,"enemies":"Jaw Worm","floor":1,"turns":4},{"damage":0,"enemies":"Small Slimes","floor":3,"turns":3},{"damage":51,"enemies":"Gremlin Nob","floor":7,"turns":5},{"damage":17,"enemies":"Lagavulin","floor":11,"turns":7},{"damage":0,"enemies":"2 Louse","floor":13,"turns":3},{"damage":9,"enemies":"3 Sentries","floor":14,"turns":7},{"damage":22,"enemies":"Slime Boss","floor":16,"turns":3}],"seed_played":"-3148983395725892535","potions_obtained":[{"floor":7,"key":"Explosive Potion"}],"is_trial":false,"path_per_floor":["M","?","M","?","$","R","E","?","T","R","E","R","M","E","R"],"character_chosen":"DEFECT","items_purchased":["Barrage"],"campfire_rested":3,"item_purchase_floors":[5],"current_hp_per_floor":[57,36,36,36,36,57,6,6,6,27,10,31,31,22,22,0],"gold":335,"neow_bonus":"","is_prod":false,"is_daily":false,"chose_seed":false,"campfire_upgraded":0,"win_rate":0,"timestamp":1538411249,"path_taken":["M","?","M","?","?","R","E","?","T","R","E","R","M","E","R","BOSS"],"build_version":"2018-09-27","purchased_purges":1,"victory":false,"max_hp_per_floor":[71,71,71,71,71,71,71,71,71,71,71,71,71,71,71,71],"card_choices":[{"not_picked":["Rebound","Skim"],"picked":"Reinforced Body","floor":1},{"not_picked":["Coolheaded","Beam Cell"],"picked":"Ball Lightning","floor":3},{"not_picked":["Reprogram","Sweeping Beam"],"picked":"Glacier","floor":7},{"not_picked":["Steam","Conserve Battery"],"picked":"Gash","floor":11},{"not_picked":["Ball Lightning","Amplify"],"picked":"Beam Cell","floor":13},{"not_picked":["Beam Cell","Redo"],"picked":"Sunder","floor":14}],"player_experience":1416578,"relics_obtained":[{"floor":7,"key":"MawBank"},{"floor":9,"key":"ReplayTheSpireMod:TigerMarble"},{"floor":11,"key":"Orichalcum"},{"floor":14,"key":"Emotion Chip"},{"floor":15,"key":"Bronze Scales"}],"event_choices":[{"event_name":"Shining Light","player_choice":"Entered Light","floor":2,"damage_taken":0},{"event_name":"FaceTrader","player_choice":"Trade","floor":4,"damage_taken":0},{"event_name":"Purifier","player_choice":"One Purge","floor":8,"damage_taken":0}],"is_beta":false,"boss_relics":[],"items_purged_floors":[5],"is_endless":false,"potions_floor_spawned":[7],"killed_by":"Slime Boss","ascension_level":17}