{"gold_per_floor":[14,14,14,37,1,1,24,24,50,65,89,89,129,162,162,283,283,306,275,275,275],"floor_reached":21,"playtime":720,"items_purged":[],"score":286,"play_id":"d336cbf4-99a5-445a-bc0c-161db789c8d2","local_time":"20190402164655","is_ascension_mode":true,"campfire_choices":[{"data":"Bash","floor":6,"key":"SMITH"},{"data":"Iron Wave","floor":8,"key":"SMITH"},{"data":"Body Slam","floor":12,"key":"SMITH"},{"data":"Iron Wave","floor":15,"key":"SMITH"}],"neow_cost":"NO_GOLD","seed_source_timestamp":13034469872186,"circlet_count":0,"master_deck":["Strike_R","Strike_R","Strike_R","Defend_R","Defend_R","Defend_R","Defend_R","Bash+1","Iron Wave+1","Twin Strike","Ghostly Armor","Iron Wave+1","Iron Wave","Body Slam+1","Double Tap","Normality","True Grit","Battle Trance"],"relics":["Burning Blood","Golden Idol","Anchor","Omamori","Odd Mushroom","Calling Bell","Art of War","Pantograph","Ginger","FaceOfCleric"],"potions_floor_usage":[10,13,14,16],"damage_taken":[{"damage":13,"enemies":"Jaw Worm","floor":1,"turns":5},{"damage":3,"enemies":"2 Louse","floor":4,"turns":4},{"damage":1,"enemies":"Small Slimes","floor":7,"turns":5},{"damage":14,"enemies":"Exordium Thugs","floor":10,"turns":7},{"damage":7,"enemies":"3 Louse","floor":11,"turns":5},{"damage":0,"enemies":"3 Sentries","floor":13,"turns":7},{"damage":22,"enemies":"The Mushroom Lair","floor":14,"turns":5},{"damage":64,"enemies":"Hexaghost","floor":16,"turns":10},{"damage":13,"enemies":"Shell Parasite","floor":18,"turns":5},{"damage":18,"enemies":"2 Thieves","floor":19,"turns":5},{"damage":61,"enemies":"3 Cultists","floor":21,"turns":6}],"seed_played":"1726309675748949489","potions_obtained":[{"floor":1,"key":"SpeedPotion"},{"floor":4,"key":"PowerPotion"},{"floor":10,"key":"BloodPotion"},{"floor":14,"key":"Fire Potion"}],"is_trial":false,"path_per_floor":["M","?","?","M","$","R","M","R","T","M","M","R","E","?","R","B",null,"M","M","?","M"],"character_chosen":"IRONCLAD","items_purchased":["Ghostly Armor"],"campfire_rested":0,"item_purchase_floors":[5],"current_hp_per_floor":[65,45,71,74,74,74,79,79,79,71,70,70,76,68,68,10,63,56,44,44,0],"gold":275,"neow_bonus":"REMOVE_TWO","is_prod":false,"is_daily":false,"chose_seed":false,"campfire_upgraded":4,"win_rate":0,"timestamp":1554216415,"path_taken":["M","?","?","M","?","R","M","R","T","M","?","R","E","?","R","BOSS","M","M","?","?"],"build_version":"2019-01-23","purchased_purges":0,"victory":false,"max_hp_per_floor":[80,80,80,80,80,80,80,80,80,80,80,80,80,80,80,80,80,80,80,80,80],"card_choices":[{"not_picked":["Ghostly Armor","Inflame"],"picked":"Iron Wave","floor":1},{"not_picked":["Bloodletting","Clash"],"picked":"Twin Strike","floor":4},{"not_picked":["Thunderclap","Pommel Strike"],"picked":"Iron Wave","floor":7},{"not_picked":["Carnage","Combust"],"picked":"Iron Wave","floor":10},{"not_picked":["Twin Strike","Sever Soul"],"picked":"Body Slam","floor":11},{"not_picked":["Havoc","Infernal Blade","Headbutt"],"picked":"SKIP","floor":13},{"not_picked":["Feed","Exhume"],"picked":"Double Tap","floor":16},{"not_picked":["Anger+1","Burning Pact+1"],"picked":"True Grit","floor":18},{"not_picked":["Warcry","Reckless Charge"],"picked":"Battle Trance","floor":19}],"player_experience":131536,"relics_obtained":[{"floor":9,"key":"Anchor"},{"floor":13,"key":"Omamori"},{"floor":14,"key":"Odd Mushroom"},{"floor":17,"key":"Art of War"},{"floor":17,"key":"Pantograph"},{"floor":17,"key":"Ginger"}],"event_choices":[{"damage_healed":0,"gold_gain":0,"player_choice":"Take Damage","damage_taken":20,"relics_obtained":["Golden Idol"],"max_hp_gain":0,"max_hp_loss":0,"event_name":"Golden Idol","floor":2,"gold_loss":0},{"damage_healed":26,"gold_gain":0,"player_choice":"Banana","damage_taken":0,"max_hp_gain":0,"max_hp_loss":0,"event_name":"Big Fish","floor":3,"gold_loss":0},{"damage_healed":0,"gold_gain":0,"player_choice":"Fought Mushrooms","damage_taken":0,"max_hp_gain":0,"max_hp_loss":0,"event_name":"Mushrooms","floor":14,"gold_loss":0},{"damage_healed":0,"gold_gain":0,"player_choice":"Trade","damage_taken":0,"relics_obtained":["FaceOfCleric"],"max_hp_gain":0,"max_hp_loss":0,"event_name":"FaceTrader","floor":20,"gold_loss":0}],"is_beta":false,"boss_relics":[{"not_picked":["Lizard Tail","Runic Cube"],"picked":"Calling Bell"}],"items_purged_floors":[],"is_endless":false,"potions_floor_spawned":[1,4,10,14],"killed_by":"3 Cultists","ascension_level":8}