{"gold_per_floor":[14,14,26,26,26,52,66,126,126,126,139,139,152,164,164,164],"floor_reached":16,"playtime":3708,"items_purged":[],"score":196,"play_id":"0ecc0c0d-410a-4f63-a063-e4b2805c1977","local_time":"20180821095528","is_ascension_mode":true,"campfire_choices":[{"data":"True Grit","floor":10,"key":"SMITH"},{"floor":12,"key":"REST"},{"floor":15,"key":"DIG"}],"neow_cost":"NO_GOLD","seed_source_timestamp":259397640512158,"circlet_count":0,"master_deck":["Strike_R","Strike_R","Strike_R","Strike_R","Strike_R","Defend_R","Defend_R","Defend_R","Defend_R","Bash","AscendersBane","True Grit+1","Injury","Twin Strike","Pommel Strike","Decay","Shrug It Off","Carnage","Headbutt","Shrug It Off","Shockwave","Body Slam"],"relics":["Burning Blood","Quantum Egg","Mercury Hourglass","Tiny Chest","Blood Vial","Centennial Puzzle"],"potions_floor_usage":[16,16],"damage_taken":[{"damage":6,"enemies":"Cultist","floor":1,"turns":4},{"damage":7,"enemies":"Jaw Worm","floor":3,"turns":4},{"damage":60,"enemies":"3 Sentries","floor":6,"turns":13},{"damage":2,"enemies":"2 Louse","floor":7,"turns":2},{"damage":24,"enemies":"Erikyupuro","floor":8,"turns":10},{"damage":12,"enemies":"Lots of Slimes","floor":11,"turns":3},{"damage":3,"enemies":"Blue Slaver","floor":13,"turns":3},{"damage":23,"enemies":"Exordium Thugs","floor":14,"turns":5},{"damage":31,"enemies":"Hexaghost","floor":16,"turns":9}],"seed_played":"-5221554884055150131","potions_obtained":[{"floor":8,"key":"Elixir"},{"floor":13,"key":"GamblersBrew"},{"floor":14,"key":"ReplayShieldPotion"}],"is_trial":false,"path_per_floor":["M","?","M","?","T","E","M","E","T","R","M","R","M","M","R"],"character_chosen":"IRONCLAD","items_purchased":[],"campfire_rested":1,"item_purchase_floors":[],"current_hp_per_floor":[82,82,81,81,81,27,31,13,13,13,9,35,40,25,25,0],"gold":164,"neow_bonus":"TWENTY_PERCENT_HP_BONUS","is_prod":false,"is_daily":false,"chose_seed":false,"campfire_upgraded":1,"win_rate":0,"timestamp":1534838128,"path_taken":["M","?","M","?","?","E","M","E","T","R","?","R","M","M","R","BOSS"],"build_version":"2018-08-16","purchased_purges":0,"victory":false,"max_hp_per_floor":[89,89,89,89,89,89,89,89,89,89,89,89,89,89,89,89],"card_choices":[{"not_picked":["Twin Strike","Armaments"],"picked":"True Grit","floor":1},{"not_picked":["Sentinel","True Grit"],"picked":"Pommel Strike","floor":3},{"not_picked":["Run Through","Evolve"],"picked":"Shrug It Off","floor":6},{"not_picked":["Berserk","Havoc"],"picked":"Carnage","floor":7},{"not_picked":["Twin Strike","Corruption"],"picked":"Headbutt","floor":8},{"not_picked":["Havoc","Feel No Pain"],"picked":"Shrug It Off","floor":11},{"not_picked":["Armaments","Wild Strike"],"picked":"Shockwave","floor":13},{"not_picked":["Thunderclap","Armaments"],"picked":"Body Slam","floor":14}],"player_experience":995454,"relics_obtained":[{"floor":5,"key":"Quantum Egg"},{"floor":6,"key":"Mercury Hourglass"},{"floor":8,"key":"Tiny Chest"},{"floor":9,"key":"Blood Vial"},{"floor":15,"key":"Centennial Puzzle"}],"event_choices":[{"event_name":"Match and Keep!","player_choice":"2 cards matched","floor":2,"damage_taken":0},{"event_name":"Wheel of Change","player_choice":"Curse","floor":4,"damage_taken":0}],"is_beta":false,"boss_relics":[],"items_purged_floors":[],"is_endless":false,"potions_floor_spawned":[8,13,14],"killed_by":"Hexaghost","ascension_level":15}