{"gold_per_floor":[10,25,40,215,235,262,41,41,68,68,78,78,105,132,144,256,268,290,50,68,81,92,92],"floor_reached":23,"playtime":725,"items_purged":["Doubt"],"score":254,"play_id":"aa0187a2-c9c8-480f-9b9d-16dd8d60e433","local_time":"20190217221920","is_ascension_mode":true,"campfire_choices":[{"data":"Armaments","floor":8,"key":"SMITH"},{"data":"Metallicize","floor":10,"key":"SMITH"},{"data":"Double Tap","floor":12,"key":"SMITH"},{"data":"Bash","floor":15,"key":"SMITH"}],"neow_cost":"NO_GOLD","seed_source_timestamp":196380485373016,"circlet_count":0,"master_deck":["Strike_R+1","Strike_R","Strike_R","Strike_R","Defend_R","Defend_R","Defend_R","Bash+1","Armaments+1","Twin Strike","Cleave+1","Metallicize+1","Double Tap+1","Shrug It Off","Immolate","Sword Boomerang+1"],"relics":["Burning Blood","Whetstone","Orichalcum","Regal Pillow","Strawberry","MawBank","Black Star","Bottled Tornado"],"potions_floor_usage":[5,6,14,21,23,23],"damage_taken":[{"damage":12,"enemies":"Small Slimes","floor":1,"turns":3},{"damage":3,"enemies":"Jaw Worm","floor":2,"turns":4},{"damage":1,"enemies":"Cultist","floor":3,"turns":3},{"damage":9,"enemies":"Looter","floor":5,"turns":4},{"damage":30,"enemies":"Gremlin Nob","floor":6,"turns":4},{"damage":10,"enemies":"Exordium Wildlife","floor":11,"turns":4},{"damage":19,"enemies":"Lagavulin","floor":14,"turns":5},{"damage":29,"enemies":"Slime Boss","floor":16,"turns":12},{"damage":12,"enemies":"Spheric Guardian","floor":18,"turns":4},{"damage":19,"enemies":"Shell Parasite","floor":20,"turns":9},{"damage":3,"enemies":"Centurion and Healer","floor":21,"turns":7},{"damage":13,"enemies":"Snecko","floor":22,"turns":5},{"damage":52,"enemies":"Gremlin Leader","floor":23,"turns":5}],"seed_played":"-8310801256744506360","potions_obtained":[{"floor":1,"key":"SkillPotion"},{"floor":5,"key":"Explosive Potion"},{"floor":6,"key":"Energy Potion"},{"floor":14,"key":"EssenceOfSteel"},{"floor":21,"key":"Explosive Potion"},{"floor":22,"key":"PowerPotion"}],"is_trial":false,"path_per_floor":["M","M","M","?","M","E","$","R","T","R","M","R","T","E","R","B",null,"M","$","M","M","M","E"],"character_chosen":"IRONCLAD","items_purchased":["Orichalcum","Bottled Tornado"],"campfire_rested":0,"item_purchase_floors":[7,19],"current_hp_per_floor":[74,77,80,80,77,53,53,53,53,53,49,49,56,43,43,20,70,64,64,51,54,47,0],"gold":92,"neow_bonus":"REMOVE_TWO","is_prod":false,"is_daily":false,"chose_seed":false,"campfire_upgraded":4,"win_rate":0,"timestamp":1550438360,"path_taken":["M","M","M","?","M","E","$","R","T","R","M","R","?","E","R","BOSS","M","$","M","M","M","E"],"build_version":"2019-01-23","purchased_purges":1,"victory":false,"max_hp_per_floor":[80,80,80,80,80,80,80,80,80,80,80,80,87,87,87,87,87,87,87,87,87,87,87],"card_choices":[{"not_picked":["Rupture","Carnage"],"picked":"Armaments","floor":1},{"not_picked":["Wild Strike","Pummel"],"picked":"Twin Strike","floor":2},{"not_picked":["Intimidate","Burning Pact","Bloodletting"],"picked":"SKIP","floor":3},{"not_picked":["Wild Strike","Dual Wield"],"picked":"Cleave","floor":5},{"not_picked":["Heavy Blade","Wild Strike"],"picked":"Metallicize","floor":6},{"not_picked":["Pommel Strike","Infernal Blade"],"picked":"Double Tap","floor":11},{"not_picked":["Havoc","Thunderclap"],"picked":"Shrug It Off","floor":14},{"not_picked":["Fiend Fire","Double Tap"],"picked":"Immolate","floor":16},{"not_picked":["Pommel Strike","Clothesline","Power Through"],"picked":"SKIP","floor":18},{"not_picked":["Clothesline+1","Cleave","Battle Trance"],"picked":"SKIP","floor":20},{"not_picked":["Heavy Blade","Dropkick"],"picked":"Sword Boomerang+1","floor":21},{"not_picked":["Twin Strike","Heavy Blade","Reckless Charge"],"picked":"SKIP","floor":22}],"player_experience":73295,"relics_obtained":[{"floor":6,"key":"Whetstone"},{"floor":9,"key":"Regal Pillow"},{"floor":13,"key":"Strawberry"},{"floor":14,"key":"MawBank"}],"event_choices":[{"damage_healed":0,"gold_gain":175,"player_choice":"AGREE","damage_taken":0,"max_hp_gain":0,"max_hp_loss":0,"event_name":"Liars Game","floor":4,"gold_loss":0,"cards_obtained":["Doubt"]}],"is_beta":false,"boss_relics":[{"not_picked":["Mark of Pain","Orrery"],"picked":"Black Star"}],"items_purged_floors":[7],"is_endless":false,"potions_floor_spawned":[1,5,6,14,21,22],"killed_by":"Gremlin Leader","ascension_level":5}