{"gold_per_floor":[112,112,132,57,73,106,106,136,159,171,183,172,215,238,250,262],"floor_reached":16,"playtime":2217,"items_purged":["Strike_R"],"score":201,"play_id":"027431ac-daac-4af0-bba3-0711be28767c","local_time":"20190519145011","is_ascension_mode":true,"campfire_choices":[{"floor":11.0,"key":"REST"},{"data":"Shrug It Off","floor":15.0,"key":"SMITH"}],"neow_cost":"NONE","seed_source_timestamp":0,"circlet_count":0,"master_deck":["AscendersBane","Strike_R","Strike_R","Strike_R","Defend_R+1","Defend_R","Defend_R","Defend_R","Bash+1","Shrug It Off+1","Cleave","Offering+1","Parasite","Thunderclap"],"special_seed":0,"relics":["Burning Blood","War Paint","Bag of Marbles","MawBank","Blood Vial"],"potions_floor_usage":[16],"damage_taken":[{"damage":8.0,"enemies":"Jaw Worm","floor":1.0,"turns":4.0},{"damage":7.0,"enemies":"Small Slimes","floor":3.0,"turns":4.0},{"damage":3.0,"enemies":"2 Louse","floor":5.0,"turns":3.0},{"damage":38.0,"enemies":"Lagavulin","floor":6.0,"turns":6.0},{"damage":33.0,"enemies":"Gremlin Nob","floor":8.0,"turns":4.0},{"damage":22.0,"enemies":"3 Sentries","floor":13.0,"turns":8.0},{"damage":6.0,"enemies":"Exordium Wildlife","floor":14.0,"turns":4.0},{"damage":41,"enemies":"Hexaghost","floor":16,"turns":10}],"seed_played":"4904147231598855423","potions_obtained":[{"floor":5.0,"key":"SkillPotion"},{"floor":13.0,"key":"Poison Potion"}],"is_trial":false,"path_per_floor":["M","?","M","$","M","E","?","E","T","$","R","?","E","M","R","B"],"character_chosen":"IRONCLAD","items_purchased":[],"campfire_rested":1,"item_purchase_floors":[],"current_hp_per_floor":[66,66,65,65,68,36,54,27,27,27,49,49,33,35,35,0],"gold":262,"neow_bonus":"UPGRADE_CARD","is_prod":false,"is_daily":false,"chose_seed":false,"campfire_upgraded":1,"win_rate":0,"timestamp":1558270211,"path_taken":["M","?","M","$","M","E","?","E","T","$","R","?","E","M","R","BOSS"],"build_version":"2019-01-23","purchased_purges":1,"victory":false,"max_hp_per_floor":[75,75,75,75,75,75,75,75,75,75,75,75,75,75,75,75],"card_choices":[{"not_picked":["Pommel Strike","Anger"],"picked":"Shrug It Off","floor":1.0},{"not_picked":["Headbutt","Thunderclap"],"picked":"Cleave","floor":3.0},{"not_picked":["Clash","Twin Strike"],"picked":"Offering","floor":5.0},{"not_picked":["Sword Boomerang","Power Through","Thunderclap"],"picked":"SKIP","floor":6.0},{"not_picked":["Pommel Strike","Burning Pact","Flex"],"picked":"SKIP","floor":8.0},{"not_picked":["Clothesline","Intimidate","Warcry"],"picked":"SKIP","floor":13.0},{"not_picked":["Pommel Strike","Headbutt"],"picked":"Thunderclap","floor":14.0}],"player_experience":221326,"relics_obtained":[{"floor":6.0,"key":"War Paint"},{"floor":8.0,"key":"Bag of Marbles"},{"floor":9.0,"key":"MawBank"},{"floor":13.0,"key":"Blood Vial"}],"event_choices":[{"cards_removed":["Strike_R"],"damage_healed":0.0,"max_hp_gain":0.0,"max_hp_loss":0.0,"gold_gain":0.0,"event_name":"Living Wall","player_choice":"Forget","floor":2.0,"gold_loss":0.0,"damage_taken":0.0},{"damage_healed":18.0,"max_hp_gain":0.0,"max_hp_loss":0.0,"gold_gain":0.0,"event_name":"Mushrooms","player_choice":"Healed and dodged fight","floor":7.0,"gold_loss":0.0,"damage_taken":0.0,"cards_obtained":["Parasite"]},{"damage_healed":0.0,"max_hp_gain":0.0,"max_hp_loss":0.0,"gold_gain":0.0,"event_name":"World of Goop","player_choice":"Left Gold","floor":12.0,"gold_loss":23.0,"damage_taken":0.0}],"is_beta":false,"boss_relics":[],"items_purged_floors":[4],"is_endless":false,"potions_floor_spawned":[5,13],"killed_by":"Hexaghost","ascension_level":14}