{"gold_per_floor":[127,159,171,203,215,227,266,290,302,314,343,175,175],"floor_reached":13,"playtime":839,"items_purged":[],"score":98,"play_id":"2571da65-953a-4ae2-9369-c214065a23d6","local_time":"20181124230822","is_ascension_mode":true,"campfire_choices":[{"data":"Neutralize","floor":6,"key":"SMITH"},{"floor":10,"key":"REST"}],"neow_cost":"NONE","seed_source_timestamp":895300319879774,"circlet_count":0,"master_deck":["Defend_G","Defend_G+1","Defend_G","Defend_G","Defend_G","Strike_G","Strike_G+1","Strike_G","Strike_G","Strike_G","Survivor","Neutralize+1","Cloak And Dagger","Cloak And Dagger","Well Laid Plans","PiercingWail","Crippling Poison","Backflip","Footwork","Malaise"],"relics":["Ring of the Snake","MawBank","Bottled Tornado","WingedGreaves","StoneCalendar"],"potions_floor_usage":[13],"damage_taken":[{"damage":2,"enemies":"Cultist","floor":1,"turns":4},{"damage":0,"enemies":"Small Slimes","floor":2,"turns":4},{"damage":0,"enemies":"2 Louse","floor":4,"turns":2},{"damage":46,"enemies":"Gremlin Nob","floor":7,"turns":6},{"damage":0,"enemies":"Blue Slaver","floor":8,"turns":4},{"damage":10,"enemies":"Gremlin Gang","floor":11,"turns":4},{"damage":23,"enemies":"Gremlin Nob","floor":13,"turns":3}],"seed_played":"-8188070606162668098","potions_obtained":[{"floor":7,"key":"EssenceOfSteel"},{"floor":11,"key":"PowerPotion"}],"is_trial":false,"path_per_floor":["M","M","?","M","?","R","E","M","T","R","M","$","?"],"character_chosen":"THE_SILENT","items_purchased":["Footwork","Malaise"],"campfire_rested":1,"item_purchase_floors":[12,12],"current_hp_per_floor":[68,68,68,68,54,54,8,8,8,29,19,19,0],"gold":175,"neow_bonus":"RANDOM_COMMON_RELIC","is_prod":false,"is_daily":false,"chose_seed":false,"campfire_upgraded":1,"win_rate":0,"timestamp":1543118902,"path_taken":["M","M","?","M","?","R","E","M","T","R","M","$","?"],"build_version":"2018-11-15","purchased_purges":0,"victory":false,"max_hp_per_floor":[70,70,70,70,70,70,70,70,70,70,70,70,70],"card_choices":[{"not_picked":["PiercingWail","Poisoned Stab"],"picked":"Cloak And Dagger","floor":1},{"not_picked":["Poisoned Stab","Dagger Spray"],"picked":"Cloak And Dagger","floor":2},{"not_picked":["Eviscerate","Finisher"],"picked":"Well Laid Plans","floor":4},{"not_picked":["Underhanded Strike","Bane"],"picked":"PiercingWail","floor":7},{"not_picked":["Deflect","Deadly Poison"],"picked":"Crippling Poison","floor":8},{"not_picked":["Caltrops","Blade Dance"],"picked":"Backflip","floor":11}],"player_experience":143063,"relics_obtained":[{"floor":7,"key":"Bottled Tornado"},{"floor":9,"key":"WingedGreaves"}],"event_choices":[{"damage_healed":0,"gold_gain":0,"player_choice":"Ignored","damage_taken":0,"max_hp_gain":0,"max_hp_loss":0,"event_name":"Golden Wing","floor":3,"gold_loss":0},{"damage_healed":0,"gold_gain":0,"player_choice":"Entered Light","damage_taken":14,"max_hp_gain":0,"max_hp_loss":0,"event_name":"Shining Light","floor":5,"gold_loss":0,"cards_upgraded":["Strike_G","Defend_G"]},{"damage_healed":0,"gold_gain":0,"player_choice":"Searched \u00272\u0027 times","damage_taken":0,"relics_obtained":["StoneCalendar"],"max_hp_gain":0,"max_hp_loss":0,"event_name":"Dead Adventurer","floor":13,"gold_loss":0}],"is_beta":false,"boss_relics":[],"items_purged_floors":[],"is_endless":false,"potions_floor_spawned":[7,11],"killed_by":"Gremlin Nob","ascension_level":3}