{"gold_per_floor":[14,34,47,59,71,104,104,104,127,127,165,181,181,219,219,342,342,363,381,381,381,14,14,14,50,50,81,81,104,104,104,104,200,200,210,210,210,230,249,284,284,316,316,351,366,366,44,62,62,62],"floor_reached":51,"playtime":7269,"items_purged":["Writhe"],"score":1384,"play_id":"7fe3bd40-826b-4262-87c9-ef8cdc3523e5","local_time":"20180812140606","is_ascension_mode":true,"campfire_choices":[{"data":"Creative AI","floor":7.0,"key":"SMITH"},{"data":"Sunder","floor":10.0,"key":"SMITH"},{"floor":13,"key":"REST"},{"data":"Zap","floor":15,"key":"SMITH"},{"data":"Buffer","floor":23,"key":"SMITH"},{"data":"Strike_B","floor":28,"key":"PURGE"},{"data":"Conserve Battery","floor":30,"key":"SMITH"},{"data":"Conserve Battery","floor":32,"key":"SMITH"},{"data":"Strike_B","floor":41,"key":"PURGE"},{"data":"Meteor Strike","floor":46,"key":"SMITH"},{"data":"Strike_B","floor":49,"key":"PURGE"}],"neow_cost":"NO_GOLD","seed_source_timestamp":2693206480072459,"circlet_count":0,"master_deck":["Strike_B","Defend_B","Defend_B","Defend_B","Defend_B","Zap+1","Dualcast","AscendersBane","Creative AI+1","Sunder+1","Steam","Auto Shields","Turbo","Hologram","Auto Shields","Steam","Conserve Battery+1","Conserve Battery+1","Force Field","Buffer+1","Buffer+1","Echo Form","Coolheaded+1","Meteor Strike+1","Coolheaded+1","Hologram+1","Writhe","Undo","Coolheaded+1","Consume"],"special_seed":0,"relics":["Cracked Core","Bottled Tornado","Bloody Idol","Bronze Scales","Juzu Bracelet","DataDisk","Snecko Eye","Bird Faced Urn","Lantern","Peace Pipe","Blue Candle","Bottled Flame","Nuclear Battery","Turnip","Ancient Tea Set","Ornamental Fan","Blood Vial","Singing Bowl","Mummified Hand"],"potions_floor_usage":[11,16,38,45,50],"damage_taken":[{"damage":0.0,"enemies":"Cultist","floor":1.0,"turns":4.0},{"damage":0.0,"enemies":"Small Slimes","floor":2.0,"turns":2.0},{"damage":0.0,"enemies":"2 Louse","floor":3.0,"turns":2.0},{"damage":11.0,"enemies":"Exordium Wildlife","floor":4.0,"turns":3.0},{"damage":0.0,"enemies":"2 Fungi Beasts","floor":5.0,"turns":2.0},{"damage":13.0,"enemies":"Lagavulin","floor":6.0,"turns":7.0},{"damage":26,"enemies":"Gremlin Nob","floor":11,"turns":5},{"damage":0,"enemies":"Exordium Thugs","floor":12,"turns":4},{"damage":9,"enemies":"Lagavulin","floor":14,"turns":6},{"damage":1,"enemies":"Hexaghost","floor":16,"turns":8},{"damage":15,"enemies":"Shell Parasite","floor":18,"turns":6},{"damage":6,"enemies":"Spheric Guardian","floor":19,"turns":3},{"damage":20,"enemies":"Slavers","floor":25,"turns":6},{"damage":14,"enemies":"Gremlin Leader","floor":27,"turns":7},{"damage":8,"enemies":"Snake Plant","floor":29,"turns":4},{"damage":0,"enemies":"Champ","floor":33,"turns":9},{"damage":0,"enemies":"3 Shapes","floor":35,"turns":4},{"damage":0,"floor":36,"turns":7},{"damage":26,"enemies":"3 Darklings","floor":38,"turns":7},{"damage":0,"enemies":"Flame Bruiser 2 Orb","floor":39,"turns":10},{"damage":12,"enemies":"2 Orb Walkers","floor":40,"turns":4},{"damage":1,"enemies":"Giant Head","floor":42,"turns":7},{"damage":1,"enemies":"Nemesis","floor":44,"turns":7},{"damage":14,"enemies":"Spire Growth","floor":45,"turns":6},{"damage":0,"enemies":"4 Shapes","floor":48,"turns":4},{"damage":1,"enemies":"Awakened One","floor":50,"turns":9}],"seed_played":"-6987388531596004690","potions_obtained":[{"floor":2.0,"key":"Dexterity Potion"},{"floor":3.0,"key":"Regen Potion"},{"floor":14,"key":"Weak Potion"},{"floor":25,"key":"Energy Potion"},{"floor":39,"key":"GamblersBrew"},{"floor":40,"key":"Regen Potion"}],"is_trial":false,"path_per_floor":["M","M","M","M","M","E","R","?","T","R","E","M","R","E","R","B",null,"M","M","?","?","$","R","?","E","T","E","R","M","R","?","R","B",null,"M","?","?","M","M","E","R","E","T","E","M","R","$","M","R","B"],"character_chosen":"DEFECT","items_purchased":["Lantern","Buffer","Mummified Hand","Consume"],"campfire_rested":1,"item_purchase_floors":[22,22,47,47],"current_hp_per_floor":[68,68,68,57,57,44,44,26,26,26,14,14,36,27,27,26,63,48,42,42,42,42,42,42,38,38,42,42,46,46,46,46,75,75,75,75,75,75,75,75,75,75,75,77,79,79,79,81,81,81],"gold":62,"neow_bonus":"THREE_RARE_CARDS","is_prod":false,"is_daily":false,"chose_seed":false,"campfire_upgraded":7,"win_rate":0,"timestamp":1534075566,"path_taken":["M","M","M","M","M","E","R","?","T","R","E","M","R","E","R","BOSS","M","M","?","?","$","R","?","E","T","E","R","M","R","?","R","BOSS","M","?","?","M","M","E","R","E","T","E","M","R","$","M","R","BOSS"],"build_version":"2018-08-09","purchased_purges":1,"victory":true,"max_hp_per_floor":[75,75,75,75,75,75,75,75,75,75,75,75,75,75,75,75,75,75,75,75,75,75,75,75,75,75,75,75,75,75,75,75,75,75,75,75,75,75,75,75,75,75,75,77,79,79,79,81,81,81],"card_choices":[{"not_picked":["Core Surge","Electrodynamics"],"picked":"Creative AI","floor":0.0},{"not_picked":["Conserve Battery","Stack"],"picked":"Sunder","floor":1.0},{"not_picked":["Steam Power","Coolheaded"],"picked":"Steam","floor":2.0},{"not_picked":["Capacitor","Doom and Gloom"],"picked":"Auto Shields","floor":3.0},{"not_picked":["Beam Cell","Lockon"],"picked":"Turbo","floor":4.0},{"not_picked":["Rebound","Coolheaded"],"picked":"Hologram","floor":5.0},{"not_picked":["Undo","Redo"],"picked":"Auto Shields","floor":6.0},{"not_picked":["Barrage","Recycle"],"picked":"Steam","floor":11},{"not_picked":["Coolheaded","Heatsinks"],"picked":"Conserve Battery","floor":12},{"not_picked":["Scrape","Undo"],"picked":"Conserve Battery","floor":14},{"not_picked":["Beam Cell","Sunder"],"picked":"Force Field","floor":19},{"not_picked":["Stack","Rebound+1"],"picked":"Echo Form","floor":27},{"not_picked":["Barrage","Hologram"],"picked":"Coolheaded+1","floor":29},{"not_picked":["Amplify","Thunder Strike"],"picked":"Meteor Strike","floor":33},{"not_picked":["Cold Snap+1","Consume"],"picked":"Coolheaded+1","floor":35},{"not_picked":["Skim+1","Heatsinks+1"],"picked":"Hologram+1","floor":36},{"not_picked":["Redo","Static Discharge"],"picked":"Undo","floor":38},{"not_picked":["Lockon+1","Go for the Eyes"],"picked":"Coolheaded+1","floor":40},{"not_picked":["Creative AI","Doom and Gloom","Fusion+1"],"picked":"Singing Bowl","floor":44},{"not_picked":["Chaos","Sweeping Beam","Rebound+1"],"picked":"Singing Bowl","floor":45},{"not_picked":["Chaos","Coolheaded+1","Rebound"],"picked":"Singing Bowl","floor":48}],"player_experience":951715,"relics_obtained":[{"floor":6.0,"key":"Bottled Tornado"},{"floor":9.0,"key":"Bronze Scales"},{"floor":11,"key":"Juzu Bracelet"},{"floor":14,"key":"DataDisk"},{"floor":25,"key":"Peace Pipe"},{"floor":26,"key":"Blue Candle"},{"floor":27,"key":"Bottled Flame"},{"floor":36,"key":"Turnip"},{"floor":40,"key":"Ancient Tea Set"},{"floor":42,"key":"Ornamental Fan"},{"floor":43,"key":"Blood Vial"},{"floor":44,"key":"Singing Bowl"}],"event_choices":[{"event_name":"Golden Idol","player_choice":"Take Damage","floor":8.0,"damage_taken":0.0},{"event_name":"Drug Dealer","player_choice":"Ignored","floor":20,"damage_taken":0},{"event_name":"The Mausoleum","player_choice":"Yes","floor":21,"damage_taken":0},{"event_name":"Duplicator","player_choice":"One dupe","floor":24,"damage_taken":0},{"event_name":"Forgotten Altar","player_choice":"Gave Idol","floor":31,"damage_taken":0},{"event_name":"MindBloom","player_choice":"Fight","floor":36,"damage_taken":0},{"event_name":"Winding Halls","player_choice":"Writhe","floor":37,"damage_taken":0}],"is_beta":false,"boss_relics":[{"not_picked":["Orrery","Black Star"],"picked":"Snecko Eye"},{"not_picked":["Lizard Tail","Astrolabe"],"picked":"Nuclear Battery"}],"items_purged_floors":[22],"is_endless":false,"potions_floor_spawned":[2,3,14,25,29,35,39,40],"ascension_level":11}