{"gold_per_floor":[119,119,119,119,131,165,175,175,175,185,185,202,227,242,242,242],"floor_reached":16,"playtime":1516,"items_purged":[],"score":112,"play_id":"cbde6a17-c0e2-4c18-8f41-ef94264f9ab3","local_time":"20181120221739","is_ascension_mode":true,"campfire_choices":[{"data":"Backflip","floor":8,"key":"SMITH"},{"floor":15,"key":"REST"}],"neow_cost":"NONE","seed_source_timestamp":545981026230903,"circlet_count":0,"master_deck":["Defend_G","Defend_G","Defend_G","Defend_G","Strike_G","Strike_G","Strike_G","Strike_G","Survivor","Neutralize","Cloak And Dagger","Quick Slash","Backflip+1","PiercingWail","Deflect","Flechettes","Underhanded Strike","Dodge and Roll","Dodge and Roll","Dash"],"relics":["Ring of the Snake","Singing Bowl","Thread and Needle","Ancient Tea Set","Odd Mushroom"],"potions_floor_usage":[6,16,16],"damage_taken":[{"damage":1,"enemies":"Jaw Worm","floor":1,"turns":7},{"damage":3,"enemies":"2 Louse","floor":5,"turns":3},{"damage":21,"enemies":"3 Sentries","floor":6,"turns":11},{"damage":0,"enemies":"Small Slimes","floor":7,"turns":3},{"damage":0,"enemies":"Gremlin Gang","floor":10,"turns":7},{"damage":0,"enemies":"Looter","floor":12,"turns":4},{"damage":18,"enemies":"The Mushroom Lair","floor":13,"turns":7},{"damage":3,"enemies":"Red Slaver","floor":14,"turns":7},{"damage":43,"enemies":"Hexaghost","floor":16,"turns":16}],"seed_played":"1525950620326356994","potions_obtained":[{"floor":5,"key":"AttackPotion"},{"floor":6,"key":"Poison Potion"},{"floor":7,"key":"GhostInAJar"}],"is_trial":false,"path_per_floor":["M","?","?","?","M","E","M","R","T","M","?","M","?","M","R","B"],"character_chosen":"THE_SILENT","items_purchased":[],"campfire_rested":1,"item_purchase_floors":[],"current_hp_per_floor":[76,69,62,62,59,38,38,38,38,38,38,38,20,17,40,0],"gold":242,"neow_bonus":"TEN_PERCENT_HP_BONUS","is_prod":false,"is_daily":false,"chose_seed":false,"campfire_upgraded":1,"win_rate":0,"timestamp":1542770259,"path_taken":["M","?","?","?","?","E","M","R","T","M","?","?","?","M","R","BOSS"],"build_version":"2018-11-15","purchased_purges":0,"victory":false,"max_hp_per_floor":[77,77,77,77,77,77,77,77,77,77,77,77,77,77,77,77],"card_choices":[{"not_picked":["Skewer","Calculated Gamble"],"picked":"Cloak And Dagger","floor":1},{"not_picked":["Quick Slash","Dodge and Roll"],"picked":"Backflip","floor":5},{"not_picked":["Bane","Blade Dance"],"picked":"PiercingWail","floor":6},{"not_picked":["PiercingWail","Choke"],"picked":"Deflect","floor":7},{"not_picked":["Prepared","Poisoned Stab"],"picked":"Flechettes","floor":10},{"not_picked":["Slice","Bane"],"picked":"Dodge and Roll","floor":12},{"not_picked":["Sucker Punch","Deadly Poison"],"picked":"Dodge and Roll","floor":13},{"not_picked":["Deflect","Backflip"],"picked":"Dash","floor":14}],"player_experience":118553,"relics_obtained":[{"floor":6,"key":"Thread and Needle"},{"floor":9,"key":"Ancient Tea Set"},{"floor":13,"key":"Odd Mushroom"}],"event_choices":[{"cards_removed":["Strike_G"],"damage_healed":0,"gold_gain":0,"player_choice":"Card Removal","damage_taken":7,"max_hp_gain":0,"max_hp_loss":0,"event_name":"Golden Wing","floor":2,"gold_loss":0},{"damage_healed":0,"gold_gain":0,"player_choice":"Success","damage_taken":7,"relics_obtained":["Singing Bowl"],"max_hp_gain":0,"max_hp_loss":0,"event_name":"Scrap Ooze","floor":3,"gold_loss":0},{"damage_healed":0,"gold_gain":0,"cards_transformed":["Defend_G"],"player_choice":"Transformed","damage_taken":0,"max_hp_gain":0,"max_hp_loss":0,"event_name":"Transmorgrifier","floor":4,"gold_loss":0,"cards_obtained":["Quick Slash"]},{"damage_healed":0,"gold_gain":0,"player_choice":"1 cards matched","damage_taken":0,"max_hp_gain":0,"max_hp_loss":0,"event_name":"Match and Keep!","floor":11,"gold_loss":0,"cards_obtained":["Underhanded Strike"]},{"damage_healed":0,"gold_gain":0,"player_choice":"Fought Mushrooms","damage_taken":0,"max_hp_gain":0,"max_hp_loss":0,"event_name":"Mushrooms","floor":13,"gold_loss":0}],"is_beta":false,"boss_relics":[],"items_purged_floors":[],"is_endless":false,"potions_floor_spawned":[5,6,7],"killed_by":"Hexaghost","ascension_level":2}