{"gold_per_floor":[111,129,147,161,180,215,215,249,249,249,273,273,307,307,307,378,378,394,409,409,428,444,471,471,471,471,471,485,512,512,248,248,323,323,341,3,3,20,65,65,65,75,146,146,160,160,171,202,202,202],"floor_reached":51,"playtime":13437,"items_purged":["Strike_B","Strike_B"],"score":1295,"play_id":"2a6143eb-ec7d-47e9-b824-983c3549ffa4","local_time":"20180813210234","is_ascension_mode":true,"campfire_choices":[{"data":"Streamline","floor":7.0,"key":"SMITH"},{"floor":10.0,"key":"REST"},{"data":"Stack","floor":15.0,"key":"SMITH"},{"data":"Buffer","floor":25,"key":"SMITH"},{"data":"Strike_B","floor":27,"key":"PURGE"},{"data":"Strike_B","floor":30,"key":"PURGE"},{"data":"Blizzard","floor":32,"key":"SMITH"},{"data":"Writhe","floor":40,"key":"PURGE"},{"data":"Glacier","floor":44,"key":"SMITH"},{"data":"Dualcast","floor":46,"key":"PURGE"},{"floor":49,"key":"REST"}],"neow_cost":"NONE","seed_source_timestamp":0,"circlet_count":0,"master_deck":["Defend_B","Defend_B","Defend_B","Defend_B","Zap","AscendersBane","Sweeping Beam","Glacier+1","Streamline+1","Creative AI","Stack+1","Stack+1","Blizzard+1","Leap+1","Buffer+1","White Noise+1","Stack+1","Chill+1","Consume+1","Echo Form","Conserve Battery+1","Hologram+1","Amplify+1","Leap+1","Meteor Strike","Reboot+1","Leap+1"],"special_seed":0,"relics":["Snecko Eye","Meat on the Bone","Toxic Egg 2","Smiling Mask","Odd Mushroom","Bag of Marbles","Inserter","Peace Pipe","Cables","Ginger","Philosopher\u0027s Stone","Turnip","Sundial","Frozen Egg 2","Shuriken","Question Card"],"potions_floor_usage":[23,29,50,50],"damage_taken":[{"damage":7.0,"enemies":"Jaw Worm","floor":1.0,"turns":3.0},{"damage":12.0,"enemies":"Small Slimes","floor":2.0,"turns":5.0},{"damage":0.0,"enemies":"2 Louse","floor":3.0,"turns":3.0},{"damage":0.0,"enemies":"2 Fungi Beasts","floor":4.0,"turns":4.0},{"damage":1.0,"enemies":"Looter","floor":5.0,"turns":2.0},{"damage":18.0,"enemies":"Lagavulin","floor":6.0,"turns":8.0},{"damage":25.0,"enemies":"Gremlin Nob","floor":8.0,"turns":6.0},{"damage":17.0,"floor":11.0,"turns":5.0},{"damage":12.0,"enemies":"Lagavulin","floor":13.0,"turns":7.0},{"damage":17.0,"enemies":"Hexaghost","floor":16.0,"turns":16.0},{"damage":2,"enemies":"Spheric Guardian","floor":18,"turns":8},{"damage":28,"enemies":"3 Byrds","floor":19,"turns":9},{"damage":6,"enemies":"Centurion and Healer","floor":21,"turns":8},{"damage":0,"enemies":"Snecko","floor":22,"turns":6},{"damage":17,"enemies":"Slavers","floor":23,"turns":7},{"damage":13,"enemies":"3 Cultists","floor":28,"turns":7},{"damage":10,"enemies":"Gremlin Leader","floor":29,"turns":9},{"damage":0,"enemies":"Automaton","floor":33,"turns":15},{"damage":0,"enemies":"3 Shapes","floor":35,"turns":4},{"damage":44,"enemies":"Flame Bruiser 1 Orb","floor":38,"turns":7},{"damage":0,"floor":39,"turns":6},{"damage":0,"enemies":"Maw","floor":42,"turns":7},{"damage":0,"enemies":"Sphere and 2 Shapes","floor":45,"turns":6},{"damage":40,"enemies":"4 Shapes","floor":47,"turns":4},{"damage":11,"enemies":"Nemesis","floor":48,"turns":13},{"damage":0,"enemies":"Time Eater","floor":50,"turns":12}],"seed_played":"7226054605097513829","potions_obtained":[{"floor":1.0,"key":"Energy Potion"},{"floor":5.0,"key":"Ancient Potion"},{"floor":16.0,"key":"SteroidPotion"},{"floor":21,"key":"FocusPotion"},{"floor":28,"key":"Explosive Potion"},{"floor":33,"key":"Ancient Potion"},{"floor":39,"key":"FocusPotion"},{"floor":48,"key":"PowerPotion"}],"is_trial":false,"path_per_floor":["M","M","M","M","M","E","R","E","T","R","?","?","E","?","R","B",null,"M","M","?","M","M","E","?","R","T","R","M","E","R","$","R","B",null,"M","$","?","M","?","R","T","M","T","R","M","R","M","E","R","B"],"character_chosen":"DEFECT","items_purchased":["Amplify+1","Leap+1","Turnip"],"campfire_rested":2,"item_purchase_floors":[31,31,36],"current_hp_per_floor":[61,49,49,49,48,30,30,17,17,39,34,34,34,39,39,34,69,67,51,36,42,54,49,49,49,49,49,48,50,50,50,50,50,76,76,76,85,53,53,53,53,53,53,53,53,53,25,26,51,51],"gold":202,"neow_bonus":"BOSS_RELIC","is_prod":false,"is_daily":false,"chose_seed":false,"campfire_upgraded":5,"win_rate":0,"timestamp":1534186954,"path_taken":["M","M","M","M","M","E","R","E","T","R","?","?","E","?","R","BOSS","M","M","?","M","M","E","?","R","T","R","?","E","R","$","R","BOSS","M","$","?","M","?","R","?","?","T","R","M","R","M","E","R","BOSS"],"build_version":"2018-08-09","purchased_purges":2,"victory":true,"max_hp_per_floor":[75,75,75,75,75,75,75,75,75,75,75,75,75,80,80,80,80,80,80,85,85,85,85,85,85,85,85,85,85,85,85,85,85,85,85,85,85,85,85,85,85,85,85,85,85,85,85,85,85,85],"card_choices":[{"not_picked":["Recycle","Rebound"],"picked":"Sweeping Beam","floor":1.0},{"not_picked":["Redo","Rebound"],"picked":"Glacier","floor":2.0},{"not_picked":["Sweeping Beam","Chaos"],"picked":"Streamline","floor":4.0},{"not_picked":["Melter","Stack"],"picked":"Creative AI","floor":5.0},{"not_picked":["Barrage","Go for the Eyes"],"picked":"Stack","floor":6.0},{"not_picked":["Biased Cognition","Barrage"],"picked":"Stack","floor":8.0},{"not_picked":["Steam+1","Redo+1"],"picked":"Blizzard","floor":11.0},{"not_picked":["Chill+1","Compile Driver"],"picked":"Leap+1","floor":13.0},{"not_picked":["Reboot+1","Biased Cognition"],"picked":"Buffer","floor":16.0},{"not_picked":["Hello World","Barrage+1"],"picked":"White Noise+1","floor":18},{"not_picked":["Reprogram+1","Scrape"],"picked":"Stack+1","floor":19},{"not_picked":["Melter","Conserve Battery+1"],"picked":"Chill+1","floor":21},{"not_picked":["Rebound","Recycle+1"],"picked":"Consume+1","floor":22},{"not_picked":["Storm","Streamline"],"picked":"Echo Form","floor":23},{"not_picked":["Ball Lightning","Genetic Algorithm+1"],"picked":"Conserve Battery+1","floor":28},{"not_picked":["Compile Driver","Lockon+1"],"picked":"Hologram+1","floor":29},{"not_picked":["Machine Learning","Seek+1"],"picked":"Meteor Strike","floor":33},{"not_picked":["White Noise+1","Beam Cell+1"],"picked":"Reboot+1","floor":47},{"not_picked":["Consume+1","Electrodynamics+1"],"picked":"Leap+1","floor":48}],"player_experience":966953,"relics_obtained":[{"floor":6.0,"key":"Meat on the Bone"},{"floor":8.0,"key":"Toxic Egg 2"},{"floor":9.0,"key":"Smiling Mask"},{"floor":11.0,"key":"Odd Mushroom"},{"floor":13.0,"key":"Bag of Marbles"},{"floor":23,"key":"Peace Pipe"},{"floor":26,"key":"Cables"},{"floor":29,"key":"Ginger"},{"floor":39,"key":"Sundial"},{"floor":41,"key":"Frozen Egg 2"},{"floor":43,"key":"Shuriken"},{"floor":48,"key":"Question Card"}],"event_choices":[{"event_name":"Mushrooms","player_choice":"Fought Mushrooms","floor":11.0,"damage_taken":0.0},{"event_name":"Liars Game","player_choice":"disagreed","floor":12.0,"damage_taken":0.0},{"event_name":"Big Fish","player_choice":"Donut","floor":14.0,"damage_taken":0.0},{"event_name":"Forgotten Altar","player_choice":"Shed Blood","floor":20,"damage_taken":0},{"event_name":"Vampires","player_choice":"Ignored","floor":24,"damage_taken":0},{"event_name":"Winding Halls","player_choice":"Writhe","floor":37,"damage_taken":0},{"event_name":"Mysterious Sphere","player_choice":"Fight","floor":39,"damage_taken":0}],"is_beta":false,"boss_relics":[{"not_picked":["Calling Bell","Tiny House"],"picked":"Inserter"},{"not_picked":["Velvet Choker","Pandora\u0027s Box"],"picked":"Philosopher\u0027s Stone"}],"items_purged_floors":[31,36],"is_endless":false,"potions_floor_spawned":[1,5,16,21,28,33,39,48],"ascension_level":13}