{"gold_per_floor":[211,224,224,239,259,259,34,34,34,68,40,69,69,131,131,202,202,214,313,238,254,254,254,271,284,334,134,134],"floor_reached":28,"playtime":4810,"items_purged":["Strike_B"],"score":469,"play_id":"21750a89-71ba-4d59-9cc0-0b1bd7a70859","local_time":"20190520190419","is_ascension_mode":true,"campfire_choices":[{"data":"Dualcast","floor":6,"key":"SMITH"},{"data":"Zap","floor":13,"key":"SMITH"},{"data":"Sunder","floor":15,"key":"SMITH"},{"floor":23,"key":"REST"}],"neow_cost":"NONE","seed_source_timestamp":132198538315092,"circlet_count":0,"master_deck":["AscendersBane","Zap+1","Dualcast+1","Glacier","Conserve Battery","Genetic Algorithm","Redo","Hologram+1","Finesse","FTL","Sunder+1","Undo","Hyperbeam","Cold Snap","Chaos+1","Rainbow","Creative AI","Coolheaded","Darkness","Multi-Cast","Cold Snap+1","Genetic Algorithm","Self Repair","Aggregate"],"relics":["Cracked Core","Symbiotic Virus","Sundial","Pantograph","Blue Candle","Pandora\u0027s Box","Art of War"],"potions_floor_usage":[16,16,24,28,28],"damage_taken":[{"damage":0,"enemies":"2 Louse","floor":1,"turns":2},{"damage":1,"enemies":"Jaw Worm","floor":2,"turns":5},{"damage":0,"enemies":"Small Slimes","floor":4,"turns":4},{"damage":11,"enemies":"3 Louse","floor":5,"turns":6},{"damage":5,"enemies":"Lagavulin","floor":10,"turns":10},{"damage":12,"enemies":"Gremlin Nob","floor":12,"turns":4},{"damage":0,"enemies":"3 Sentries","floor":14,"turns":7},{"damage":0,"enemies":"Slime Boss","floor":16,"turns":9},{"damage":21,"enemies":"2 Thieves","floor":18,"turns":4},{"damage":5,"enemies":"Spheric Guardian","floor":21,"turns":4},{"damage":21,"enemies":"Centurion and Healer","floor":24,"turns":12},{"damage":6,"enemies":"Snake Plant","floor":25,"turns":3},{"damage":43,"enemies":"Book of Stabbing","floor":28,"turns":7}],"seed_played":"-6364690090533998568","potions_obtained":[{"floor":4,"key":"Block Potion"},{"floor":10,"key":"Strength Potion"},{"floor":12,"key":"PowerPotion"},{"floor":14,"key":"FocusPotion"},{"floor":16,"key":"Ancient Potion"},{"floor":18,"key":"Fire Potion"},{"floor":25,"key":"Dexterity Potion"}],"is_trial":false,"path_per_floor":["?","?","?","?","?","?","?","M"],"character_chosen":"DEFECT","items_purchased":["Hologram","Finesse","Self Repair","Weak Potion","Aggregate"],"campfire_rested":1,"item_purchase_floors":[7,7,27,27,27],"current_hp_per_floor":[64,63,68,68,57,57,57,42,42,37,37,25,25,25,25,50,70,49,49,49,44,44,66,45,39,39,39,0],"gold":134,"neow_bonus":"HUNDRED_GOLD","is_prod":false,"is_daily":false,"chose_seed":false,"campfire_upgraded":3,"win_rate":0,"timestamp":1558393459,"path_taken":["M","M","?","M","M","R","$","?","T","E","?","E","R","?","R","BOSS","M","?","?","M","?","R","?","M","T","$","E"],"build_version":"2019-01-23","purchased_purges":1,"victory":false,"max_hp_per_floor":[71,71,76,76,76,76,76,76,76,76,76,76,76,76,76,76,76,76,76,76,76,76,76,76,76,76,76,76],"card_choices":[{"not_picked":["Beam Cell","Barrage"],"picked":"Glacier","floor":1},{"not_picked":["Sweeping Beam","Barrage"],"picked":"Conserve Battery","floor":2},{"not_picked":["Streamline","Gash"],"picked":"Genetic Algorithm","floor":4},{"not_picked":["Steam Power","Rebound"],"picked":"Redo","floor":5},{"not_picked":["Aggregate","Turbo"],"picked":"FTL","floor":10},{"not_picked":["Turbo","Machine Learning"],"picked":"Sunder","floor":12},{"not_picked":["Steam Power","Barrage"],"picked":"Undo","floor":14},{"not_picked":["Amplify","Multi-Cast"],"picked":"Hyperbeam","floor":16},{"not_picked":["Lockon","Stack","Steam"],"picked":"SKIP","floor":18},{"not_picked":["Stack","Sweeping Beam"],"picked":"Multi-Cast","floor":21},{"not_picked":["Tempest","Redo"],"picked":"Cold Snap+1","floor":24},{"not_picked":["Beam Cell","Conserve Battery"],"picked":"Genetic Algorithm","floor":25}],"player_experience":595366,"relics_obtained":[{"floor":9,"key":"Symbiotic Virus"},{"floor":10,"key":"Sundial"},{"floor":12,"key":"Pantograph"},{"floor":14,"key":"Blue Candle"},{"floor":26,"key":"Art of War"}],"event_choices":[{"damage_healed":0,"gold_gain":0,"player_choice":"Donut","damage_taken":0,"max_hp_gain":5,"max_hp_loss":0,"event_name":"Big Fish","floor":3,"gold_loss":0},{"damage_healed":0,"gold_gain":0,"player_choice":"Entered Light","damage_taken":15,"max_hp_gain":0,"max_hp_loss":0,"event_name":"Shining Light","floor":8,"gold_loss":0,"cards_upgraded":["Defend_B","Hologram"]},{"damage_healed":0,"gold_gain":0,"player_choice":"Left Gold","damage_taken":0,"max_hp_gain":0,"max_hp_loss":0,"event_name":"World of Goop","floor":11,"gold_loss":28},{"damage_healed":0,"gold_gain":0,"player_choice":"Searched \u00272\u0027 times","damage_taken":0,"max_hp_gain":0,"max_hp_loss":0,"event_name":"Dead Adventurer","floor":14,"gold_loss":0},{"damage_healed":0,"gold_gain":99,"player_choice":"Stole From Cult","damage_taken":0,"max_hp_gain":0,"max_hp_loss":0,"event_name":"Nest","floor":19,"gold_loss":0},{"cards_removed":["Reprogram"],"damage_healed":0,"gold_gain":0,"player_choice":"Gave Gold","damage_taken":0,"max_hp_gain":0,"max_hp_loss":0,"event_name":"Beggar","floor":20,"gold_loss":75},{"damage_healed":0,"gold_gain":0,"player_choice":"Upgraded","damage_taken":0,"max_hp_gain":0,"max_hp_loss":0,"event_name":"Upgrade Shrine","floor":22,"gold_loss":0,"cards_upgraded":["Chaos"]}],"is_beta":false,"boss_relics":[{"not_picked":["Tiny House","Orrery"],"picked":"Pandora\u0027s Box"}],"items_purged_floors":[7],"is_endless":false,"potions_floor_spawned":[4,10,12,14,16,18,25],"killed_by":"Book of Stabbing","ascension_level":14}