{"gold_per_floor":[111,111,111,124,124,156,231,0,0,0,0,10,43,63,63,159,159,174,76,76,76,176,206,206,216,240,250,264,264,224,254,254,351,351,369,369,369,369,381,381,381,381,426,426,16,35,35,48,48,48],"floor_reached":51,"playtime":4221,"items_purged":["Defend_R"],"score":699,"play_id":"481bba8c-59b2-4950-a5eb-9ebedce3c374","local_time":"20180922005008","is_ascension_mode":false,"campfire_choices":[{"data":"Metamorphosis","floor":15.0,"key":"SMITH"},{"data":"Uppercut","floor":24.0,"key":"SMITH"},{"floor":29,"key":"REST"},{"floor":32,"key":"REST"},{"data":"Flex","floor":40,"key":"SMITH"},{"floor":42,"key":"REST"},{"floor":44,"key":"REST"},{"data":"Rampage","floor":49,"key":"SMITH"}],"neow_cost":"NONE","seed_source_timestamp":0,"circlet_count":0,"master_deck":["Strike_R+1","Strike_R+1","Strike_R+1","Strike_R+1","Defend_R+1","Defend_R+1","Bash","Metallicize","Shockwave","Metallicize+1","Uppercut+1","Flex+1","Metamorphosis+1","Anger","Pommel Strike+1","Body Slam","Demon Form+1","Shrug It Off+1","Intimidate+1","Headbutt+1","Burning Pact+1","Reckless Charge","Rampage+1","Warcry+1","Headbutt","Cleave+1","Headbutt+1","Barricade+1","Warcry+1","Disarm","Dual Wield+1","Spot Weakness","Metallicize+1","Inflame+1","Shockwave+1"],"special_seed":0,"relics":["Burning Blood","Centennial Puzzle","Frozen Egg 2","Bottled Flame","Red Skull","Dream Catcher","Potion Belt","Runic Cube","Peace Pipe","Letter Opener","Bottled Lightning","Blood Vial","Red Mask","Eternal Feather","Orichalcum","Shuriken"],"potions_floor_usage":[28,33,33,33,41,41,41,50],"damage_taken":[{"damage":10.0,"enemies":"Jaw Worm","floor":1.0,"turns":4.0},{"damage":6.0,"enemies":"Small Slimes","floor":4.0,"turns":3.0},{"damage":15.0,"enemies":"3 Sentries","floor":6.0,"turns":13.0},{"damage":5.0,"enemies":"2 Louse","floor":12.0,"turns":3.0},{"damage":5.0,"enemies":"Gremlin Nob","floor":13.0,"turns":4.0},{"damage":6.0,"enemies":"Exordium Thugs","floor":14.0,"turns":3.0},{"damage":41.0,"enemies":"The Guardian","floor":16.0,"turns":5.0},{"damage":12.0,"enemies":"3 Byrds","floor":18.0,"turns":5.0},{"damage":27.0,"enemies":"Colosseum Slavers","floor":22.0,"turns":6.0},{"damage":32.0,"enemies":"Colosseum Nobs","floor":22.0,"turns":5.0},{"damage":22.0,"enemies":"Gremlin Leader","floor":23.0,"turns":5.0},{"damage":12.0,"enemies":"Shell Parasite","floor":25.0,"turns":3.0},{"damage":18.0,"enemies":"Cultist and Chosen","floor":27.0,"turns":5.0},{"damage":8,"enemies":"Snake Plant","floor":28,"turns":3},{"damage":3,"enemies":"Masked Bandits","floor":31,"turns":4},{"damage":73,"enemies":"Collector","floor":33,"turns":12},{"damage":28,"enemies":"Orb Walker","floor":35,"turns":4},{"damage":0,"enemies":"3 Shapes","floor":39,"turns":4},{"damage":79,"enemies":"Giant Head","floor":41,"turns":8},{"damage":12,"enemies":"Transient","floor":46,"turns":5},{"damage":12,"enemies":"Spire Growth","floor":48,"turns":5},{"damage":64,"enemies":"Time Eater","floor":50,"turns":10}],"seed_played":"1726992183272412724","potions_obtained":[{"floor":1.0,"key":"Energy Potion"},{"floor":6.0,"key":"FearPotion"},{"floor":12.0,"key":"Swift Potion"},{"floor":14.0,"key":"Weak Potion"},{"floor":16.0,"key":"Regen Potion"},{"floor":23.0,"key":"Weak Potion"},{"floor":28,"key":"Weak Potion"},{"floor":30,"key":"LiquidBronze"},{"floor":30,"key":"Strength Potion"},{"floor":30,"key":"SmokeBomb"},{"floor":31,"key":"Regen Potion"},{"floor":33,"key":"GamblersBrew"},{"floor":39,"key":"SteroidPotion"},{"floor":48,"key":"PowerPotion"}],"is_trial":false,"path_per_floor":["M","?","T","M","?","E","?","$","T","$","T","M","E","M","R","B",null,"M","$","?","?","?","E","R","M","T","M","M","R","?","?","R","B",null,"M","?","?","?","M","R","E","R","T","R","$","M","?","M","R","B"],"character_chosen":"IRONCLAD","items_purchased":["Flex","Metamorphosis","True Grit","Shuriken","Spot Weakness","Metallicize+1"],"campfire_rested":4,"item_purchase_floors":[8,8,19,45,45,45],"current_hp_per_floor":[76,73,73,73,66,57,49,49,49,49,49,50,51,51,51,16,80,74,74,74,74,41,25,25,19,19,16,16,40,40,45,69,19,80,58,58,63,63,71,80,7,49,49,80,80,80,80,74,80,22],"gold":48,"neow_bonus":"THREE_CARDS","is_prod":false,"is_daily":false,"chose_seed":false,"campfire_upgraded":4,"win_rate":0.0,"timestamp":1537591808,"path_taken":["M","?","?","M","?","E","?","$","T","?","?","M","E","M","R","BOSS","M","$","?","?","?","E","R","M","T","?","?","R","?","?","R","BOSS","M","?","?","?","M","R","E","R","T","R","$","?","?","?","R","BOSS"],"build_version":"2018-09-06","purchased_purges":1,"victory":true,"max_hp_per_floor":[80,80,80,80,80,80,80,80,80,80,80,80,80,80,80,80,80,80,80,80,80,80,80,80,80,80,80,80,80,80,80,80,80,80,80,80,80,80,80,80,80,80,80,80,80,80,80,80,80,80],"card_choices":[{"not_picked":["Heavy Blade","Seeing Red"],"picked":"Metallicize","floor":0.0},{"not_picked":["Warcry","Corruption"],"picked":"Shockwave","floor":1.0},{"not_picked":["Power Through","Clothesline"],"picked":"Metallicize+1","floor":4.0},{"not_picked":["Feel No Pain+1","Thunderclap"],"picked":"Uppercut","floor":6.0},{"not_picked":["Hemokinesis","Clash"],"picked":"Anger","floor":12.0},{"not_picked":["Iron Wave","True Grit"],"picked":"Pommel Strike","floor":13.0},{"not_picked":["Shrug It Off","Warcry"],"picked":"Body Slam","floor":14.0},{"not_picked":["Berserk+1","Double Tap"],"picked":"Demon Form+1","floor":16.0},{"not_picked":["Pommel Strike+1","Burning Pact"],"picked":"Shrug It Off+1","floor":18.0},{"not_picked":["Cleave","Iron Wave+1"],"picked":"Intimidate+1","floor":22.0},{"not_picked":["Flame Barrier","Hemokinesis"],"picked":"Headbutt+1","floor":23.0},{"not_picked":["Corruption+1","Demon Form+1"],"picked":"Burning Pact+1","floor":25.0},{"not_picked":["Headbutt","Shrug It Off"],"picked":"Reckless Charge","floor":27},{"not_picked":["Heavy Blade","Second Wind"],"picked":"Rampage","floor":28},{"not_picked":["Shrug It Off+1","Intimidate+1"],"picked":"Warcry+1","floor":29},{"not_picked":["Perfected Strike","Intimidate"],"picked":"Headbutt","floor":31},{"not_picked":["Clash","Carnage"],"picked":"Cleave+1","floor":32},{"not_picked":["Limit Break","Bludgeon"],"picked":"Barricade+1","floor":33},{"not_picked":["Searing Blow+1","Shrug It Off"],"picked":"Headbutt+1","floor":35},{"not_picked":["Thunderclap","Iron Wave"],"picked":"Warcry+1","floor":39},{"not_picked":["Bludgeon","Sever Soul"],"picked":"Disarm","floor":42},{"not_picked":["True Grit","Headbutt+1"],"picked":"Dual Wield+1","floor":44},{"not_picked":["Uppercut+1","Iron Wave+1"],"picked":"Inflame+1","floor":46},{"not_picked":["Feel No Pain+1","Spot Weakness+1"],"picked":"Shockwave+1","floor":48}],"player_experience":23832,"relics_obtained":[{"floor":3.0,"key":"Frozen Egg 2"},{"floor":6.0,"key":"Bottled Flame"},{"floor":9.0,"key":"Red Skull"},{"floor":11.0,"key":"Dream Catcher"},{"floor":13.0,"key":"Potion Belt"},{"floor":22.0,"key":"Peace Pipe"},{"floor":22.0,"key":"Letter Opener"},{"floor":23.0,"key":"Bottled Lightning"},{"floor":26.0,"key":"Blood Vial"},{"floor":31,"key":"Red Mask"},{"floor":43,"key":"Orichalcum"}],"event_choices":[{"event_name":"Scrap Ooze","player_choice":"success","floor":2.0,"damage_taken":3.0},{"event_name":"Golden Wing","player_choice":"Card Removal","floor":5.0,"damage_taken":0.0},{"event_name":"FaceTrader","player_choice":"Touch","floor":7.0,"damage_taken":0.0},{"event_name":"Back to Basics","player_choice":"Simplicity","floor":20.0,"damage_taken":0.0},{"event_name":"The Mausoleum","player_choice":"No","floor":21.0,"damage_taken":0.0},{"event_name":"Colosseum","player_choice":"Fight","floor":22.0,"damage_taken":0.0},{"event_name":"Colosseum","player_choice":"Fought Nobs","floor":22.0,"damage_taken":0.0},{"event_name":"The Woman in Blue","player_choice":"Bought 3 Potions","floor":30,"damage_taken":0},{"event_name":"Masked Bandits","player_choice":"Fought Bandits","floor":31,"damage_taken":0},{"event_name":"Accursed Blacksmith","player_choice":"Forge","floor":36,"damage_taken":0},{"event_name":"Bonfire Elementals","player_choice":"COMMON","floor":37,"damage_taken":0},{"event_name":"Transmorgrifier","player_choice":"Transform","floor":38,"damage_taken":0},{"event_name":"Purifier","player_choice":"One Purge","floor":47,"damage_taken":0}],"is_beta":false,"boss_relics":[{"not_picked":["Velvet Choker","Sozu"],"picked":"Runic Cube"},{"not_picked":["Runic Dome","Calling Bell"],"picked":"Eternal Feather"}],"items_purged_floors":[19],"is_endless":false,"potions_floor_spawned":[1,6,12,14,16,23,28,31,33,39,48],"ascension_level":0}