{"gold_per_floor":[12,12,28,38,38,66,66,80,80,90,90,15,15,30,30,130,130,148,148,161,181,201,201,228,228,228,228,78,88,88,13,13,110,110,130,178,178,191,37,66,66,98,124,159,159,0,19,19,19,19],"floor_reached":51,"playtime":1359,"items_purged":["Strike_B","Pain","Defend_B"],"score":1305,"play_id":"cf4ab457-306f-429d-b210-3edfc2bd4dba","local_time":"20190404180106","is_ascension_mode":true,"campfire_choices":[{"data":"Zap","floor":7,"key":"SMITH"},{"data":"Dualcast","floor":11,"key":"SMITH"},{"floor":15,"key":"REST"},{"data":"Coolheaded","floor":23,"key":"SMITH"},{"data":"Skim","floor":25,"key":"SMITH"},{"floor":32,"key":"REST"},{"data":"Capacitor","floor":41,"key":"SMITH"},{"data":"Madness","floor":45,"key":"SMITH"},{"data":"Echo Form","floor":49,"key":"SMITH"}],"neow_cost":"NO_GOLD","seed_source_timestamp":189634537820008,"circlet_count":0,"master_deck":["AscendersBane","Defend_B","Defend_B","Dualcast+1","Steam","Flash of Steel","Gash","Sweeping Beam","Gash","Steam","Gash","Coolheaded+1","Steam+1","Skim+1","Gash","Gash","All For One","Madness+1","Coolheaded+1","Capacitor+1","FTL+1","Echo Form+1"],"special_seed":0,"relics":["FrozenCore","Bird Faced Urn","Mercury Hourglass","Empty Cage","Shuriken","Anchor","PreservedInsect","WarpedTongs","The Courier","Turnip","Orichalcum","Thread and Needle","DataDisk","Centennial Puzzle","Red Mask","Pen Nib"],"potions_floor_usage":[14,14,18,22,22,22,22,33,36,42,47,50],"damage_taken":[{"damage":6.0,"enemies":"Cultist","floor":1.0,"turns":4.0},{"damage":8,"enemies":"Small Slimes","floor":3,"turns":3},{"damage":0,"enemies":"2 Louse","floor":4,"turns":3},{"damage":24,"enemies":"Lagavulin","floor":6,"turns":5},{"damage":4,"enemies":"Exordium Thugs","floor":8,"turns":4},{"damage":14,"enemies":"Red Slaver","floor":10,"turns":2},{"damage":1,"enemies":"Gremlin Gang","floor":14,"turns":2},{"damage":30,"enemies":"Slime Boss","floor":16,"turns":8},{"damage":23,"enemies":"2 Thieves","floor":18,"turns":3},{"damage":3,"enemies":"Shell Parasite","floor":20,"turns":4},{"damage":3,"enemies":"Centurion and Healer","floor":21,"turns":5},{"damage":3,"enemies":"Snake Plant","floor":22,"turns":4},{"damage":0,"enemies":"Gremlin Leader","floor":24,"turns":5},{"damage":30,"enemies":"Shelled Parasite and Fungi","floor":29,"turns":4},{"damage":20,"enemies":"Collector","floor":33,"turns":5},{"damage":0,"enemies":"3 Shapes","floor":35,"turns":4},{"damage":2,"enemies":"2 Orb Walkers","floor":36,"turns":3},{"damage":9,"enemies":"3 Darklings","floor":38,"turns":4},{"damage":0,"enemies":"Giant Head","floor":40,"turns":6},{"damage":0,"enemies":"Reptomancer","floor":42,"turns":2},{"damage":0,"enemies":"Nemesis","floor":44,"turns":3},{"damage":0,"enemies":"Sphere and 2 Shapes","floor":47,"turns":3},{"damage":26,"enemies":"Time Eater","floor":50,"turns":5}],"seed_played":"3888485448373120636","potions_obtained":[{"floor":3,"key":"EssenceOfSteel"},{"floor":4,"key":"EssenceOfSteel"},{"floor":14,"key":"Dexterity Potion"},{"floor":16,"key":"Poison Potion"},{"floor":20,"key":"EntropicBrew"},{"floor":24,"key":"Regen Potion"},{"floor":29,"key":"FearPotion"},{"floor":35,"key":"Explosive Potion"},{"floor":38,"key":"Poison Potion"},{"floor":44,"key":"Regen Potion"},{"floor":47,"key":"GamblersBrew"}],"is_trial":false,"path_per_floor":["M","?","M","M","?","E","R","M","T","M","R","$","?","M","R","B",null,"M","?","M","M","M","R","E","R","T","?","$","M","T","?","R","B",null,"M","?","?","M","$","E","R","E","T","E","R","?","M","T","R","B",null],"character_chosen":"DEFECT","items_purchased":["Gash","Capacitor"],"campfire_rested":2,"item_purchase_floors":[28,39],"current_hp_per_floor":[62,62,54,54,75,51,51,47,47,33,33,33,26,25,47,17,61,38,38,35,32,43,43,43,43,43,43,43,13,13,13,35,29,64,64,62,62,53,53,55,55,55,55,59,59,59,70,70,70,48],"gold":19,"neow_bonus":"REMOVE_TWO","is_prod":false,"is_daily":false,"chose_seed":false,"campfire_upgraded":7,"win_rate":0,"timestamp":1554393666,"path_taken":["M","?","?","M","?","E","R","M","T","M","R","$","?","?","R","BOSS","M","?","?","M","M","R","E","R","T","?","$","?","?","?","R","BOSS","M","?","?","M","$","E","R","E","T","E","R","?","M","?","R","BOSS"],"build_version":"2019-01-23","purchased_purges":3,"victory":true,"max_hp_per_floor":[75,75,75,75,75,75,75,75,75,75,75,75,75,75,75,75,75,75,75,75,75,75,75,75,75,75,75,75,75,75,75,75,75,75,75,75,75,75,75,75,75,75,75,75,75,75,75,75,75,75],"card_choices":[{"not_picked":["Conserve Battery","Skim"],"picked":"Steam","floor":1.0},{"not_picked":["Skim","Turbo"],"picked":"Sweeping Beam","floor":3},{"not_picked":["Turbo","Stack"],"picked":"Gash","floor":4},{"not_picked":["Lockon","Thunder Strike"],"picked":"Steam","floor":6},{"not_picked":["Skim","Turbo"],"picked":"Gash","floor":8},{"not_picked":["Sunder","Doom and Gloom","Barrage"],"picked":"SKIP","floor":10},{"not_picked":["Blizzard","Conserve Battery"],"picked":"Coolheaded","floor":14},{"not_picked":["Beam Cell","Go for the Eyes","Rip and Tear"],"picked":"SKIP","floor":18},{"not_picked":["Go for the Eyes","Amplify"],"picked":"Steam+1","floor":20},{"not_picked":["Coolheaded","Rebound"],"picked":"Skim","floor":21},{"not_picked":["Double Energy","Steam","Cold Snap+1"],"picked":"SKIP","floor":22},{"not_picked":["Glacier","Undo","Steam"],"picked":"SKIP","floor":24},{"not_picked":["Turbo","Tempest"],"picked":"Gash","floor":29},{"not_picked":["Rainbow","Seek"],"picked":"All For One","floor":33},{"not_picked":["Turbo+1","Fusion+1","Consume+1"],"picked":"SKIP","floor":35},{"not_picked":["Swift Strike","Thinking Ahead"],"picked":"Madness","floor":37},{"not_picked":["Compile Driver+1","Redo"],"picked":"Coolheaded+1","floor":38},{"not_picked":["Darkness+1","Rebound+1"],"picked":"FTL+1","floor":40},{"not_picked":["Chaos+1","Barrage"],"picked":"Echo Form","floor":42},{"not_picked":["Ball Lightning","Conserve Battery","Coolheaded+1"],"picked":"SKIP","floor":44},{"not_picked":["Doom and Gloom+1","Redo","Beam Cell"],"picked":"SKIP","floor":47}],"player_experience":143400,"relics_obtained":[{"floor":6,"key":"Bird Faced Urn"},{"floor":9,"key":"Mercury Hourglass"},{"floor":24,"key":"Anchor"},{"floor":26,"key":"PreservedInsect"},{"floor":30,"key":"The Courier"},{"floor":36,"key":"Turnip"},{"floor":40,"key":"Orichalcum"},{"floor":42,"key":"Thread and Needle"},{"floor":43,"key":"DataDisk"},{"floor":44,"key":"Centennial Puzzle"},{"floor":48,"key":"Pen Nib"}],"event_choices":[{"damage_healed":0,"gold_gain":0,"player_choice":"3 cards matched","damage_taken":0,"max_hp_gain":0,"max_hp_loss":0,"event_name":"Match and Keep!","floor":2,"gold_loss":0,"cards_obtained":["Flash of Steel","Gash","Zap"]},{"damage_healed":25,"gold_gain":0,"player_choice":"Banana","damage_taken":0,"max_hp_gain":0,"max_hp_loss":0,"event_name":"Big Fish","floor":5,"gold_loss":0},{"cards_removed":["Strike_B"],"damage_healed":0,"gold_gain":0,"player_choice":"Card Removal","damage_taken":7,"max_hp_gain":0,"max_hp_loss":0,"event_name":"Golden Wing","floor":13,"gold_loss":0},{"damage_healed":0,"gold_gain":0,"player_choice":"Gave Potion","damage_taken":0,"relics_obtained":["Shuriken"],"max_hp_gain":0,"max_hp_loss":0,"event_name":"WeMeetAgain","floor":19,"gold_loss":0},{"damage_healed":0,"gold_gain":0,"player_choice":"Rummage","damage_taken":0,"relics_obtained":["WarpedTongs"],"max_hp_gain":0,"max_hp_loss":0,"event_name":"Accursed Blacksmith","floor":27,"gold_loss":0,"cards_obtained":["Pain"]},{"cards_removed":["Zap"],"damage_healed":0,"gold_gain":0,"player_choice":"Gave Gold","damage_taken":0,"max_hp_gain":0,"max_hp_loss":0,"event_name":"Beggar","floor":31,"gold_loss":75},{"damage_healed":0,"gold_gain":0,"player_choice":"Fight","damage_taken":0,"max_hp_gain":0,"max_hp_loss":0,"event_name":"Mysterious Sphere","floor":36,"gold_loss":0},{"damage_healed":0,"gold_gain":0,"player_choice":"Memory 1","damage_taken":0,"max_hp_gain":0,"max_hp_loss":0,"event_name":"SensoryStone","floor":37,"gold_loss":0},{"damage_healed":0,"gold_gain":0,"player_choice":"Paid","damage_taken":0,"relics_obtained":["Red Mask"],"max_hp_gain":0,"max_hp_loss":0,"event_name":"Tomb of Lord Red Mask","floor":46,"gold_loss":159}],"is_beta":false,"boss_relics":[{"not_picked":["Orrery","Sozu"],"picked":"Empty Cage"},{"not_picked":["White Beast Statue","Astrolabe"],"picked":"FrozenCore"}],"items_purged_floors":[12,28,39],"is_endless":false,"potions_floor_spawned":[3,4,14,16,20,24,29,35,38,44,47],"ascension_level":10}