{"gold_per_floor":[118,128,138,138,67,94,94,129,129,141,141,151,151,1,1,100,100,110,110],"floor_reached":19,"playtime":1204,"items_purged":[],"score":299,"play_id":"2e2e4742-7d41-468b-ae1b-0f623e8a5037","local_time":"20190515013558","is_ascension_mode":true,"campfire_choices":[{"floor":7,"key":"REST"},{"floor":11,"key":"REST"},{"floor":15,"key":"REST"}],"neow_cost":"PERCENT_DAMAGE","seed_source_timestamp":129855299508188,"circlet_count":0,"master_deck":["AscendersBane","Strike_R","Strike_R+1","Defend_R","Defend_R","Defend_R","Bash","Pummel","Body Slam","Whirlwind","Carnage+1","True Grit","Armaments","Havoc","Carnage","Reaper","Power Through+1","Carnage+1","Rampage+1","Corruption"],"relics":["Burning Blood","Bottled Flame","Ancient Tea Set","Bottled Lightning","Oddly Smooth Stone","Astrolabe"],"potions_floor_usage":[8,16],"damage_taken":[{"damage":6,"enemies":"Jaw Worm","floor":1,"turns":5},{"damage":6,"enemies":"Cultist","floor":2,"turns":4},{"damage":10,"enemies":"2 Louse","floor":3,"turns":3},{"damage":45,"enemies":"3 Sentries","floor":6,"turns":11},{"damage":30,"enemies":"Gremlin Nob","floor":8,"turns":4},{"damage":15,"enemies":"Large Slime","floor":10,"turns":6},{"damage":2,"enemies":"3 Louse","floor":12,"turns":4},{"damage":46,"enemies":"Slime Boss","floor":16,"turns":13},{"damage":24,"enemies":"Chosen","floor":18,"turns":7},{"damage":64,"enemies":"Masked Bandits","floor":19,"turns":5}],"seed_played":"-2128183159186306294","potions_obtained":[{"floor":3,"key":"FearPotion"},{"floor":6,"key":"Ancient Potion"},{"floor":10,"key":"Poison Potion"},{"floor":12,"key":"Fire Potion"}],"is_trial":false,"path_per_floor":["?","$","?","?"],"character_chosen":"IRONCLAD","items_purchased":["Carnage","Oddly Smooth Stone"],"campfire_rested":3,"item_purchase_floors":[5,14],"current_hp_per_floor":[67,67,63,63,63,24,52,28,28,19,47,51,32,32,60,20,77,63,0],"gold":110,"neow_bonus":"TWENTY_PERCENT_HP_BONUS","is_prod":false,"is_daily":false,"chose_seed":false,"campfire_upgraded":0,"win_rate":0,"timestamp":1557898558,"path_taken":["M","M","M","?","?","E","R","E","T","M","R","M","?","$","R","BOSS","M","?"],"build_version":"2019-01-23","purchased_purges":0,"victory":false,"max_hp_per_floor":[96,96,96,96,96,96,96,96,96,96,96,96,96,96,96,96,96,96,96],"card_choices":[{"not_picked":["Sword Boomerang","Twin Strike"],"picked":"Pummel","floor":1},{"not_picked":["Anger","Fire Breathing"],"picked":"Body Slam","floor":2},{"not_picked":["Body Slam","Cleave"],"picked":"Whirlwind","floor":3},{"not_picked":["Pummel","Anger"],"picked":"True Grit","floor":6},{"not_picked":["Cleave","Wild Strike"],"picked":"Armaments","floor":8},{"not_picked":["Searing Blow","Thunderclap"],"picked":"Havoc","floor":10},{"not_picked":["Armaments","Cleave"],"picked":"Carnage","floor":12},{"not_picked":["Dark Embrace","Feed"],"picked":"Reaper","floor":16},{"not_picked":["Carnage","Cleave"],"picked":"Corruption","floor":18}],"player_experience":471143,"relics_obtained":[{"floor":6,"key":"Bottled Flame"},{"floor":8,"key":"Ancient Tea Set"},{"floor":9,"key":"Bottled Lightning"}],"event_choices":[{"cards_removed":["Strike_R"],"damage_healed":0,"gold_gain":0,"player_choice":"Purged","damage_taken":0,"max_hp_gain":0,"max_hp_loss":0,"event_name":"Purifier","floor":4,"gold_loss":0},{"damage_healed":0,"gold_gain":0,"player_choice":"Entered Light","damage_taken":19,"max_hp_gain":0,"max_hp_loss":0,"event_name":"Shining Light","floor":13,"gold_loss":0,"cards_upgraded":["Strike_R","Carnage"]},{"damage_healed":0,"gold_gain":0,"player_choice":"Fought Bandits","damage_taken":0,"max_hp_gain":0,"max_hp_loss":0,"event_name":"Masked Bandits","floor":19,"gold_loss":0}],"is_beta":false,"boss_relics":[{"not_picked":["Black Blood","Empty Cage"],"picked":"Astrolabe"}],"items_purged_floors":[],"is_endless":false,"potions_floor_spawned":[3,6,10,12],"killed_by":"Masked Bandits","ascension_level":11}