{"gold_per_floor":[116,192,206,206,223,257,273,273,273,24,52,67,98,111,111,111],"floor_reached":16,"playtime":907,"items_purged":[],"score":146,"play_id":"b09786bc-0f22-4c4d-a096-655b843c55b1","local_time":"20190115030951","is_ascension_mode":true,"campfire_choices":[{"data":"Armaments","floor":8,"key":"SMITH"},{"floor":15,"key":"REST"}],"neow_cost":"NONE","seed_source_timestamp":387179971879111,"circlet_count":0,"master_deck":["Strike_R","Strike_R","Strike_R","Strike_R","Strike_R","Defend_R","Defend_R","Defend_R","Defend_R","Bash","Clothesline","Dual Wield","Entrench","Metallicize","Armaments+1","Metallicize","Offering","Havoc","Pummel+1","Carnage+1"],"relics":["Burning Blood","Blood Vial","Oddly Smooth Stone","Membership Card","Molten Egg 2","Peace Pipe"],"potions_floor_usage":[6,13,14,16],"damage_taken":[{"damage":5,"enemies":"2 Louse","floor":1,"turns":3},{"damage":12,"enemies":"Jaw Worm","floor":3,"turns":5},{"damage":2,"enemies":"Cultist","floor":5,"turns":4},{"damage":32,"enemies":"Gremlin Nob","floor":6,"turns":5},{"damage":13,"enemies":"2 Fungi Beasts","floor":7,"turns":5},{"damage":32,"enemies":"3 Sentries","floor":11,"turns":14},{"damage":10,"enemies":"Blue Slaver","floor":12,"turns":5},{"damage":34,"enemies":"Gremlin Nob","floor":13,"turns":5},{"damage":2,"enemies":"Exordium Wildlife","floor":14,"turns":7},{"damage":57,"enemies":"Slime Boss","floor":16,"turns":9}],"seed_played":"4613157904678626692","potions_obtained":[{"floor":1,"key":"SkillPotion"},{"floor":5,"key":"Strength Potion"},{"floor":7,"key":"Energy Potion"},{"floor":11,"key":"Regen Potion"}],"is_trial":false,"path_per_floor":["M","?","M","?","M","E","M","R","T","$","E","M","E","M","R","B"],"character_chosen":"IRONCLAD","items_purchased":["Metallicize","Membership Card"],"campfire_rested":1,"item_purchase_floors":[10,10],"current_hp_per_floor":[80,80,74,79,83,57,52,52,52,52,28,26,12,18,43,0],"gold":111,"neow_bonus":"THREE_CARDS","is_prod":false,"is_daily":false,"chose_seed":false,"campfire_upgraded":1,"win_rate":0,"timestamp":1547539791,"path_taken":["M","?","M","?","M","E","?","R","T","$","E","M","E","?","R","BOSS"],"build_version":"2018-11-15","purchased_purges":0,"victory":false,"max_hp_per_floor":[80,80,80,85,85,85,85,85,85,85,85,85,85,85,85,85],"card_choices":[{"not_picked":["Disarm","Twin Strike"],"picked":"Clothesline","floor":0},{"not_picked":["Clothesline","Rupture"],"picked":"Dual Wield","floor":1},{"not_picked":["Dropkick","Twin Strike"],"picked":"Entrench","floor":3},{"not_picked":["Entrench","Bloodletting","Searing Blow"],"picked":"SKIP","floor":5},{"not_picked":["Intimidate","Blood for Blood"],"picked":"Metallicize","floor":6},{"not_picked":["Flex","Clash"],"picked":"Armaments","floor":7},{"not_picked":["Entrench","Reckless Charge"],"picked":"Offering","floor":11},{"not_picked":["Sword Boomerang+1","Combust"],"picked":"Havoc","floor":12},{"not_picked":["Fire Breathing","Rupture"],"picked":"Pummel+1","floor":13},{"not_picked":["Headbutt+1","Cleave+1"],"picked":"Carnage+1","floor":14}],"player_experience":151460,"relics_obtained":[{"floor":6,"key":"Blood Vial"},{"floor":9,"key":"Oddly Smooth Stone"},{"floor":11,"key":"Molten Egg 2"},{"floor":13,"key":"Peace Pipe"}],"event_choices":[{"damage_healed":0,"gold_gain":76,"player_choice":"Gained Gold","damage_taken":0,"max_hp_gain":0,"max_hp_loss":0,"event_name":"Golden Wing","floor":2,"gold_loss":0},{"damage_healed":0,"gold_gain":0,"player_choice":"Donut","damage_taken":0,"max_hp_gain":5,"max_hp_loss":0,"event_name":"Big Fish","floor":4,"gold_loss":0}],"is_beta":false,"boss_relics":[],"items_purged_floors":[],"is_endless":false,"potions_floor_spawned":[1,5,7,11],"killed_by":"Slime Boss","ascension_level":4}