{"gold_per_floor":[112,112,126,142,142,142,67,67,67,67,67,101,121,71,71,175,175,186,186,186,199,199,228,228,257,257,285,285,302,126,145,145,242,242,257,272,272,285,385,385,355,355,379,379,393,409,409,423,423,423],"floor_reached":51,"playtime":1611,"items_purged":["Strike_B","Rebound"],"score":768,"play_id":"fd61d5a5-5a75-480d-b3d5-5b571e714f55","local_time":"20190129102556","is_ascension_mode":true,"campfire_choices":[{"data":"Zap","floor":6.0,"key":"SMITH"},{"data":"Streamline","floor":8.0,"key":"SMITH"},{"data":"Dualcast","floor":11.0,"key":"SMITH"},{"floor":15.0,"key":"REST"},{"floor":24.0,"key":"REST"},{"floor":28.0,"key":"REST"},{"floor":32.0,"key":"REST"},{"data":"Defragment","floor":40.0,"key":"SMITH"},{"data":"Machine Learning","floor":42.0,"key":"SMITH"},{"data":"Capacitor","floor":44.0,"key":"SMITH"},{"floor":49,"key":"REST"}],"neow_cost":"PERCENT_DAMAGE","seed_source_timestamp":34459516372614,"circlet_count":0,"master_deck":["Defend_B","Defend_B","Defend_B","Zap+1","Dualcast+1","Coolheaded+1","Streamline+1","Gash","Gash","Electrodynamics","Cold Snap","Cold Snap","Glacier+1","Go for the Eyes","Capacitor+1","Gash","Undo","Machine Learning+1","Defragment+1","Parasite","Glacier"],"special_seed":0,"relics":["Cracked Core","Sundial","Bottled Flame","PreservedInsect","Black Star","Question Card","Happy Flower","Art of War","Mummified Hand","Pantograph","The Courier","Mercury Hourglass","Cursed Key","Gambling Chip","Centennial Puzzle"],"potions_floor_usage":[48,48,48,50,50,50],"damage_taken":[{"damage":0.0,"enemies":"2 Louse","floor":1.0,"turns":2.0},{"damage":8.0,"enemies":"Jaw Worm","floor":3.0,"turns":4.0},{"damage":0.0,"enemies":"Small Slimes","floor":4.0,"turns":3.0},{"damage":25.0,"enemies":"3 Sentries","floor":12.0,"turns":6.0},{"damage":9.0,"enemies":"Looter","floor":13.0,"turns":2.0},{"damage":7.0,"enemies":"Slime Boss","floor":16.0,"turns":7.0},{"damage":7.0,"enemies":"3 Byrds","floor":18.0,"turns":2.0},{"damage":16.0,"enemies":"2 Thieves","floor":21.0,"turns":2.0},{"damage":12.0,"enemies":"Gremlin Leader","floor":23.0,"turns":4.0},{"damage":25.0,"enemies":"Book of Stabbing","floor":25.0,"turns":4.0},{"damage":19.0,"enemies":"Gremlin Leader","floor":27.0,"turns":5.0},{"damage":1.0,"enemies":"Snake Plant","floor":29.0,"turns":3.0},{"damage":19.0,"enemies":"Snecko","floor":31.0,"turns":5.0},{"damage":20.0,"enemies":"Collector","floor":33.0,"turns":10.0},{"damage":27.0,"enemies":"3 Darklings","floor":35.0,"turns":3.0},{"damage":6.0,"enemies":"Orb Walker","floor":36.0,"turns":4.0},{"damage":12.0,"enemies":"4 Shapes","floor":38.0,"turns":6.0},{"damage":2.0,"enemies":"Mind Bloom Boss Battle","floor":39.0,"turns":7.0},{"damage":11.0,"enemies":"3 Darklings","floor":45.0,"turns":3.0},{"damage":14.0,"enemies":"Jaw Worm Horde","floor":46.0,"turns":6.0},{"damage":0,"enemies":"Sphere and 2 Shapes","floor":48,"turns":4},{"damage":16,"enemies":"Donu and Deca","floor":50,"turns":14}],"seed_played":"-411195055284443333","potions_obtained":[{"floor":1.0,"key":"EssenceOfSteel"},{"floor":3.0,"key":"FocusPotion"},{"floor":16.0,"key":"Strength Potion"},{"floor":21.0,"key":"Energy Potion"},{"floor":25.0,"key":"LiquidBronze"},{"floor":31.0,"key":"SkillPotion"},{"floor":33.0,"key":"Weak Potion"},{"floor":39.0,"key":"Ancient Potion"},{"floor":41.0,"key":"Poison Potion"},{"floor":41.0,"key":"EntropicBrew"}],"is_trial":false,"path_per_floor":["M","?","M","M","?","R","$","R","T","T","R","E","M","?","R","B",null,"M","?","?","M","?","E","R","E","T","E","R","M","$","M","R","B",null,"M","M","?","M","?","R","?","R","T","R","M","M","T","M","R","B",null],"character_chosen":"DEFECT","items_purchased":["Capacitor","Gash"],"campfire_rested":5,"item_purchase_floors":[30,30],"current_hp_per_floor":[54,54,46,46,71,71,71,71,71,71,71,46,37,37,59,52,75,68,68,68,52,52,40,62,37,37,18,40,39,39,20,42,47,75,48,42,42,30,53,53,53,53,53,53,42,28,28,28,50,59],"gold":423,"neow_bonus":"REMOVE_TWO","is_prod":false,"is_daily":false,"chose_seed":false,"campfire_upgraded":6,"win_rate":0,"timestamp":1548753956,"path_taken":["M","?","M","M","?","R","$","R","T","?","R","E","M","?","R","BOSS","M","?","?","M","?","E","R","E","T","E","R","M","$","M","R","BOSS","M","?","?","M","?","R","?","R","T","R","M","?","?","M","R","BOSS"],"build_version":"2019-01-23","purchased_purges":2,"victory":true,"max_hp_per_floor":[75,75,75,75,75,75,75,75,75,75,75,75,75,75,75,75,75,75,75,75,75,75,75,75,75,75,75,75,75,75,75,75,75,75,75,75,75,75,75,75,75,75,75,75,75,75,75,75,75,75],"card_choices":[{"not_picked":["Steam Power","White Noise"],"picked":"Coolheaded","floor":1.0},{"not_picked":["Turbo","Leap"],"picked":"Streamline","floor":3.0},{"not_picked":["Double Energy","Chill"],"picked":"Rebound","floor":4.0},{"not_picked":["BootSequence","Hologram"],"picked":"Gash","floor":12.0},{"not_picked":["Stack","Redo"],"picked":"Gash","floor":13.0},{"not_picked":["Hyperbeam","Meteor Strike"],"picked":"Electrodynamics","floor":16.0},{"not_picked":["Tempest+1","Static Discharge+1","Ball Lightning"],"picked":"SKIP","floor":18.0},{"not_picked":["Streamline+1","Conserve Battery","Skim"],"picked":"SKIP","floor":21.0},{"not_picked":["Electrodynamics","Double Energy"],"picked":"Cold Snap","floor":23.0},{"not_picked":["Rebound+1","Turbo","Scrape"],"picked":"Cold Snap","floor":25.0},{"not_picked":["Ball Lightning","Capacitor","Meteor Strike"],"picked":"Glacier+1","floor":27.0},{"not_picked":["Chaos","Darkness","Leap"],"picked":"Go for the Eyes","floor":29.0},{"not_picked":["Cold Snap+1","Gash","Sweeping Beam+1"],"picked":"Undo","floor":31.0},{"not_picked":["Electrodynamics","Biased Cognition","Multi-Cast"],"picked":"Machine Learning","floor":33.0},{"not_picked":["Turbo+1","Darkness","Self Repair"],"picked":"Defragment","floor":35.0},{"not_picked":["Consume","Heatsinks+1","Stack+1","Go for the Eyes"],"picked":"SKIP","floor":36.0},{"not_picked":["Go for the Eyes","Doom and Gloom","Storm+1","Rip and Tear"],"picked":"SKIP","floor":38.0},{"not_picked":["Cold Snap+1","Turbo","Leap+1","Reprogram+1"],"picked":"SKIP","floor":45.0},{"not_picked":["Reboot","Sweeping Beam","Genetic Algorithm","Compile Driver+1"],"picked":"SKIP","floor":46.0},{"not_picked":["Melter","Conserve Battery","Stack"],"picked":"Glacier","floor":48}],"player_experience":29377,"relics_obtained":[{"floor":9.0,"key":"Sundial"},{"floor":10.0,"key":"Bottled Flame"},{"floor":12.0,"key":"PreservedInsect"},{"floor":23.0,"key":"Question Card"},{"floor":23.0,"key":"Happy Flower"},{"floor":25.0,"key":"Art of War"},{"floor":25.0,"key":"Mummified Hand"},{"floor":26.0,"key":"Pantograph"},{"floor":27.0,"key":"The Courier"},{"floor":27.0,"key":"Mercury Hourglass"},{"floor":39.0,"key":"Gambling Chip"},{"floor":43.0,"key":"Centennial Puzzle"}],"event_choices":[{"cards_removed":["Defend_B"],"damage_healed":0.0,"max_hp_gain":0.0,"max_hp_loss":0.0,"gold_gain":0.0,"event_name":"Living Wall","player_choice":"Forget","floor":2.0,"gold_loss":0.0,"damage_taken":0.0},{"damage_healed":25.0,"max_hp_gain":0.0,"max_hp_loss":0.0,"gold_gain":0.0,"event_name":"Big Fish","player_choice":"Banana","floor":5.0,"gold_loss":0.0,"damage_taken":0.0},{"cards_removed":["Strike_B"],"damage_healed":0.0,"max_hp_gain":0.0,"max_hp_loss":0.0,"gold_gain":0.0,"event_name":"The Cleric","player_choice":"Card Removal","floor":14.0,"gold_loss":50.0,"damage_taken":0.0},{"damage_healed":0.0,"max_hp_gain":0.0,"max_hp_loss":0.0,"gold_gain":0.0,"event_name":"Vampires","player_choice":"Ignored","floor":19.0,"gold_loss":0.0,"damage_taken":0.0},{"damage_healed":0.0,"max_hp_gain":0.0,"max_hp_loss":0.0,"gold_gain":0.0,"event_name":"Ghosts","player_choice":"Ignored","floor":20.0,"gold_loss":0.0,"damage_taken":0.0},{"damage_healed":0.0,"max_hp_gain":0.0,"max_hp_loss":0.0,"gold_gain":0.0,"event_name":"Upgrade Shrine","player_choice":"Upgraded","floor":22.0,"gold_loss":0.0,"damage_taken":0.0,"cards_upgraded":["Coolheaded"]},{"damage_healed":0.0,"max_hp_gain":0.0,"max_hp_loss":0.0,"gold_gain":0.0,"event_name":"Tomb of Lord Red Mask","player_choice":"Ignored","floor":37.0,"gold_loss":0.0,"damage_taken":0.0},{"damage_healed":0.0,"max_hp_gain":0.0,"max_hp_loss":0.0,"gold_gain":0.0,"event_name":"MindBloom","player_choice":"Fight","floor":39.0,"gold_loss":0.0,"damage_taken":0.0},{"damage_healed":0.0,"max_hp_gain":0.0,"max_hp_loss":0.0,"gold_gain":0.0,"event_name":"The Woman in Blue","player_choice":"Bought 2 Potions","floor":41.0,"gold_loss":0.0,"damage_taken":0.0}],"is_beta":false,"boss_relics":[{"not_picked":["Astrolabe","Ectoplasm"],"picked":"Black Star"},{"not_picked":["Philosopher\u0027s Stone","White Beast Statue"],"picked":"Cursed Key"}],"items_purged_floors":[7,30],"is_endless":false,"potions_floor_spawned":[1,3,16,21,25,31,33,39,45,48],"ascension_level":2}