{"gold_per_floor":[119,138,152,164,164,202,202,223,250,288,307,307,341,416,416,540,540,555,571,455,545,561,596,611,611,635,635,289,325,325,349,349,349],"floor_reached":33,"playtime":3071,"items_purged":["Doubt","Shame"],"score":375,"play_id":"186f9601-e8e9-48b1-be45-4099e0b5b236","local_time":"20190226225707","is_ascension_mode":true,"campfire_choices":[{"floor":12,"key":"REST"},{"data":"Cleave","floor":15,"key":"SMITH"},{"floor":25,"key":"REST"},{"floor":27,"key":"REST"},{"data":"Rampage","floor":32,"key":"SMITH"}],"neow_cost":"NONE","seed_source_timestamp":50330753310933,"circlet_count":0,"master_deck":["Strike_R","Strike_R","Strike_R","Strike_R+1","Defend_R","Defend_R","Defend_R","Defend_R","Bash+1","Pommel Strike+1","Iron Wave","Rampage+1","Injury","Rampage","True Grit","Cleave+1","Injury","Rage+1","Burning Pact","Burning Pact","Dramatic Entrance"],"relics":["Burning Blood","Golden Idol","Shuriken","Orichalcum","Whetstone","Boot","Calling Bell","Anchor","Gremlin Horn","Du-Vu Doll","Centennial Puzzle","Pen Nib","Sundial"],"potions_floor_usage":[4,13,18,22,23,23,29,33],"damage_taken":[{"damage":0,"enemies":"Small Slimes","floor":1,"turns":4},{"damage":4,"enemies":"Jaw Worm","floor":2,"turns":4},{"damage":1,"enemies":"Cultist","floor":3,"turns":3},{"damage":16,"enemies":"Gremlin Gang","floor":4,"turns":4},{"damage":29,"enemies":"3 Sentries","floor":6,"turns":10},{"damage":1,"enemies":"2 Fungi Beasts","floor":8,"turns":3},{"damage":25,"enemies":"Lagavulin","floor":10,"turns":5},{"damage":0,"enemies":"Looter","floor":11,"turns":4},{"damage":9,"enemies":"Gremlin Nob","floor":13,"turns":4},{"damage":0,"enemies":"Slime Boss","floor":16,"turns":7},{"damage":5,"enemies":"2 Thieves","floor":18,"turns":4},{"damage":3,"enemies":"Chosen","floor":19,"turns":4},{"damage":16,"enemies":"Shelled Parasite and Fungi","floor":22,"turns":4},{"damage":40,"enemies":"Book of Stabbing","floor":23,"turns":6},{"damage":17,"enemies":"Cultist and Chosen","floor":24,"turns":5},{"damage":25,"enemies":"Gremlin Leader","floor":29,"turns":6},{"damage":11,"enemies":"3 Cultists","floor":31,"turns":5},{"damage":49,"enemies":"Automaton","floor":33,"turns":6}],"seed_played":"5420633960308802994","potions_obtained":[{"floor":1,"key":"Energy Potion"},{"floor":3,"key":"Fire Potion"},{"floor":11,"key":"Weak Potion"},{"floor":13,"key":"FearPotion"},{"floor":16,"key":"PowerPotion"},{"floor":22,"key":"SpeedPotion"},{"floor":23,"key":"LiquidBronze"},{"floor":24,"key":"BloodPotion"}],"is_trial":false,"path_per_floor":["M","M","M","M","?","E","?","M","T","E","M","R","E","?","R","B",null,"M","M","$","?","M","E","M","R","T","R","$","E","$","M","R","B"],"character_chosen":"IRONCLAD","items_purchased":["Burning Pact","Pen Nib","Dramatic Entrance"],"campfire_rested":3,"item_purchase_floors":[20,28,28],"current_hp_per_floor":[80,80,80,70,70,47,40,45,45,26,32,56,53,42,42,48,80,80,80,80,64,54,20,9,33,33,57,57,38,38,33,33,0],"gold":349,"neow_bonus":"UPGRADE_CARD","is_prod":false,"is_daily":false,"chose_seed":false,"campfire_upgraded":2,"win_rate":0,"timestamp":1551250627,"path_taken":["M","M","M","M","?","E","?","M","T","E","M","R","E","?","R","BOSS","M","M","$","?","M","E","?","R","T","R","$","E","$","M","R","BOSS"],"build_version":"2019-01-23","purchased_purges":2,"victory":false,"max_hp_per_floor":[80,80,80,80,80,80,80,80,80,80,80,80,80,80,80,80,80,80,80,80,80,80,80,80,80,80,80,80,80,80,80,80,80],"card_choices":[{"not_picked":["Flex","Anger"],"picked":"Pommel Strike","floor":1},{"not_picked":["True Grit","Headbutt"],"picked":"Iron Wave","floor":2},{"not_picked":["True Grit","Entrench","Barricade"],"picked":"SKIP","floor":3},{"not_picked":["Body Slam","Shrug It Off"],"picked":"Rampage","floor":4},{"not_picked":["Disarm","Dual Wield"],"picked":"Rampage","floor":6},{"not_picked":["Perfected Strike","Iron Wave"],"picked":"True Grit","floor":8},{"not_picked":["Clothesline","Perfected Strike","Double Tap"],"picked":"SKIP","floor":10},{"not_picked":["Blood for Blood","Combust"],"picked":"Cleave","floor":11},{"not_picked":["Body Slam","Feel No Pain","Carnage"],"picked":"SKIP","floor":13},{"not_picked":["Fire Breathing","Thunderclap"],"picked":"Rage+1","floor":18},{"not_picked":["Bloodletting","Iron Wave","Thunderclap"],"picked":"SKIP","floor":19},{"not_picked":["Pommel Strike","Combust+1","Shrug It Off"],"picked":"SKIP","floor":22},{"not_picked":["Thunderclap","Brutality"],"picked":"Burning Pact","floor":23},{"not_picked":["Body Slam+1","Searing Blow+1","Sword Boomerang"],"picked":"SKIP","floor":24},{"not_picked":["Thunderclap+1","Warcry","Intimidate"],"picked":"SKIP","floor":29},{"not_picked":["Perfected Strike","Anger","Disarm"],"picked":"SKIP","floor":31}],"player_experience":109864,"relics_obtained":[{"floor":6,"key":"Shuriken"},{"floor":9,"key":"Orichalcum"},{"floor":10,"key":"Whetstone"},{"floor":13,"key":"Boot"},{"floor":17,"key":"Anchor"},{"floor":17,"key":"Gremlin Horn"},{"floor":17,"key":"Du-Vu Doll"},{"floor":23,"key":"Centennial Puzzle"},{"floor":29,"key":"Sundial"}],"event_choices":[{"damage_healed":0,"gold_gain":0,"player_choice":"Take Wound","damage_taken":0,"relics_obtained":["Golden Idol"],"max_hp_gain":0,"max_hp_loss":0,"event_name":"Golden Idol","floor":5,"gold_loss":0,"cards_obtained":["Injury"]},{"cards_removed":["Strike_R"],"damage_healed":0,"gold_gain":0,"player_choice":"Card Removal","damage_taken":7,"max_hp_gain":0,"max_hp_loss":0,"event_name":"Golden Wing","floor":7,"gold_loss":0},{"damage_healed":0,"gold_gain":75,"player_choice":"Gather Gold","damage_taken":11,"max_hp_gain":0,"max_hp_loss":0,"event_name":"World of Goop","floor":14,"gold_loss":0},{"damage_healed":0,"gold_gain":90,"player_choice":"GOLD ","damage_taken":16,"max_hp_gain":0,"max_hp_loss":0,"event_name":"Knowing Skull","floor":21,"potions_obtained":[],"gold_loss":0,"cards_obtained":[]}],"is_beta":false,"boss_relics":[{"not_picked":["Orrery","Lizard Tail"],"picked":"Calling Bell"}],"items_purged_floors":[20,28],"is_endless":false,"potions_floor_spawned":[1,3,11,13,16,22,23,24],"killed_by":"Automaton","ascension_level":1}