{"gold_per_floor":[144,161,178,178,198,227,227,244,244,88,108,108,108,122,122,223,223,241,258,158,158,173,173,173,173],"floor_reached":25,"playtime":1815,"items_purged":["Strike_G","Decay"],"score":240,"play_id":"6fe9e1a5-8e36-4417-b7b3-6c360a073cc8","local_time":"20190216194506","is_ascension_mode":true,"campfire_choices":[{"floor":7,"key":"REST"},{"data":"Infinite Blades","floor":13,"key":"SMITH"},{"floor":15,"key":"REST"},{"floor":23,"key":"REST"}],"neow_cost":"NONE","seed_source_timestamp":176282507179863,"circlet_count":0,"master_deck":["Defend_G","Defend_G","Defend_G","Defend_G","Defend_G","Survivor","Neutralize","Blade Dance","Flying Knee","Blade Dance","Infinite Blades+1","Neutralize","Accuracy","Prepared","Infinite Blades","Predator","Choke","Malaise","Bite","Bite","Bite","Bite","Bite"],"relics":["Ring of the Snake","Tiny Chest","Mango","Regal Pillow","Runic Dome"],"potions_floor_usage":[22],"damage_taken":[{"damage":1,"enemies":"Jaw Worm","floor":1,"turns":6},{"damage":0,"enemies":"Cultist","floor":2,"turns":3},{"damage":0,"enemies":"Small Slimes","floor":3,"turns":5},{"damage":10,"enemies":"Exordium Thugs","floor":5,"turns":6},{"damage":30,"enemies":"Gremlin Nob","floor":6,"turns":5},{"damage":0,"enemies":"2 Fungi Beasts","floor":8,"turns":3},{"damage":4,"enemies":"Red Slaver","floor":11,"turns":3},{"damage":14,"enemies":"3 Louse","floor":14,"turns":3},{"damage":59,"enemies":"Hexaghost","floor":16,"turns":9},{"damage":32,"enemies":"2 Thieves","floor":18,"turns":4},{"damage":7,"enemies":"Chosen","floor":19,"turns":4},{"damage":12,"enemies":"Snecko","floor":22,"turns":4},{"damage":69,"enemies":"Slavers","floor":25,"turns":3}],"seed_played":"-4128764013205489025","potions_obtained":[{"floor":6,"key":"FairyPotion"},{"floor":8,"key":"Poison Potion"},{"floor":11,"key":"Fire Potion"},{"floor":14,"key":"Dexterity Potion"}],"is_trial":false,"path_per_floor":["M","M","M","?","M","E","R","M","T","$","M","?","R","M","R","B",null,"M","M","$","?","M","R","?","E"],"character_chosen":"THE_SILENT","items_purchased":["Infinite Blades"],"campfire_rested":3,"item_purchase_floors":[10],"current_hp_per_floor":[69,69,69,69,59,43,68,68,68,68,64,64,64,50,84,25,84,52,45,45,45,39,58,48,0],"gold":173,"neow_bonus":"RANDOM_COMMON_RELIC","is_prod":false,"is_daily":false,"chose_seed":false,"campfire_upgraded":1,"win_rate":0,"timestamp":1550375106,"path_taken":["M","M","M","?","M","E","R","?","T","$","M","?","R","M","R","BOSS","M","M","$","?","M","R","?","E"],"build_version":"2019-01-23","purchased_purges":2,"victory":false,"max_hp_per_floor":[70,70,70,70,70,84,84,84,84,84,84,84,84,84,84,84,84,84,84,84,58,58,58,63,63],"card_choices":[{"not_picked":["Dodge and Roll","Quick Slash"],"picked":"Blade Dance","floor":1},{"not_picked":["Bane","Catalyst"],"picked":"Flying Knee","floor":2},{"not_picked":["Noxious Fumes","Footwork"],"picked":"Blade Dance","floor":3},{"not_picked":["Masterful Stab","Blur"],"picked":"Accuracy","floor":5},{"not_picked":["Masterful Stab","Dagger Spray","Distraction"],"picked":"SKIP","floor":6},{"not_picked":["Bane","Dagger Throw"],"picked":"Prepared","floor":8},{"not_picked":["Cloak And Dagger","Dodge and Roll"],"picked":"Predator","floor":11},{"not_picked":["Venomology","Quick Slash"],"picked":"Choke","floor":14},{"not_picked":["After Image","Unload"],"picked":"Malaise","floor":16},{"not_picked":["Dagger Throw","Flying Knee+1","Slice"],"picked":"SKIP","floor":18},{"not_picked":["Acrobatics+1","Expertise+1","Sucker Punch"],"picked":"SKIP","floor":19},{"not_picked":["Cloak And Dagger+1","Underhanded Strike","Reflex"],"picked":"SKIP","floor":22}],"player_experience":36154,"relics_obtained":[{"floor":6,"key":"Mango"},{"floor":9,"key":"Regal Pillow"}],"event_choices":[{"damage_healed":0,"gold_gain":0,"player_choice":"2 cards matched","damage_taken":0,"max_hp_gain":0,"max_hp_loss":0,"event_name":"Match and Keep!","floor":4,"gold_loss":0,"cards_obtained":["Infinite Blades","Neutralize"]},{"damage_healed":0,"gold_gain":0,"player_choice":"Cursed","damage_taken":0,"max_hp_gain":0,"max_hp_loss":0,"event_name":"Wheel of Change","floor":12,"gold_loss":0,"cards_obtained":["Decay"]},{"damage_healed":0,"gold_gain":0,"player_choice":"Became a vampire","damage_taken":0,"max_hp_gain":0,"max_hp_loss":26,"event_name":"Vampires","floor":21,"gold_loss":0,"cards_obtained":["Bite","Bite","Bite","Bite","Bite"]},{"damage_healed":0,"gold_gain":0,"player_choice":"Shed Blood","damage_taken":15,"max_hp_gain":5,"max_hp_loss":0,"event_name":"Forgotten Altar","floor":24,"gold_loss":0}],"is_beta":false,"boss_relics":[{"not_picked":["Runic Pyramid","Velvet Choker"],"picked":"Runic Dome"}],"items_purged_floors":[10,20],"is_endless":false,"potions_floor_spawned":[6,8,11,14,19],"killed_by":"Slavers","ascension_level":1}