{"gold_per_floor":[109,126,152,29,29,29,61,61,85,50,0,13,13,37,37,162,162,182,182,182,198,98,98,122,122,201,76,107,120,138,208,208,332,332,355,373,373,93,93,93,131,131,131,155,108,127,127,35,35,35],"floor_reached":51,"playtime":1371,"items_purged":["Strike_R","Strike_R","Defend_R","Defend_R"],"score":766,"play_id":"06226b6d-05d2-4b22-af0b-bbe9874e5361","local_time":"20190529044505","is_ascension_mode":false,"campfire_choices":[{"data":"Juggernaut","floor":6,"key":"SMITH"},{"data":"Body Slam","floor":8,"key":"SMITH"},{"data":"Berserk","floor":15,"key":"SMITH"},{"data":"Metallicize","floor":23,"key":"SMITH"},{"data":"True Grit","floor":25,"key":"SMITH"},{"data":"Body Slam","floor":32,"key":"SMITH"},{"data":"True Grit","floor":40,"key":"SMITH"},{"data":"Evolve","floor":42,"key":"SMITH"},{"data":"Flash of Steel","floor":49,"key":"SMITH"}],"neow_cost":"TEN_PERCENT_HP_LOSS","seed_source_timestamp":148952193543285,"circlet_count":0,"master_deck":["Strike_R+1","Strike_R+1","Defend_R+1","Defend_R+1","Bash+1","Juggernaut+1","Body Slam+1","Shrug It Off+1","Berserk+1","Metallicize+1","Shrug It Off+1","Feed+1","Headbutt+1","Metallicize+1","True Grit+1","Body Slam+1","Rage+1","Shrug It Off+1","Power Through+1","Evolve+1","True Grit+1","True Grit+1","Body Slam+1","Flash of Steel+1"],"relics":["Burning Blood","Regal Pillow","Art of War","Whetstone","Golden Idol","Philosopher\u0027s Stone","Ornamental Fan","PreservedInsect","Pantograph","Busted Crown","Orichalcum","Pen Nib","Mark of the Bloom"],"potions_floor_usage":[16,16,28,33],"damage_taken":[{"damage":0,"enemies":"Cultist","floor":1,"turns":4},{"damage":0,"enemies":"2 Louse","floor":2,"turns":4},{"damage":25,"enemies":"Lagavulin","floor":7,"turns":8},{"damage":8,"enemies":"Jaw Worm","floor":12,"turns":2},{"damage":3,"enemies":"2 Fungi Beasts","floor":14,"turns":3},{"damage":0,"enemies":"The Guardian","floor":16,"turns":8},{"damage":9,"enemies":"Shell Parasite","floor":18,"turns":4},{"damage":21,"enemies":"Spheric Guardian","floor":21,"turns":4},{"damage":8,"enemies":"3 Cultists","floor":24,"turns":5},{"damage":25,"enemies":"Book of Stabbing","floor":28,"turns":5},{"damage":0,"enemies":"Chosen and Byrds","floor":29,"turns":5},{"damage":9,"enemies":"Sentry and Sphere","floor":30,"turns":4},{"damage":12,"enemies":"Champ","floor":33,"turns":8},{"damage":13,"enemies":"Orb Walker","floor":35,"turns":4},{"damage":13,"enemies":"3 Darklings","floor":36,"turns":6},{"damage":9,"enemies":"Giant Head","floor":41,"turns":7},{"damage":13,"enemies":"Spire Growth","floor":44,"turns":5},{"damage":0,"enemies":"Writhing Mass","floor":46,"turns":6},{"damage":47,"enemies":"Donu and Deca","floor":50,"turns":7}],"seed_played":"8815877708673357225","potions_obtained":[{"floor":1,"key":"Strength Potion"},{"floor":2,"key":"Fire Potion"},{"floor":14,"key":"Swift Potion"},{"floor":24,"key":"BloodPotion"},{"floor":29,"key":"SteroidPotion"},{"floor":30,"key":"PowerPotion"},{"floor":35,"key":"Weak Potion"}],"is_trial":false,"path_per_floor":["M","M","T","$","?","R","E","R","T","$","?","M","?","M","R","B",null,"M","?","?","M","$","R","M","R","T","$","E","M","M","T","R","B",null,"M","M","?","$","$","R","E","R","T","M","$","M","?","$","R","B",null],"character_chosen":"IRONCLAD","items_purchased":["Shrug It Off","Metallicize","Evolve","True Grit","True Grit","Flash of Steel"],"campfire_rested":0,"item_purchase_floors":[4,10,38,38,45,48],"current_hp_per_floor":[72,72,72,72,58,58,39,39,39,39,39,37,37,40,40,46,67,67,67,67,52,52,52,53,53,53,53,41,47,47,47,47,66,76,72,65,65,65,65,65,62,62,62,55,55,61,61,61,61,14],"gold":35,"neow_bonus":"THREE_RARE_CARDS","is_prod":false,"is_daily":false,"chose_seed":false,"campfire_upgraded":9,"win_rate":0,"timestamp":1559097905,"path_taken":["M","M","?","$","?","R","E","R","T","?","?","M","?","M","R","BOSS","M","?","?","M","$","R","M","R","T","$","E","M","?","?","R","BOSS","M","M","?","?","$","R","E","R","T","M","$","M","?","$","R","BOSS"],"build_version":"2019-01-23","purchased_purges":4,"victory":true,"max_hp_per_floor":[72,72,72,72,72,72,72,72,72,72,72,72,67,67,67,67,67,70,70,70,70,70,70,73,73,73,73,73,73,76,76,76,76,76,79,79,79,79,79,79,79,79,79,79,79,79,79,79,79,79],"card_choices":[{"not_picked":["Offering","Fiend Fire"],"picked":"Juggernaut","floor":0},{"not_picked":["Perfected Strike","Blood for Blood","Corruption"],"picked":"SKIP","floor":1},{"not_picked":["Clash","Sentinel"],"picked":"Body Slam","floor":2},{"not_picked":["Thunderclap","Twin Strike"],"picked":"Berserk","floor":7},{"not_picked":["Twin Strike","Armaments","Battle Trance"],"picked":"SKIP","floor":12},{"not_picked":["Fire Breathing","Feel No Pain"],"picked":"Shrug It Off","floor":14},{"not_picked":["Immolate","Impervious"],"picked":"Feed","floor":16},{"not_picked":["Reckless Charge","Anger"],"picked":"Headbutt","floor":18},{"not_picked":["Dropkick+1","Clothesline","Clash+1"],"picked":"SKIP","floor":21},{"not_picked":["Headbutt","Heavy Blade"],"picked":"True Grit","floor":24},{"not_picked":["Feel No Pain","Battle Trance"],"picked":"Body Slam","floor":28},{"not_picked":["Havoc","Seeing Red"],"picked":"Rage+1","floor":29},{"not_picked":["Armaments","Rupture"],"picked":"Shrug It Off","floor":30},{"not_picked":[],"picked":"Power Through+1","floor":35},{"not_picked":["Flex+1"],"picked":"SKIP","floor":36},{"not_picked":["Entrench"],"picked":"SKIP","floor":41},{"not_picked":["Battle Trance+1"],"picked":"SKIP","floor":44},{"not_picked":[],"picked":"Body Slam","floor":46}],"player_experience":266826,"relics_obtained":[{"floor":3,"key":"Regal Pillow"},{"floor":7,"key":"Art of War"},{"floor":9,"key":"Whetstone"},{"floor":26,"key":"Ornamental Fan"},{"floor":28,"key":"PreservedInsect"},{"floor":31,"key":"Pantograph"},{"floor":41,"key":"Orichalcum"},{"floor":43,"key":"Pen Nib"}],"event_choices":[{"damage_healed":0,"gold_gain":0,"player_choice":"Entered Light","damage_taken":14,"max_hp_gain":0,"max_hp_loss":0,"event_name":"Shining Light","floor":5,"gold_loss":0,"cards_upgraded":["Strike_R","Bash"]},{"cards_removed":["Strike_R"],"damage_healed":0,"gold_gain":0,"player_choice":"Card Removal","damage_taken":0,"max_hp_gain":0,"max_hp_loss":0,"event_name":"The Cleric","floor":11,"gold_loss":50},{"damage_healed":0,"gold_gain":0,"player_choice":"Lose Max HP","damage_taken":0,"relics_obtained":["Golden Idol"],"max_hp_gain":0,"max_hp_loss":5,"event_name":"Golden Idol","floor":13,"gold_loss":0},{"damage_healed":0,"gold_gain":0,"player_choice":"Ignored","damage_taken":0,"max_hp_gain":0,"max_hp_loss":0,"event_name":"Ghosts","floor":19,"gold_loss":0},{"damage_healed":0,"gold_gain":0,"player_choice":"Read","damage_taken":0,"max_hp_gain":0,"max_hp_loss":0,"event_name":"The Library","floor":20,"gold_loss":0,"cards_obtained":["Metallicize"]},{"damage_healed":0,"gold_gain":0,"player_choice":"Upgraded","damage_taken":0,"max_hp_gain":0,"max_hp_loss":0,"event_name":"Upgrade Shrine","floor":37,"gold_loss":0,"cards_upgraded":["Metallicize"]},{"damage_healed":0,"gold_gain":0,"player_choice":"Upgrade","damage_taken":0,"relics_obtained":["Mark of the Bloom"],"max_hp_gain":0,"max_hp_loss":0,"event_name":"MindBloom","floor":47,"gold_loss":0,"cards_upgraded":["Defend_R","Defend_R","Shrug It Off","Shrug It Off","Feed","Headbutt","Shrug It Off","True Grit","Body Slam"]}],"is_beta":false,"boss_relics":[{"not_picked":["Runic Dome","Fusion Hammer"],"picked":"Philosopher\u0027s Stone"},{"not_picked":["Pandora\u0027s Box","Eternal Feather"],"picked":"Busted Crown"}],"items_purged_floors":[4,22,27,38],"is_endless":false,"potions_floor_spawned":[1,2,14,24,29,30,35,41,46],"ascension_level":0}