{"gold_per_floor":[118,136,136,136,154,181,181,1,1,1,14,14,28,44,44,140,140,157],"floor_reached":18,"playtime":468,"items_purged":["Defend_B"],"score":164,"play_id":"7aa084af-78a3-4170-bd41-70b0ec29a8e3","local_time":"20190201144745","is_ascension_mode":false,"campfire_choices":[{"data":"Hologram","floor":7,"key":"SMITH"},{"data":"Zap","floor":10,"key":"SMITH"},{"floor":12,"key":"REST"},{"data":"Capacitor","floor":15,"key":"SMITH"}],"neow_cost":"PERCENT_DAMAGE","seed_source_timestamp":310539916892698,"circlet_count":0,"master_deck":["Strike_B","Defend_B","Zap","Dualcast","Cold Snap","Go for the Eyes","Zap+1","Hologram+1","Capacitor+1","FTL","Gash","Go for the Eyes","Core Surge","Seek","Chill"],"special_seed":0,"relics":["Cracked Core","Torii","StoneCalendar","Empty Cage"],"potions_floor_usage":[6],"damage_taken":[{"damage":1.0,"enemies":"Cultist","floor":1.0,"turns":3.0},{"damage":0.0,"enemies":"Jaw Worm","floor":2.0,"turns":4.0},{"damage":4,"enemies":"2 Louse","floor":5,"turns":2},{"damage":11,"enemies":"3 Sentries","floor":6,"turns":7},{"damage":2,"enemies":"Lots of Slimes","floor":11,"turns":3},{"damage":1,"enemies":"Looter","floor":13,"turns":2},{"damage":1,"enemies":"Exordium Thugs","floor":14,"turns":3},{"damage":3,"enemies":"Hexaghost","floor":16,"turns":9},{"damage":3,"enemies":"Shell Parasite","floor":18,"turns":5}],"seed_played":"-1141082993037420695","potions_obtained":[{"floor":2.0,"key":"FocusPotion"},{"floor":11,"key":"Fire Potion"},{"floor":13,"key":"AttackPotion"},{"floor":14,"key":"Explosive Potion"}],"is_trial":false,"path_per_floor":["M","M","?","?","M","E","R","$","T","R","M","R","M","M","R","B",null,"M"],"character_chosen":"DEFECT","items_purchased":["Capacitor","FTL"],"campfire_rested":1,"item_purchase_floors":[8,8],"current_hp_per_floor":[53,53,46,46,42,31,31,31,31,31,29,51,50,49,49,46,75,72],"gold":157,"neow_bonus":"REMOVE_TWO","is_prod":false,"is_daily":false,"chose_seed":false,"campfire_upgraded":3,"win_rate":0,"timestamp":1549028865,"path_taken":["M","?","?","?","M","E","R","$","T","R","?","R","M","M","R","BOSS","M"],"build_version":"2019-01-23","purchased_purges":1,"victory":false,"max_hp_per_floor":[75,75,75,75,75,75,75,75,75,75,75,75,75,75,75,75,75,75],"card_choices":[{"not_picked":["Stack","Conserve Battery"],"picked":"Cold Snap","floor":1.0},{"not_picked":["Doom and Gloom","Tempest"],"picked":"Go for the Eyes","floor":2.0},{"not_picked":["Steam Power","Sunder","Chaos"],"picked":"SKIP","floor":5},{"not_picked":["Barrage","Loop"],"picked":"Hologram","floor":6},{"not_picked":["Coolheaded","Reprogram"],"picked":"Gash","floor":11},{"not_picked":["Stack","White Noise"],"picked":"Go for the Eyes","floor":13},{"not_picked":["Lockon","Stack"],"picked":"Core Surge","floor":14},{"not_picked":["Amplify","Reboot"],"picked":"Seek","floor":16},{"not_picked":["Reinforced Body","Beam Cell"],"picked":"Chill","floor":18}],"player_experience":55063,"relics_obtained":[{"floor":6,"key":"Torii"},{"floor":9,"key":"StoneCalendar"}],"event_choices":[{"cards_removed":["Strike_B"],"damage_healed":0.0,"max_hp_gain":0.0,"max_hp_loss":0.0,"gold_gain":0.0,"event_name":"Golden Wing","player_choice":"Card Removal","floor":3.0,"gold_loss":0.0,"damage_taken":7.0},{"damage_healed":0,"gold_gain":0,"player_choice":"1 cards matched","damage_taken":0,"max_hp_gain":0,"max_hp_loss":0,"event_name":"Match and Keep!","floor":4,"gold_loss":0,"cards_obtained":["Zap"]}],"is_beta":false,"boss_relics":[{"not_picked":["Calling Bell","Velvet Choker"],"picked":"Empty Cage"}],"items_purged_floors":[8],"is_endless":false,"potions_floor_spawned":[2,11,13,14],"killed_by":"Shell Parasite","ascension_level":0}