{"gold_per_floor":[116,126,126,301,325,325,325,361,361,174,274,295,295,310,310,403,403,419,223,322,343,343],"floor_reached":22,"playtime":455,"items_purged":["Doubt","Strike_B"],"score":304,"play_id":"d6a19dd2-5007-4e75-a3eb-9eb4771a29fb","local_time":"20190515151104","is_ascension_mode":true,"campfire_choices":[{"data":"Defragment","floor":6.0,"key":"SMITH"},{"floor":13,"key":"REST"},{"data":"Consume","floor":15,"key":"SMITH"}],"neow_cost":"NONE","seed_source_timestamp":16541453635049,"circlet_count":0,"master_deck":["AscendersBane","Strike_B","Strike_B","Strike_B","Defend_B","Defend_B","Defend_B","Defend_B","Zap+1","Dualcast","Conserve Battery","Self Repair","Defragment+1","Streamline","Consume+1","Capacitor","Ball Lightning","Machine Learning","Coolheaded","Cold Snap","Capacitor"],"special_seed":0,"relics":["Cracked Core","Golden Idol","Symbiotic Virus","Juzu Bracelet","Ancient Tea Set","Sozu"],"potions_floor_usage":[18],"damage_taken":[{"damage":1.0,"enemies":"Cultist","floor":1.0,"turns":4.0},{"damage":0.0,"enemies":"Small Slimes","floor":2.0,"turns":3.0},{"damage":2.0,"enemies":"Jaw Worm","floor":5.0,"turns":4.0},{"damage":47.0,"enemies":"Gremlin Nob","floor":8.0,"turns":5.0},{"damage":8,"enemies":"Blue Slaver","floor":12,"turns":3},{"damage":7,"enemies":"3 Louse","floor":14,"turns":3},{"damage":20,"enemies":"Hexaghost","floor":16,"turns":6},{"damage":39,"enemies":"3 Byrds","floor":18,"turns":4},{"damage":14,"enemies":"Spheric Guardian","floor":21,"turns":4},{"damage":21,"enemies":"Shelled Parasite and Fungi","floor":22,"turns":2}],"seed_played":"2510889299277534281","potions_obtained":[{"floor":5.0,"key":"FocusPotion"},{"floor":14,"key":"Explosive Potion"},{"floor":16,"key":"Strength Potion"}],"is_trial":false,"path_per_floor":["M","M","?","?","M","R","T","E","T","$","?","M","R","M","R","B",null,"M","$","?","M","M"],"character_chosen":"DEFECT","items_purchased":["Consume","Capacitor","Coolheaded","Cold Snap"],"campfire_rested":1,"item_purchase_floors":[10,10,19,19],"current_hp_per_floor":[67,67,49,49,54,54,54,14,14,14,14,13,35,35,35,22,62,23,23,23,16,0],"gold":343,"neow_bonus":"UPGRADE_CARD","is_prod":false,"is_daily":false,"chose_seed":false,"campfire_upgraded":2,"win_rate":0,"timestamp":1557925864,"path_taken":["M","?","?","?","M","R","?","E","T","$","?","M","R","M","R","BOSS","M","$","?","M","M"],"build_version":"2019-01-23","purchased_purges":2,"victory":false,"max_hp_per_floor":[75,75,75,75,75,75,75,75,75,75,75,75,75,75,75,75,75,75,75,75,75,75],"card_choices":[{"not_picked":["Compile Driver","Force Field"],"picked":"Conserve Battery","floor":1.0},{"not_picked":["Rebound","Barrage"],"picked":"Self Repair","floor":2.0},{"not_picked":["Chill","Lockon"],"picked":"Defragment","floor":5.0},{"not_picked":["Rebound","Rip and Tear"],"picked":"Streamline","floor":8.0},{"not_picked":["Compile Driver","Rip and Tear","Chill"],"picked":"SKIP","floor":12},{"not_picked":["Amplify","Go for the Eyes"],"picked":"Ball Lightning","floor":14},{"not_picked":["All For One","Thunder Strike"],"picked":"Machine Learning","floor":16},{"not_picked":["BootSequence","Compile Driver","Rip and Tear"],"picked":"SKIP","floor":18},{"not_picked":["Conserve Battery","Melter"],"picked":"Capacitor","floor":21}],"player_experience":213612,"relics_obtained":[{"floor":7.0,"key":"Symbiotic Virus"},{"floor":8.0,"key":"Juzu Bracelet"},{"floor":9.0,"key":"Ancient Tea Set"}],"event_choices":[{"damage_healed":0.0,"max_hp_gain":0.0,"max_hp_loss":0.0,"gold_gain":0.0,"event_name":"Golden Idol","player_choice":"Take Damage","floor":3.0,"gold_loss":0.0,"damage_taken":18.0,"relics_obtained":["Golden Idol"]},{"damage_healed":0.0,"max_hp_gain":0.0,"max_hp_loss":0.0,"gold_gain":175.0,"event_name":"Liars Game","player_choice":"AGREE","floor":4.0,"gold_loss":0.0,"damage_taken":0.0,"cards_obtained":["Doubt"]},{"damage_healed":0.0,"max_hp_gain":0.0,"max_hp_loss":0.0,"gold_gain":100.0,"event_name":"Golden Shrine","player_choice":"Pray","floor":11.0,"gold_loss":0.0,"damage_taken":0.0},{"damage_healed":0,"gold_gain":99,"player_choice":"Stole From Cult","damage_taken":0,"max_hp_gain":0,"max_hp_loss":0,"event_name":"Nest","floor":20,"gold_loss":0}],"is_beta":false,"boss_relics":[{"not_picked":["Fusion Hammer","Black Star"],"picked":"Sozu"}],"items_purged_floors":[10,19],"is_endless":false,"potions_floor_spawned":[5,14,16,18],"killed_by":"Shelled Parasite and Fungi","ascension_level":13}