{"gold_per_floor":[114,126,126,126,139,169,169,194,218,218,235,253,263,292,292,395,395,408,333,333,1,1,1,34,34,34,62,72,97,109,121,133,246,258,284,296,323,49,68,103,103,129,200,160,180,15,15,15],"floor_reached":48,"playtime":4914,"items_purged":["Strike_B","Defend_B"],"score":730,"play_id":"fff1b3ec-3a15-4977-9f8b-c5e0b04e7687","local_time":"20190506020843","is_ascension_mode":true,"campfire_choices":[{"data":"Zap","floor":7,"key":"SMITH"},{"data":"Sunder","floor":10,"key":"SMITH"},{"floor":15,"key":"REST"},{"data":"Defragment","floor":23,"key":"SMITH"},{"floor":25,"key":"REST"},{"data":"Defragment","floor":30,"key":"SMITH"},{"data":"Fission","floor":32,"key":"SMITH"},{"floor":41,"key":"RECALL"}],"neow_cost":"NONE","seed_source_timestamp":4099088415257582,"circlet_count":0,"master_deck":["Defend_B","Defend_B","Defend_B","Zap+1","Dualcast","Ball Lightning","Reinforced Body","Cold Snap","Conserve Battery","Sunder+1","Chaos+1","BootSequence","Conserve Battery","Coolheaded","Fission+1","Undo+1","Necronomicurse","Defragment+1","Defragment+1","Coolheaded","Loop+1","Creative AI","Biased Cognition","Compile Driver+1","Storm","Coolheaded+1","Defragment","Seek","Cold Snap","Lockon+1","Amplify","Go for the Eyes+1","Blizzard","Capacitor","Loop","Madness","Madness"],"relics":["Cracked Core","Pen Nib","Regal Pillow","Bag of Preparation","Potion Belt","Black Star","Necronomicon","Kunai","Vajra","Smiling Mask","Happy Flower","Blood Vial","Omamori","Meat on the Bone","MawBank","Sozu","Juzu Bracelet","Pantograph","The Courier","Unceasing Top"],"potions_floor_usage":[6,6,14,27,27,48],"damage_taken":[{"damage":8,"enemies":"2 Louse","floor":1,"turns":3},{"damage":0,"enemies":"Small Slimes","floor":2,"turns":2},{"damage":0,"enemies":"Cultist","floor":5,"turns":3},{"damage":5,"enemies":"3 Sentries","floor":6,"turns":8},{"damage":10,"enemies":"Lagavulin","floor":8,"turns":6},{"damage":0,"enemies":"3 Louse","floor":11,"turns":3},{"damage":1,"enemies":"Looter","floor":12,"turns":3},{"damage":1,"enemies":"Blue Slaver","floor":13,"turns":3},{"damage":12,"enemies":"Gremlin Nob","floor":14,"turns":4},{"damage":20,"enemies":"Hexaghost","floor":16,"turns":9},{"damage":0,"enemies":"Chosen","floor":18,"turns":4},{"damage":26,"enemies":"Book of Stabbing","floor":24,"turns":10},{"damage":6,"enemies":"Gremlin Leader","floor":27,"turns":10},{"damage":0,"enemies":"3 Byrds","floor":28,"turns":3},{"damage":2,"enemies":"Slavers","floor":29,"turns":7},{"damage":14,"enemies":"Automaton","floor":33,"turns":11},{"damage":0,"enemies":"3 Darklings","floor":35,"turns":6},{"damage":0,"enemies":"3 Shapes","floor":37,"turns":5},{"damage":34,"enemies":"Transient","floor":39,"turns":5},{"damage":11,"enemies":"Giant Head","floor":40,"turns":9},{"damage":25,"enemies":"Reptomancer","floor":42,"turns":7},{"damage":23,"enemies":"Spire Growth","floor":45,"turns":14},{"damage":29,"enemies":"2 Orb Walkers","floor":48,"turns":3}],"seed_played":"-783670164941954309","potions_obtained":[{"floor":1,"key":"SkillPotion"},{"floor":2,"key":"SkillPotion"},{"floor":12,"key":"AttackPotion"},{"floor":16,"key":"SpeedPotion"},{"floor":24,"key":"EssenceOfSteel"},{"floor":28,"key":"Poison Potion"},{"floor":29,"key":"SkillPotion"},{"floor":33,"key":"Dexterity Potion"}],"is_trial":false,"path_per_floor":["?","?","M","?","?","?","$","?","?","$","?","?"],"character_chosen":"DEFECT","items_purchased":["Defragment","Kunai","Defragment","Seek","Cold Snap","Capacitor","Loop"],"campfire_rested":2,"item_purchase_floors":[21,21,38,38,38,46,46],"current_hp_per_floor":[74,74,67,67,67,62,62,52,52,52,52,51,50,38,77,57,76,76,76,60,60,60,60,34,73,73,67,69,69,69,69,69,57,76,78,78,80,80,48,51,51,40,40,40,31,31,21,0],"gold":15,"neow_bonus":"TEN_PERCENT_HP_BONUS","is_prod":false,"is_daily":false,"chose_seed":false,"campfire_upgraded":5,"win_rate":0,"timestamp":1557122923,"path_taken":["M","M","?","?","M","E","R","E","T","R","M","?","M","E","R","BOSS","M","?","?","$","?","R","E","R","T","E","M","E","R","?","R","BOSS","M","?","M","$","M","E","R","E","T","?","M","?","?","?"],"build_version":"2019-01-23","purchased_purges":2,"victory":false,"max_hp_per_floor":[82,82,82,82,82,82,82,82,82,82,82,82,82,82,82,82,82,82,82,82,82,82,82,82,82,82,82,82,82,82,82,82,82,82,82,82,82,82,82,82,82,82,82,82,82,82,82,82],"card_choices":[{"not_picked":["Doom and Gloom","Barrage"],"picked":"Ball Lightning","floor":1},{"not_picked":["Hologram","Conserve Battery"],"picked":"Reinforced Body","floor":2},{"not_picked":["Stack","Compile Driver"],"picked":"Cold Snap","floor":5},{"not_picked":["Turbo","Redo"],"picked":"Conserve Battery","floor":6},{"not_picked":["Sweeping Beam","Melter"],"picked":"Sunder","floor":8},{"not_picked":["Thunder Strike","Stack"],"picked":"Chaos","floor":11},{"not_picked":["Double Energy","Conserve Battery"],"picked":"BootSequence","floor":12},{"not_picked":["Beam Cell","Stack"],"picked":"Conserve Battery","floor":13},{"not_picked":["Fusion","Rip and Tear"],"picked":"Coolheaded","floor":14},{"not_picked":["Multi-Cast","All For One"],"picked":"Fission","floor":16},{"not_picked":["Doom and Gloom","Gash"],"picked":"Undo+1","floor":18},{"not_picked":["FTL","Go for the Eyes+1"],"picked":"Coolheaded","floor":24},{"not_picked":["Gash","Beam Cell"],"picked":"Loop+1","floor":27},{"not_picked":["Barrage","Compile Driver"],"picked":"Creative AI","floor":28},{"not_picked":["Steam","Barrage","Storm"],"picked":"SKIP","floor":29},{"not_picked":["Rainbow","Core Surge"],"picked":"Biased Cognition","floor":33},{"not_picked":["Go for the Eyes","Rebound"],"picked":"Compile Driver+1","floor":35},{"not_picked":["Leap","Undo+1"],"picked":"Coolheaded+1","floor":37},{"not_picked":["Doom and Gloom+1","Gash"],"picked":"Lockon+1","floor":39},{"not_picked":["Cold Snap","Rebound"],"picked":"Amplify","floor":40},{"not_picked":["Sweeping Beam+1","Coolheaded"],"picked":"Go for the Eyes+1","floor":42},{"not_picked":["Rebound+1","Ball Lightning"],"picked":"Blizzard","floor":45}],"player_experience":269574,"relics_obtained":[{"floor":6,"key":"Pen Nib"},{"floor":8,"key":"Regal Pillow"},{"floor":9,"key":"Bag of Preparation"},{"floor":14,"key":"Potion Belt"},{"floor":20,"key":"Necronomicon"},{"floor":24,"key":"Vajra"},{"floor":24,"key":"Smiling Mask"},{"floor":26,"key":"Happy Flower"},{"floor":27,"key":"Blood Vial"},{"floor":27,"key":"Omamori"},{"floor":29,"key":"Meat on the Bone"},{"floor":29,"key":"MawBank"},{"floor":40,"key":"Juzu Bracelet"},{"floor":40,"key":"Pantograph"},{"floor":42,"key":"The Courier"},{"floor":42,"key":"Unceasing Top"}],"event_choices":[{"cards_removed":["Strike_B"],"damage_healed":0,"gold_gain":0,"player_choice":"Card Removal","damage_taken":7,"max_hp_gain":0,"max_hp_loss":0,"event_name":"Golden Wing","floor":3,"gold_loss":0},{"damage_healed":0,"gold_gain":0,"player_choice":"Bought 0 Potions","damage_taken":0,"max_hp_gain":0,"max_hp_loss":0,"event_name":"The Woman in Blue","floor":4,"gold_loss":0},{"cards_removed":["Strike_B"],"damage_healed":0,"gold_gain":0,"player_choice":"Gave Gold","damage_taken":0,"max_hp_gain":0,"max_hp_loss":0,"event_name":"Beggar","floor":19,"gold_loss":75},{"damage_healed":0,"gold_gain":0,"player_choice":"Obtained Book","damage_taken":16,"max_hp_gain":0,"max_hp_loss":0,"event_name":"Cursed Tome","floor":20,"gold_loss":0},{"damage_healed":0,"gold_gain":0,"player_choice":"Read","damage_taken":0,"max_hp_gain":0,"max_hp_loss":0,"event_name":"The Library","floor":22,"gold_loss":0,"cards_obtained":["Defragment"]},{"damage_healed":0,"gold_gain":0,"cards_transformed":["Strike_B"],"player_choice":"Transformed","damage_taken":0,"max_hp_gain":0,"max_hp_loss":0,"event_name":"Transmorgrifier","floor":36,"gold_loss":0,"cards_obtained":["Storm"]},{"damage_healed":0,"gold_gain":0,"player_choice":"Upgrade","damage_taken":0,"max_hp_gain":0,"max_hp_loss":0,"event_name":"Designer","floor":44,"gold_loss":40,"cards_upgraded":["Chaos"]},{"damage_healed":0,"gold_gain":0,"player_choice":"Embrace Madness","damage_taken":10,"max_hp_gain":0,"max_hp_loss":0,"event_name":"Winding Halls","floor":47,"gold_loss":0,"cards_obtained":["Madness","Madness"]},{"damage_healed":0,"gold_gain":0,"player_choice":"Fight","damage_taken":0,"max_hp_gain":0,"max_hp_loss":0,"event_name":"Mysterious Sphere","floor":48,"gold_loss":0}],"is_beta":false,"boss_relics":[{"not_picked":["Runic Dome","Tiny House"],"picked":"Black Star"},{"not_picked":["Nuclear Battery","Velvet Choker"],"picked":"Sozu"}],"items_purged_floors":[38,46],"is_endless":false,"potions_floor_spawned":[1,2,12,16,24,28,29,33,37,39,42],"killed_by":"2 Orb Walkers","ascension_level":5}