{"gold_per_floor":[361,361,511,103,119,119,163,175,265,291,5,21,21,65,65,158,158,171,191,14,33,33,76,76,99,124,124,124,124,124,143,143,234,234,258,274,607,607,621,621,641,641],"floor_reached":42,"playtime":1563,"items_purged":["Doubt","Strike_R","Strike_R"],"score":771,"play_id":"b698dfa9-eaa5-4a0d-8836-52eafe4c5a19","local_time":"20190524205000","is_ascension_mode":true,"campfire_choices":[{"data":"Uppercut","floor":6.0,"key":"SMITH"},{"data":"Rampage","floor":8.0,"key":"SMITH"},{"data":"Bash","floor":13.0,"key":"SMITH"},{"floor":15.0,"key":"REST"},{"floor":24.0,"key":"REST"},{"data":"Dropkick","floor":27.0,"key":"SMITH"},{"data":"Defend_R","floor":29.0,"key":"SMITH"},{"data":"Dropkick","floor":32.0,"key":"SMITH"},{"data":"Defend_R","floor":40.0,"key":"SMITH"}],"neow_cost":"TEN_PERCENT_HP_LOSS","seed_source_timestamp":364873750379509,"circlet_count":0,"master_deck":["AscendersBane","Defend_R+1","Defend_R+1","Defend_R+1","Bash+1","Rampage+1","Uppercut+1","Sword Boomerang","Dropkick+1","Dropkick+1","Shrug It Off+1","Double Tap+1","True Grit+1","Shrug It Off+1","Reaper","Decay","True Grit+1","Offering+1","Clash+1","Reckless Charge+1","Dual Wield+1"],"special_seed":0,"relics":["Burning Blood","Shuriken","MawBank","Toxic Egg 2","DollysMirror","Whetstone","Cursed Key","Boot","Oddly Smooth Stone","Enchiridion","Astrolabe","FaceOfCleric"],"potions_floor_usage":[],"damage_taken":[{"damage":14.0,"enemies":"Jaw Worm","floor":1.0,"turns":3.0},{"damage":0.0,"enemies":"Small Slimes","floor":5.0,"turns":3.0},{"damage":24.0,"enemies":"Gremlin Nob","floor":7.0,"turns":4.0},{"damage":5.0,"enemies":"2 Louse","floor":10.0,"turns":3.0},{"damage":4.0,"enemies":"Red Slaver","floor":12.0,"turns":2.0},{"damage":15.0,"enemies":"3 Sentries","floor":14.0,"turns":7.0},{"damage":30.0,"enemies":"The Guardian","floor":16.0,"turns":11.0},{"damage":18.0,"enemies":"Shell Parasite","floor":18.0,"turns":3.0},{"damage":0.0,"enemies":"3 Byrds","floor":19.0,"turns":4.0},{"damage":13.0,"enemies":"Snake Plant","floor":21.0,"turns":4.0},{"damage":25.0,"enemies":"Slavers","floor":23.0,"turns":7.0},{"damage":3.0,"enemies":"Centurion and Healer","floor":25.0,"turns":5.0},{"damage":9.0,"enemies":"Shelled Parasite and Fungi","floor":31.0,"turns":5.0},{"damage":23.0,"enemies":"Champ","floor":33.0,"turns":9.0},{"damage":6.0,"enemies":"Orb Walker","floor":35.0,"turns":3.0},{"damage":33.0,"enemies":"3 Darklings","floor":36.0,"turns":4.0},{"damage":18.0,"enemies":"Transient","floor":39.0,"turns":5.0},{"damage":61.0,"enemies":"4 Shapes","floor":41.0,"turns":5.0},{"damage":30,"enemies":"Giant Head","floor":42,"turns":6}],"seed_played":"-4916230509941391391","potions_obtained":[{"floor":1.0,"key":"FearPotion"},{"floor":10.0,"key":"Swift Potion"},{"floor":12.0,"key":"SkillPotion"},{"floor":19.0,"key":"Swift Potion"},{"floor":21.0,"key":"EssenceOfSteel"},{"floor":23.0,"key":"AttackPotion"},{"floor":25.0,"key":"Weak Potion"}],"is_trial":false,"path_per_floor":["M","?","?","$","M","R","E","R","T","M","$","M","R","E","R","B",null,"M","M","$","M","?","E","R","M","T","R","?","R","?","M","R","B",null,"M","M","?","?","M","R","M","E"],"character_chosen":"IRONCLAD","items_purchased":["Shuriken","Uppercut","DollysMirror","True Grit+1"],"campfire_rested":2,"item_purchase_floors":[4,4,11,20],"current_hp_per_floor":[60,37,37,37,43,43,25,25,25,26,26,28,28,19,39,15,55,43,49,49,42,42,23,43,46,46,46,46,46,25,31,31,25,57,68,41,41,41,40,40,21,0],"gold":641,"neow_bonus":"TWO_FIFTY_GOLD","is_prod":false,"is_daily":false,"chose_seed":false,"campfire_upgraded":7,"win_rate":0,"timestamp":1558723800,"path_taken":["M","?","?","$","M","R","E","R","T","M","$","M","R","E","R","BOSS","M","M","$","M","?","E","R","?","T","R","?","R","?","M","R","BOSS","M","M","?","?","M","R","?","E"],"build_version":"2019-01-23","purchased_purges":3,"victory":false,"max_hp_per_floor":[68,68,68,68,68,68,68,68,68,68,68,68,68,68,68,68,68,68,68,68,68,68,68,68,68,68,68,68,68,68,68,68,68,68,68,68,68,68,69,69,70,70],"card_choices":[{"not_picked":["Fire Breathing","Rupture"],"picked":"Rampage","floor":1.0},{"not_picked":["Intimidate","Sever Soul"],"picked":"Sword Boomerang","floor":5.0},{"not_picked":["Battle Trance","Blood for Blood","Flex"],"picked":"SKIP","floor":7.0},{"not_picked":["Armaments+1","Hemokinesis"],"picked":"Dropkick","floor":10.0},{"not_picked":["Wild Strike","Pommel Strike"],"picked":"Shrug It Off+1","floor":12.0},{"not_picked":["Fire Breathing","Warcry+1","Heavy Blade"],"picked":"SKIP","floor":14.0},{"not_picked":["Fiend Fire","Offering+1"],"picked":"Double Tap+1","floor":16.0},{"not_picked":["Twin Strike","Seeing Red+1","Evolve"],"picked":"SKIP","floor":18.0},{"not_picked":["Ghostly Armor+1","Clash","Carnage"],"picked":"SKIP","floor":19.0},{"not_picked":["Clothesline","Wild Strike"],"picked":"Shrug It Off+1","floor":21.0},{"not_picked":["Clash","Sentinel+1","Perfected Strike"],"picked":"SKIP","floor":23.0},{"not_picked":["Flex+1","Thunderclap","Hemokinesis"],"picked":"SKIP","floor":25.0},{"not_picked":["Perfected Strike","Iron Wave"],"picked":"True Grit+1","floor":31.0},{"not_picked":["Juggernaut","Feed"],"picked":"Offering+1","floor":33.0},{"not_picked":["Thunderclap","Headbutt","Clash"],"picked":"SKIP","floor":35.0},{"not_picked":["Clash","Wild Strike","Metallicize"],"picked":"SKIP","floor":36.0},{"not_picked":["Spot Weakness+1","Heavy Blade","Warcry+1"],"picked":"SKIP","floor":39.0},{"not_picked":["Clothesline","Seeing Red+1","Body Slam+1"],"picked":"SKIP","floor":41.0}],"player_experience":245336,"relics_obtained":[{"floor":7.0,"key":"MawBank"},{"floor":9.0,"key":"Toxic Egg 2"},{"floor":14.0,"key":"Whetstone"},{"floor":23.0,"key":"Boot"},{"floor":26.0,"key":"Oddly Smooth Stone"},{"floor":30.0,"key":"Enchiridion"}],"event_choices":[{"damage_healed":0.0,"max_hp_gain":0.0,"max_hp_loss":0.0,"gold_gain":0.0,"event_name":"Golden Idol","player_choice":"Take Damage","floor":2.0,"gold_loss":0.0,"damage_taken":23.0,"relics_obtained":["Golden Idol"]},{"damage_healed":0.0,"max_hp_gain":0.0,"max_hp_loss":0.0,"gold_gain":150.0,"event_name":"Liars Game","player_choice":"AGREE","floor":3.0,"gold_loss":0.0,"damage_taken":0.0,"cards_obtained":["Doubt"]},{"damage_healed":0.0,"max_hp_gain":0.0,"max_hp_loss":0.0,"gold_gain":0.0,"event_name":"Upgrade Shrine","player_choice":"Upgraded","floor":22.0,"gold_loss":0.0,"damage_taken":0.0,"cards_upgraded":["Defend_R"]},{"damage_healed":0.0,"max_hp_gain":0.0,"max_hp_loss":0.0,"gold_gain":0.0,"cards_transformed":["Strike_R","Regret"],"event_name":"Drug Dealer","player_choice":"Became Test Subject","floor":28.0,"gold_loss":0.0,"damage_taken":0.0,"cards_obtained":["Reaper","Decay"]},{"damage_healed":0.0,"max_hp_gain":0.0,"max_hp_loss":0.0,"gold_gain":0.0,"event_name":"Cursed Tome","player_choice":"Obtained Book","floor":30.0,"gold_loss":0.0,"damage_taken":21.0},{"damage_healed":0.0,"max_hp_gain":0.0,"max_hp_loss":0.0,"gold_gain":333.0,"event_name":"The Moai Head","player_choice":"Gave Idol","floor":37.0,"relics_lost":["Golden Idol"],"gold_loss":0.0,"damage_taken":0.0},{"damage_healed":0.0,"max_hp_gain":0.0,"max_hp_loss":0.0,"gold_gain":0.0,"event_name":"FaceTrader","player_choice":"Trade","floor":38.0,"gold_loss":0.0,"damage_taken":0.0,"relics_obtained":["FaceOfCleric"]}],"is_beta":false,"boss_relics":[{"not_picked":["Eternal Feather","Ectoplasm"],"picked":"Cursed Key"},{"not_picked":["Coffee Dripper","Calling Bell"],"picked":"Astrolabe"}],"items_purged_floors":[4,11,20],"is_endless":false,"potions_floor_spawned":[1,10,12,19,21,23,25],"killed_by":"Giant Head","ascension_level":15}