{"gold_per_floor":[110,120,120,140,90,117,117,42,42,56,122,37,37,47,47,144,144,160,180,196,213,132,166,182,210,258,258,258,258,277,310,310,408,408,418,434,152,167,178,178,278,308,335,354,354,369,381,312,312,312],"floor_reached":51,"playtime":4228,"items_purged":["Strike_G"],"score":746,"play_id":"a59e1309-f0b5-4f62-a610-0941b8b77af5","local_time":"20190531175513","is_ascension_mode":false,"campfire_choices":[{"floor":7,"key":"REST"},{"data":"Noxious Fumes","floor":13,"key":"SMITH"},{"data":"Venomology","floor":15,"key":"SMITH"},{"data":"Distraction","floor":27,"key":"SMITH"},{"data":"Dagger Spray","floor":29,"key":"SMITH"},{"data":"PiercingWail","floor":32,"key":"SMITH"},{"floor":40,"key":"REST"},{"floor":45,"key":"REST"},{"floor":49,"key":"REST"}],"neow_cost":"NONE","seed_source_timestamp":1162667680642420,"circlet_count":0,"master_deck":["Defend_G+1","Defend_G+1","Defend_G+1","Defend_G+1","Strike_G+1","Survivor+1","Neutralize+1","Dagger Spray+1","Cloak And Dagger","PiercingWail+1","Deadly Poison","Backstab","Noxious Fumes+1","Flying Knee","Venomology+1","A Thousand Cuts+1","Storm of Steel+1","Venomology+1","Distraction+1","Catalyst","Acrobatics+1","Dagger Spray+1","Escape Plan","Catalyst+1","Blur+1","Well Laid Plans+1","Cloak And Dagger+1","Catalyst+1","Glass Knife","Malaise+1","Noxious Fumes","Backflip+1","Footwork+1","Parasite","Night Terror+1"],"relics":["Ring of the Snake","Letter Opener","Pear","Astrolabe","Toxic Egg 2","Red Mask","Lantern","Ornamental Fan","Fusion Hammer","Bottled Lightning","Bag of Marbles","Bag of Preparation"],"potions_floor_usage":[16,16,18,18,19,19,19,20,20,20,20,23,24,24,25,25,25,25,30,30,31,31,33,33,33,33,35,36,39,39,42,44,44,46,46,46,47,50,50,50],"damage_taken":[{"damage":0,"enemies":"Small Slimes","floor":1,"turns":6},{"damage":0,"enemies":"Jaw Worm","floor":2,"turns":5},{"damage":0,"enemies":"Cultist","floor":4,"turns":3},{"damage":53,"enemies":"Gremlin Nob","floor":6,"turns":7},{"damage":0,"enemies":"Red Slaver","floor":10,"turns":4},{"damage":0,"enemies":"Blue Slaver","floor":14,"turns":4},{"damage":23,"enemies":"Slime Boss","floor":16,"turns":10},{"damage":0,"enemies":"3 Byrds","floor":18,"turns":2},{"damage":0,"enemies":"2 Thieves","floor":19,"turns":4},{"damage":13,"enemies":"Cultist and Chosen","floor":20,"turns":6},{"damage":0,"enemies":"3 Cultists","floor":21,"turns":4},{"damage":0,"enemies":"Gremlin Leader","floor":23,"turns":5},{"damage":10,"enemies":"Centurion and Healer","floor":24,"turns":5},{"damage":0,"enemies":"Masked Bandits","floor":25,"turns":2},{"damage":0,"enemies":"Cultist and Chosen","floor":30,"turns":4},{"damage":2,"enemies":"Book of Stabbing","floor":31,"turns":5},{"damage":8,"enemies":"Collector","floor":33,"turns":6},{"damage":1,"enemies":"Orb Walker","floor":35,"turns":2},{"damage":0,"enemies":"3 Darklings","floor":36,"turns":5},{"damage":0,"enemies":"Jaw Worm Horde","floor":38,"turns":3},{"damage":10,"enemies":"Spire Growth","floor":39,"turns":4},{"damage":48,"enemies":"Reptomancer","floor":42,"turns":6},{"damage":0,"enemies":"Writhing Mass","floor":44,"turns":3},{"damage":8,"enemies":"Transient","floor":46,"turns":5},{"damage":14,"enemies":"4 Shapes","floor":47,"turns":3},{"damage":33,"enemies":"Time Eater","floor":50,"turns":7}],"seed_played":"-5809984910061869226","potions_obtained":[{"floor":1,"key":"LiquidBronze"},{"floor":2,"key":"SkillPotion"},{"floor":16,"key":"Explosive Potion"},{"floor":18,"key":"EssenceOfSteel"},{"floor":30,"key":"Fire Potion"},{"floor":31,"key":"Strength Potion"},{"floor":38,"key":"SkillPotion"},{"floor":44,"key":"Block Potion"},{"floor":47,"key":"Ancient Potion"}],"is_trial":false,"path_per_floor":["M","M","?","M","?","E","R","$","T","M","?","$","R","M","R","B",null,"M","M","M","M","$","E","M","?","T","R","?","R","M","E","R","B",null,"M","M","$","M","M","R","?","E","T","M","R","M","M","$","R","B",null],"character_chosen":"THE_SILENT","items_purchased":["Noxious Fumes","Flying Knee","Escape Plan","Bottled Lightning","Noxious Fumes","Night Terror+1"],"campfire_rested":4,"item_purchase_floors":[12,12,22,37,37,48],"current_hp_per_floor":[70,70,56,56,56,3,24,24,34,34,34,34,34,34,34,11,80,80,80,67,67,67,67,57,57,57,57,57,57,57,55,55,62,80,79,79,79,79,69,80,80,32,32,32,56,48,34,34,58,34],"gold":312,"neow_bonus":"UPGRADE_CARD","is_prod":false,"is_daily":false,"chose_seed":false,"campfire_upgraded":5,"win_rate":0.0,"timestamp":1559346913,"path_taken":["M","M","?","M","?","E","R","$","T","M","?","$","R","M","R","BOSS","M","M","M","M","$","E","M","?","T","R","?","R","M","E","R","BOSS","M","M","$","M","M","R","?","E","T","M","R","M","?","$","R","BOSS"],"build_version":"2019-01-23","purchased_purges":1,"victory":true,"max_hp_per_floor":[70,70,70,70,70,70,70,70,80,80,80,80,80,80,80,80,80,80,80,80,80,80,80,80,80,80,80,80,80,80,80,80,80,80,80,80,80,80,80,80,80,80,80,80,80,80,80,80,80,80],"card_choices":[{"not_picked":["Slice","Catalyst"],"picked":"Dagger Spray","floor":1},{"not_picked":["Blade Dance","Dodge and Roll"],"picked":"Cloak And Dagger","floor":2},{"not_picked":["Underhanded Strike","Finisher"],"picked":"PiercingWail","floor":4},{"not_picked":["Reflex","Deflect"],"picked":"Deadly Poison","floor":6},{"not_picked":["Dash","Well Laid Plans"],"picked":"Backstab","floor":10},{"not_picked":["Prepared","Backflip"],"picked":"Venomology","floor":14},{"not_picked":["Dodge and Roll","Backstab"],"picked":"Distraction","floor":18},{"not_picked":["Blade Dance","Dodge and Roll+1"],"picked":"Catalyst","floor":19},{"not_picked":["Deflect","Prepared"],"picked":"Acrobatics+1","floor":20},{"not_picked":["Endless Agony","Catalyst"],"picked":"Dagger Spray+1","floor":21},{"not_picked":["Deflect+1","Choke+1"],"picked":"Catalyst+1","floor":23},{"not_picked":["Dodge and Roll+1","Slice"],"picked":"Blur+1","floor":24},{"not_picked":["PiercingWail+1","Crippling Poison+1"],"picked":"Well Laid Plans+1","floor":25},{"not_picked":["Phantasmal Killer+1","Dodge and Roll+1"],"picked":"Cloak And Dagger+1","floor":30},{"not_picked":["Quick Slash","Prepared+1"],"picked":"Catalyst+1","floor":31},{"not_picked":["Night Terror+1","Wraith Form v2"],"picked":"Glass Knife","floor":33},{"not_picked":["Bane","Dagger Spray+1","Acrobatics+1"],"picked":"SKIP","floor":35},{"not_picked":["Prepared+1","Poisoned Stab+1"],"picked":"Malaise+1","floor":36},{"not_picked":["Dash+1","Poisoned Stab"],"picked":"Backflip+1","floor":38},{"not_picked":["Underhanded Strike+1","Heel Hook+1","Dodge and Roll+1"],"picked":"SKIP","floor":39},{"not_picked":["PiercingWail+1","Distraction+1"],"picked":"Footwork+1","floor":42},{"not_picked":["Well Laid Plans+1","Deflect+1","Backstab"],"picked":"SKIP","floor":44},{"not_picked":["Tactician+1","Distraction+1","Underhanded Strike+1"],"picked":"SKIP","floor":46},{"not_picked":["Well Laid Plans+1","Backstab+1","Dagger Throw"],"picked":"SKIP","floor":47}],"player_experience":38740,"relics_obtained":[{"floor":6,"key":"Letter Opener"},{"floor":9,"key":"Pear"},{"floor":23,"key":"Toxic Egg 2"},{"floor":25,"key":"Red Mask"},{"floor":26,"key":"Lantern"},{"floor":31,"key":"Ornamental Fan"},{"floor":42,"key":"Bag of Marbles"},{"floor":43,"key":"Bag of Preparation"}],"event_choices":[{"damage_healed":0,"gold_gain":0,"player_choice":"Entered Light","damage_taken":14,"max_hp_gain":0,"max_hp_loss":0,"event_name":"Shining Light","floor":3,"gold_loss":0,"cards_upgraded":["Survivor","Strike_G"]},{"cards_removed":["Strike_G"],"damage_healed":0,"gold_gain":0,"player_choice":"Card Removal","damage_taken":0,"max_hp_gain":0,"max_hp_loss":0,"event_name":"The Cleric","floor":5,"gold_loss":50},{"damage_healed":0,"gold_gain":66,"player_choice":"Gained Gold","damage_taken":0,"max_hp_gain":0,"max_hp_loss":0,"event_name":"Golden Wing","floor":11,"gold_loss":0},{"damage_healed":0,"gold_gain":0,"player_choice":"Fought Bandits","damage_taken":0,"max_hp_gain":0,"max_hp_loss":0,"event_name":"Masked Bandits","floor":25,"gold_loss":0},{"damage_healed":0,"gold_gain":0,"player_choice":"Simplicity","damage_taken":0,"max_hp_gain":0,"max_hp_loss":0,"event_name":"Back to Basics","floor":28,"gold_loss":0,"cards_upgraded":["Defend_G","Defend_G","Defend_G","Defend_G"]},{"damage_healed":0,"gold_gain":100,"player_choice":"Pray","damage_taken":0,"max_hp_gain":0,"max_hp_loss":0,"event_name":"Golden Shrine","floor":41,"gold_loss":0}],"is_beta":false,"boss_relics":[{"not_picked":["Philosopher\u0027s Stone","Busted Crown"],"picked":"Astrolabe"},{"not_picked":["Pandora\u0027s Box","Velvet Choker"],"picked":"Fusion Hammer"}],"items_purged_floors":[8],"is_endless":false,"potions_floor_spawned":[1,2,16,18,24,30,31,38,44,47],"ascension_level":0}