{"gold_per_floor":[111,36,36,53,67,67,101,101,101,1,22,22,36,46,46,123,173,188,188,38,38,49,49],"floor_reached":23,"playtime":534,"items_purged":["Strike_B","Defend_B"],"score":359,"play_id":"493b30ac-d83a-491f-8bb9-fc0557ba5339","local_time":"20190529062623","is_ascension_mode":true,"campfire_choices":[{"data":"Capacitor","floor":6.0,"key":"SMITH"},{"data":"Dualcast","floor":8,"key":"SMITH"},{"data":"Cold Snap","floor":12,"key":"SMITH"},{"data":"Go for the Eyes","floor":15,"key":"SMITH"}],"neow_cost":"NONE","seed_source_timestamp":155854744146729,"circlet_count":0,"master_deck":["AscendersBane","Strike_B","Strike_B","Defend_B+1","Defend_B","Zap+1","Dualcast+1","Sunder+1","Glacier","Capacitor+1","Glacier","Cold Snap+1","Go for the Eyes+1","Gash","Echo Form","Machine Learning","Ball Lightning","Loop","Rip and Tear+1"],"special_seed":0,"relics":["Cracked Core","Anchor","Shuriken","Odd Mushroom","Tiny House"],"potions_floor_usage":[11,11,18,23,23],"damage_taken":[{"damage":1.0,"enemies":"2 Louse","floor":1.0,"turns":2.0},{"damage":1.0,"enemies":"Cultist","floor":4.0,"turns":3.0},{"damage":2.0,"enemies":"Small Slimes","floor":5.0,"turns":3.0},{"damage":2,"enemies":"3 Sentries","floor":7,"turns":7},{"damage":0,"enemies":"The Mushroom Lair","floor":11,"turns":3},{"damage":0,"enemies":"Looter","floor":13,"turns":4},{"damage":0,"enemies":"3 Louse","floor":14,"turns":2},{"damage":32,"enemies":"Hexaghost","floor":16,"turns":13},{"damage":33,"enemies":"Chosen","floor":18,"turns":6},{"damage":11,"enemies":"2 Thieves","floor":22,"turns":4},{"damage":28,"enemies":"Book of Stabbing","floor":23,"turns":4}],"seed_played":"-4921169080992444897","potions_obtained":[{"floor":5.0,"key":"Fire Potion"},{"floor":7,"key":"Fire Potion"},{"floor":14,"key":"SpeedPotion"},{"floor":17,"key":"Fruit Juice"},{"floor":22,"key":"Poison Potion"}],"is_trial":false,"path_per_floor":["M","$","?","M","M","R","E","R","T","$","?","R","M","M","R","B",null,"M","?","$","?","M","E"],"character_chosen":"DEFECT","items_purchased":["Machine Learning"],"campfire_rested":0,"item_purchase_floors":[20],"current_hp_per_floor":[63,63,63,62,60,60,58,58,58,58,58,58,58,58,58,26,65,37,37,37,37,26,0],"gold":49,"neow_bonus":"UPGRADE_CARD","is_prod":false,"is_daily":false,"chose_seed":false,"campfire_upgraded":4,"win_rate":0,"timestamp":1559103983,"path_taken":["M","$","?","?","M","R","E","R","T","?","?","R","M","M","R","BOSS","M","?","$","?","M","E"],"build_version":"2019-01-23","purchased_purges":2,"victory":false,"max_hp_per_floor":[71,71,71,71,71,71,71,71,71,71,71,71,71,71,71,71,76,81,81,81,81,81,81],"card_choices":[{"not_picked":["Coolheaded","Redo"],"picked":"Sunder","floor":1.0},{"not_picked":["Hologram","Static Discharge"],"picked":"Glacier","floor":4.0},{"not_picked":["Turbo","Go for the Eyes"],"picked":"Capacitor","floor":5.0},{"not_picked":["Amplify","Static Discharge"],"picked":"Glacier","floor":7},{"not_picked":["Leap","Aggregate"],"picked":"Cold Snap","floor":11},{"not_picked":["Skim","Steam"],"picked":"Go for the Eyes","floor":13},{"not_picked":["Doom and Gloom","Turbo"],"picked":"Gash","floor":14},{"not_picked":["Electrodynamics","Reboot"],"picked":"Echo Form","floor":16},{"not_picked":["Stack","Streamline","Lockon"],"picked":"SKIP","floor":18},{"not_picked":["Compile Driver+1","Sunder","Rip and Tear+1"],"picked":"SKIP","floor":22},{"not_picked":["Compile Driver+1","Sunder"],"picked":"Rip and Tear+1","floor":22}],"player_experience":269205,"relics_obtained":[{"floor":7,"key":"Anchor"},{"floor":9,"key":"Shuriken"},{"floor":11,"key":"Odd Mushroom"}],"event_choices":[{"damage_healed":0.0,"max_hp_gain":0.0,"max_hp_loss":0.0,"gold_gain":0.0,"event_name":"Upgrade Shrine","player_choice":"Upgraded","floor":3.0,"gold_loss":0.0,"damage_taken":0.0,"cards_upgraded":["Sunder"]},{"damage_healed":0,"gold_gain":0,"player_choice":"Fought Mushrooms","damage_taken":0,"max_hp_gain":0,"max_hp_loss":0,"event_name":"Mushrooms","floor":11,"gold_loss":0},{"damage_healed":0,"gold_gain":0,"player_choice":"Ignored","damage_taken":0,"max_hp_gain":0,"max_hp_loss":0,"event_name":"Cursed Tome","floor":19,"gold_loss":0},{"damage_healed":0,"gold_gain":0,"cards_transformed":["Strike_B","Defend_B"],"player_choice":"Became Test Subject","damage_taken":0,"max_hp_gain":0,"max_hp_loss":0,"event_name":"Drug Dealer","floor":21,"gold_loss":0,"cards_obtained":["Ball Lightning","Loop"]}],"is_beta":false,"boss_relics":[{"not_picked":["Fusion Hammer","Snecko Eye"],"picked":"Tiny House"}],"items_purged_floors":[2,10],"is_endless":false,"potions_floor_spawned":[5,7,14,22],"killed_by":"Book of Stabbing","ascension_level":18}