{"gold_per_floor":[115,126,201,376,376,376,404,404,452,480,160,177,203,217,217,313,313,327,327,347,16,34,34,62,75,75,75,75,88,88,88,88,190,190,204,204,52,52,64,64,93,106,131,156,156,182,182,182,182,182],"floor_reached":51,"playtime":1243,"items_purged":["Doubt","Strike_G"],"score":1023,"play_id":"a7c95d3b-cfb3-4609-bc8f-86dd7a3bf652","local_time":"20190201033407","is_ascension_mode":true,"campfire_choices":[{"data":"Dagger Spray","floor":6.0,"key":"SMITH"},{"data":"Deadly Poison","floor":15.0,"key":"SMITH"},{"floor":23.0,"key":"REST"},{"floor":27.0,"key":"REST"},{"floor":32,"key":"REST"},{"floor":40,"key":"REST"},{"floor":49,"key":"REST"}],"neow_cost":"NONE","seed_source_timestamp":269332753454316,"circlet_count":0,"master_deck":["Defend_G+1","Defend_G+1","Defend_G+1","Defend_G+1","Defend_G+1","Survivor","Neutralize","Dagger Spray+1","Bouncing Flask","Flash of Steel+1","Deadly Poison+1","Corpse Explosion","Dodge and Roll","Mayhem","Deadly Poison","Deadly Poison","Bite+1","Bite+1","Bite+1","Bite+1","Bite+1","Footwork","Envenom","Deadly Poison+1","Backflip+1","Finesse","Bandage Up","Secret Technique","Writhe"],"special_seed":0,"relics":["Ring of the Snake","NeowsBlessing","Molten Egg 2","Potion Belt","Art of War","Pen Nib","Bag of Marbles","Mercury Hourglass","Fusion Hammer","Anchor","Gremlin Horn","Juzu Bracelet","Velvet Choker","Snake Skull","Bag of Preparation","Ancient Tea Set","Bottled Lightning","Mummified Hand"],"potions_floor_usage":[29,29,33,33,33,33,33,39,46,46],"damage_taken":[{"damage":0.0,"enemies":"Jaw Worm","floor":1.0,"turns":1.0},{"damage":0.0,"enemies":"Small Slimes","floor":2.0,"turns":1.0},{"damage":0.0,"enemies":"Lagavulin","floor":7.0,"turns":1.0},{"damage":13.0,"enemies":"Gremlin Nob","floor":10.0,"turns":3.0},{"damage":0.0,"enemies":"2 Louse","floor":12.0,"turns":1.0},{"damage":8.0,"enemies":"Lagavulin","floor":13.0,"turns":5.0},{"damage":0.0,"enemies":"Looter","floor":14.0,"turns":3.0},{"damage":11.0,"enemies":"The Guardian","floor":16.0,"turns":8.0},{"damage":25.0,"enemies":"Spheric Guardian","floor":18.0,"turns":4.0},{"damage":0.0,"enemies":"3 Byrds","floor":20.0,"turns":2.0},{"damage":11.0,"enemies":"Snake Plant","floor":22.0,"turns":3.0},{"damage":29.0,"enemies":"Gremlin Leader","floor":24.0,"turns":5.0},{"damage":0.0,"enemies":"3 Cultists","floor":25.0,"turns":2.0},{"damage":16,"enemies":"Chosen and Byrds","floor":29,"turns":5},{"damage":44,"enemies":"Collector","floor":33,"turns":6},{"damage":7,"enemies":"3 Darklings","floor":35,"turns":3},{"damage":8,"enemies":"3 Shapes","floor":39,"turns":2},{"damage":22,"enemies":"Nemesis","floor":41,"turns":7},{"damage":2,"enemies":"Jaw Worm Horde","floor":42,"turns":2},{"damage":18,"enemies":"Reptomancer","floor":44,"turns":6},{"damage":39,"enemies":"Nemesis","floor":46,"turns":9},{"damage":64,"enemies":"Donu and Deca","floor":50,"turns":6}],"seed_played":"-6542621061622127857","potions_obtained":[{"floor":2.0,"key":"FearPotion"},{"floor":12.0,"key":"PowerPotion"},{"floor":14.0,"key":"GhostInAJar"},{"floor":18.0,"key":"Poison Potion"},{"floor":20.0,"key":"SteroidPotion"},{"floor":25.0,"key":"EntropicBrew"},{"floor":38,"key":"SteroidPotion"},{"floor":38,"key":"FairyPotion"},{"floor":38,"key":"Fruit Juice"},{"floor":39,"key":"PowerPotion"},{"floor":44,"key":"Block Potion"}],"is_trial":false,"path_per_floor":["M","M","?","?","?","R","E","T","T","E","$","M","E","M","R","B",null,"M","?","M","$","M","R","E","M","T","R","?","M","T","?","R","B",null,"M","?","$","?","M","R","E","M","T","E","?","E","?","?","R","B",null],"character_chosen":"THE_SILENT","items_purchased":["Flash of Steel+1","Bag of Marbles","Mayhem","Deadly Poison","Snake Skull"],"campfire_rested":5,"item_purchase_floors":[11,11,21,21,37],"current_hp_per_floor":[70,70,59,59,45,45,45,45,45,32,32,32,24,24,24,13,70,45,45,45,45,34,55,26,26,26,47,47,36,36,36,49,17,49,45,45,45,45,48,54,38,39,39,45,35,33,47,47,54,6],"gold":182,"neow_bonus":"THREE_ENEMY_KILL","is_prod":false,"is_daily":false,"chose_seed":false,"campfire_upgraded":2,"win_rate":0,"timestamp":1548988447,"path_taken":["M","M","?","?","?","R","E","?","T","E","$","M","E","M","R","BOSS","M","?","M","$","M","R","E","M","T","R","?","?","?","?","R","BOSS","M","?","$","?","M","R","E","M","T","E","?","E","?","?","R","BOSS"],"build_version":"2019-01-23","purchased_purges":2,"victory":true,"max_hp_per_floor":[70,70,70,70,70,70,70,70,70,70,70,70,70,70,70,70,70,70,70,70,70,70,70,70,70,70,70,49,49,49,49,49,49,49,49,49,49,49,54,54,54,54,54,54,54,54,54,54,54,54],"card_choices":[{"not_picked":["Sucker Punch","PiercingWail"],"picked":"Dagger Spray","floor":1.0},{"not_picked":["Outmaneuver","Bane","Blade Dance"],"picked":"SKIP","floor":2.0},{"not_picked":["Concentrate","Distraction"],"picked":"Bouncing Flask","floor":7.0},{"not_picked":["Well Laid Plans","Calculated Gamble","Bane+1"],"picked":"SKIP","floor":10.0},{"not_picked":["Bullet Time","Quick Slash+1","Underhanded Strike+1"],"picked":"SKIP","floor":12.0},{"not_picked":["Sucker Punch+1","Outmaneuver"],"picked":"Deadly Poison","floor":13.0},{"not_picked":["Infinite Blades","Well Laid Plans","Riddle With Holes+1"],"picked":"SKIP","floor":14.0},{"not_picked":["Die Die Die+1","Night Terror"],"picked":"Corpse Explosion","floor":16.0},{"not_picked":["Sucker Punch+1","Blade Dance+1","Bane+1"],"picked":"SKIP","floor":18.0},{"not_picked":["Dagger Throw+1","Skewer+1"],"picked":"Dodge and Roll","floor":20.0},{"not_picked":["Sucker Punch+1","Caltrops","Infinite Blades"],"picked":"SKIP","floor":22.0},{"not_picked":["Quick Slash+1","Cloak And Dagger","Flying Knee+1"],"picked":"SKIP","floor":24.0},{"not_picked":["Prepared","Bane+1"],"picked":"Deadly Poison","floor":25.0},{"not_picked":["Distraction","Burst"],"picked":"Footwork","floor":29},{"not_picked":["Night Terror","After Image"],"picked":"Envenom","floor":33},{"not_picked":["Backstab+1","Endless Agony+1"],"picked":"Deadly Poison+1","floor":35},{"not_picked":["Underhanded Strike+1","All Out Attack+1","PiercingWail"],"picked":"SKIP","floor":39},{"not_picked":["Dagger Throw+1","Distraction","Deflect+1"],"picked":"SKIP","floor":41},{"not_picked":["Endless Agony+1","Flying Knee+1","Underhanded Strike+1"],"picked":"SKIP","floor":42},{"not_picked":["Storm of Steel","Deadly Poison+1"],"picked":"Backflip+1","floor":44},{"not_picked":["Enlightenment","Bandage Up"],"picked":"Finesse","floor":45},{"not_picked":["Metamorphosis","Mind Blast+1"],"picked":"Bandage Up","floor":45},{"not_picked":["Mind Blast+1","Good Instincts"],"picked":"Secret Technique","floor":45},{"not_picked":["Underhanded Strike+1","Outmaneuver+1","Heel Hook+1"],"picked":"SKIP","floor":46}],"player_experience":48137,"relics_obtained":[{"floor":7.0,"key":"Molten Egg 2"},{"floor":8.0,"key":"Potion Belt"},{"floor":9.0,"key":"Art of War"},{"floor":10.0,"key":"Pen Nib"},{"floor":13.0,"key":"Mercury Hourglass"},{"floor":24.0,"key":"Anchor"},{"floor":26.0,"key":"Gremlin Horn"},{"floor":30,"key":"Juzu Bracelet"},{"floor":41,"key":"Bag of Preparation"},{"floor":43,"key":"Ancient Tea Set"},{"floor":44,"key":"Bottled Lightning"},{"floor":46,"key":"Mummified Hand"}],"event_choices":[{"damage_healed":0.0,"max_hp_gain":0.0,"max_hp_loss":0.0,"gold_gain":75.0,"event_name":"World of Goop","player_choice":"Gather Gold","floor":3.0,"gold_loss":0.0,"damage_taken":11.0},{"damage_healed":0.0,"max_hp_gain":0.0,"max_hp_loss":0.0,"gold_gain":175.0,"event_name":"Liars Game","player_choice":"AGREE","floor":4.0,"gold_loss":0.0,"damage_taken":0.0,"cards_obtained":["Doubt"]},{"damage_healed":0.0,"max_hp_gain":0.0,"max_hp_loss":0.0,"gold_gain":0.0,"event_name":"Shining Light","player_choice":"Entered Light","floor":5.0,"gold_loss":0.0,"damage_taken":14.0,"cards_upgraded":["Strike_G","Strike_G"]},{"damage_healed":0.0,"max_hp_gain":0.0,"max_hp_loss":0.0,"gold_gain":0.0,"event_name":"Ghosts","player_choice":"Ignored","floor":19.0,"gold_loss":0.0,"damage_taken":0.0},{"damage_healed":0,"gold_gain":0,"player_choice":"Became a vampire","damage_taken":0,"max_hp_gain":0,"max_hp_loss":21,"event_name":"Vampires","floor":28,"gold_loss":0,"cards_obtained":["Bite","Bite","Bite","Bite","Bite"]},{"damage_healed":0,"gold_gain":0,"player_choice":"Simplicity","damage_taken":0,"max_hp_gain":0,"max_hp_loss":0,"event_name":"Back to Basics","floor":31,"gold_loss":0,"cards_upgraded":["Defend_G","Defend_G","Defend_G","Defend_G","Defend_G"]},{"damage_healed":0,"gold_gain":0,"player_choice":"Ignored","damage_taken":0,"max_hp_gain":0,"max_hp_loss":0,"event_name":"Tomb of Lord Red Mask","floor":36,"gold_loss":0},{"damage_healed":0,"gold_gain":0,"player_choice":"Got Potions","damage_taken":0,"max_hp_gain":0,"max_hp_loss":0,"event_name":"Lab","floor":38,"gold_loss":0},{"damage_healed":0,"gold_gain":0,"player_choice":"Memory 3","damage_taken":10,"max_hp_gain":0,"max_hp_loss":0,"event_name":"SensoryStone","floor":45,"gold_loss":0},{"damage_healed":14,"gold_gain":0,"player_choice":"Writhe","damage_taken":0,"max_hp_gain":0,"max_hp_loss":0,"event_name":"Winding Halls","floor":47,"gold_loss":0,"cards_obtained":["Writhe"]},{"damage_healed":0,"gold_gain":0,"player_choice":"Ignored","damage_taken":0,"max_hp_gain":0,"max_hp_loss":0,"event_name":"Mysterious Sphere","floor":48,"gold_loss":0}],"is_beta":false,"boss_relics":[{"not_picked":["Snecko Eye","Astrolabe"],"picked":"Fusion Hammer"},{"not_picked":["Lizard Tail","Eternal Feather"],"picked":"Velvet Choker"}],"items_purged_floors":[11,21],"is_endless":false,"potions_floor_spawned":[2,12,14,18,20,25,39,44],"ascension_level":4}