{"gold_per_floor":[112,112,112,62,78,78,98,113,113,59,103,103],"floor_reached":12,"playtime":238,"items_purged":[],"score":86,"play_id":"c53de589-ad24-461b-b4b8-32be63a76937","local_time":"20190128012555","is_ascension_mode":true,"campfire_choices":[{"data":"Zap","floor":6,"key":"SMITH"}],"neow_cost":"PERCENT_DAMAGE","seed_source_timestamp":140929563653301,"circlet_count":0,"master_deck":["Strike_B","Strike_B","Defend_B","Defend_B","Defend_B","Defend_B","Zap+1","Dualcast","Machine Learning","Defragment","Beam Cell","FTL"],"relics":["Cracked Core","Golden Idol","Bag of Preparation","Matryoshka"],"potions_floor_usage":[11,11],"damage_taken":[{"damage":3,"enemies":"Jaw Worm","floor":1,"turns":4},{"damage":8,"enemies":"Small Slimes","floor":5,"turns":4},{"damage":1,"enemies":"2 Louse","floor":7,"turns":2},{"damage":14,"enemies":"Exordium Wildlife","floor":8,"turns":6},{"damage":26,"enemies":"3 Sentries","floor":11,"turns":7},{"damage":18,"enemies":"Large Slime","floor":12,"turns":1}],"seed_played":"-8638070476621645140","potions_obtained":[{"floor":7,"key":"FearPotion"},{"floor":8,"key":"GamblersBrew"}],"is_trial":false,"path_per_floor":["M","?","?","?","M","R","M","M","T","$","E","M"],"character_chosen":"DEFECT","items_purchased":["Beam Cell"],"campfire_rested":0,"item_purchase_floors":[10],"current_hp_per_floor":[51,51,51,51,43,43,42,28,28,28,2,0],"gold":103,"neow_bonus":"THREE_RARE_CARDS","is_prod":false,"is_daily":false,"chose_seed":false,"campfire_upgraded":1,"win_rate":0,"timestamp":1548635155,"path_taken":["M","?","?","?","M","R","M","M","T","$","E","M"],"build_version":"2019-01-23","purchased_purges":0,"victory":false,"max_hp_per_floor":[75,75,69,69,69,69,69,69,69,69,69,69],"card_choices":[{"not_picked":["Biased Cognition","Thunder Strike"],"picked":"Machine Learning","floor":0},{"not_picked":["Ball Lightning","Steam Power","Rip and Tear"],"picked":"SKIP","floor":1},{"not_picked":["Redo","Doom and Gloom","Beam Cell"],"picked":"SKIP","floor":5},{"not_picked":["Barrage","Melter","Conserve Battery"],"picked":"SKIP","floor":7},{"not_picked":["Redo","Stack"],"picked":"Defragment","floor":8},{"not_picked":["Sweeping Beam","Biased Cognition"],"picked":"FTL","floor":11}],"player_experience":20617,"relics_obtained":[{"floor":9,"key":"Bag of Preparation"},{"floor":11,"key":"Matryoshka"}],"event_choices":[{"cards_removed":["Strike_B"],"damage_healed":0,"gold_gain":0,"player_choice":"Forget","damage_taken":0,"max_hp_gain":0,"max_hp_loss":0,"event_name":"Living Wall","floor":2,"gold_loss":0},{"damage_healed":0,"gold_gain":0,"player_choice":"Lose Max HP","damage_taken":0,"relics_obtained":["Golden Idol"],"max_hp_gain":0,"max_hp_loss":6,"event_name":"Golden Idol","floor":3,"gold_loss":0},{"cards_removed":["Strike_B"],"damage_healed":0,"gold_gain":0,"player_choice":"Card Removal","damage_taken":0,"max_hp_gain":0,"max_hp_loss":0,"event_name":"The Cleric","floor":4,"gold_loss":50}],"is_beta":false,"boss_relics":[],"items_purged_floors":[],"is_endless":false,"potions_floor_spawned":[7,8],"killed_by":"Large Slime","ascension_level":2}