{"gold_per_floor":[112,131,281,116,132,132,165,177,177,177,177,177,207,220,220,297,297,312,312,312,326,109,109,443,443,466,478,494,494],"floor_reached":29,"playtime":1565,"items_purged":["Doubt","Writhe"],"score":468,"play_id":"6699cebd-95f1-424d-93d2-d7f39c4e69e6","local_time":"20180926141904","is_ascension_mode":true,"campfire_choices":[{"data":"Zap","floor":6.0,"key":"SMITH"},{"floor":10.0,"key":"REST"},{"floor":12.0,"key":"REST"},{"floor":15.0,"key":"REST"},{"floor":23,"key":"REST"},{"floor":25,"key":"REST"}],"neow_cost":"PERCENT_DAMAGE","seed_source_timestamp":0,"circlet_count":0,"master_deck":["Strike_B","Strike_B","Strike_B","Strike_B","Defend_B","Defend_B","Defend_B","Defend_B","Zap+1","Dualcast","AscendersBane","All For One+1","Go for the Eyes","Hologram+1","FTL","Go for the Eyes","Chill","Conserve Battery","Defragment","Gash","Core Surge","Hologram","Steam","Hologram","Steam","Conserve Battery","Injury","Reinforced Body","Conserve Battery+1"],"special_seed":0,"relics":["Cracked Core","Kunai","StoneCalendar","Calipers","Cursed Key","Emotion Chip","Old Coin","Ancient Tea Set"],"potions_floor_usage":[24,27,29],"damage_taken":[{"damage":9.0,"enemies":"2 Louse","floor":1.0,"turns":3.0},{"damage":3.0,"enemies":"Cultist","floor":2.0,"turns":4.0},{"damage":1.0,"enemies":"Jaw Worm","floor":5.0,"turns":3.0},{"damage":15.0,"enemies":"Lagavulin","floor":7.0,"turns":6.0},{"damage":6.0,"enemies":"2 Fungi Beasts","floor":8.0,"turns":3.0},{"damage":10.0,"enemies":"Gremlin Nob","floor":13.0,"turns":4.0},{"damage":11.0,"enemies":"Exordium Thugs","floor":14.0,"turns":2.0},{"damage":24.0,"enemies":"The Guardian","floor":16.0,"turns":10.0},{"damage":16,"enemies":"3 Byrds","floor":18,"turns":5},{"damage":35,"enemies":"Shell Parasite","floor":21,"turns":4},{"damage":23,"enemies":"Book of Stabbing","floor":24,"turns":7},{"damage":9,"enemies":"Cultist and Chosen","floor":27,"turns":7},{"damage":10,"enemies":"Snecko","floor":28,"turns":7},{"damage":12,"enemies":"Chosen and Byrds","floor":29,"turns":4}],"seed_played":"618264366763433686","potions_obtained":[{"floor":1.0,"key":"Block Potion"},{"floor":5.0,"key":"Poison Potion"},{"floor":13.0,"key":"Fire Potion"},{"floor":18,"key":"Poison Potion"},{"floor":24,"key":"Fruit Juice"},{"floor":28,"key":"EssenceOfSteel"}],"is_trial":false,"path_per_floor":["M","M","?","$","M","R","E","M","T","R","?","R","E","M","R","B",null,"M","?","T","M","$","R","E","R","T","M","M"],"character_chosen":"DEFECT","items_purchased":["FTL","Hologram","Steam"],"campfire_rested":5,"item_purchase_floors":[4,22,22],"current_hp_per_floor":[37,34,34,34,33,33,18,12,12,33,12,33,23,12,33,9,56,40,40,40,5,5,26,3,24,24,20,10,0],"gold":494,"neow_bonus":"THREE_RARE_CARDS","is_prod":false,"is_daily":false,"chose_seed":false,"campfire_upgraded":1,"win_rate":0,"timestamp":1537964344,"path_taken":["M","M","?","$","M","R","E","?","T","R","?","R","E","?","R","BOSS","M","?","?","M","$","R","E","R","T","M","?","M"],"build_version":"2018-09-20","purchased_purges":2,"victory":false,"max_hp_per_floor":[71,71,71,71,71,71,71,71,71,71,71,71,71,71,71,71,71,71,71,71,71,71,71,71,71,71,76,76,76],"card_choices":[{"not_picked":["Thunder Strike","Buffer"],"picked":"All For One","floor":0.0},{"not_picked":["Streamline","Lockon"],"picked":"Go for the Eyes","floor":1.0},{"not_picked":["Consume","Leap"],"picked":"Hologram","floor":2.0},{"not_picked":["Compile Driver","Cold Snap"],"picked":"Go for the Eyes","floor":5.0},{"not_picked":["Force Field","Streamline"],"picked":"Chill","floor":7.0},{"not_picked":["Loop","Hello World"],"picked":"Conserve Battery","floor":8.0},{"not_picked":["Coolheaded","Steam"],"picked":"Defragment","floor":13.0},{"not_picked":["Beam Cell","Cold Snap"],"picked":"Gash","floor":14.0},{"not_picked":["Multi-Cast","Reboot"],"picked":"Core Surge","floor":16.0},{"not_picked":["Chaos","Compile Driver"],"picked":"Hologram","floor":18},{"not_picked":["Go for the Eyes","Gash"],"picked":"Steam","floor":21},{"not_picked":["Reinforced Body","Auto Shields"],"picked":"Conserve Battery","floor":24},{"not_picked":["Redo","Rebound"],"picked":"Reinforced Body","floor":27},{"not_picked":["Streamline","Hologram"],"picked":"Conserve Battery+1","floor":28}],"player_experience":1083107,"relics_obtained":[{"floor":7.0,"key":"Kunai"},{"floor":9.0,"key":"StoneCalendar"},{"floor":13.0,"key":"Calipers"},{"floor":24,"key":"Old Coin"},{"floor":26,"key":"Ancient Tea Set"}],"event_choices":[{"event_name":"Liars Game","player_choice":"agreed","floor":3.0,"damage_taken":0.0},{"event_name":"Shining Light","player_choice":"Entered Light","floor":11.0,"damage_taken":0.0},{"event_name":"The Mausoleum","player_choice":"Yes","floor":19,"damage_taken":0}],"is_beta":false,"boss_relics":[{"not_picked":["Busted Crown","Runic Dome"],"picked":"Cursed Key"}],"items_purged_floors":[4,22],"is_endless":false,"potions_floor_spawned":[1,5,13,18,24,28],"killed_by":"Chosen and Byrds","ascension_level":17}