{"gold_per_floor":[119,137,137,23,34,34,60,71,71,100,110,110,80,92,92,190,190,190,190,13,13,13,13,13,13,13,13,13,13,13,13,13,13,13,13,13,13,13,13,13,13,13,13,13,13,13,13,13,13,13,13,13,13,13,13],"floor_reached":55,"playtime":5678,"items_purged":[],"score":1205,"play_id":"deff5980-5981-4f98-8f2f-b28fc682be22","local_time":"20190510153426","is_ascension_mode":true,"campfire_choices":[{"data":"Backflip","floor":6,"key":"SMITH"},{"data":"Burst","floor":15,"key":"SMITH"},{"data":"Footwork","floor":24,"key":"SMITH"},{"data":"Neutralize","floor":30,"key":"SMITH"},{"data":"Dash","floor":32,"key":"SMITH"},{"data":"Leg Sweep","floor":40,"key":"SMITH"},{"floor":49,"key":"RECALL"},{"data":"Concentrate","floor":52,"key":"SMITH"}],"neow_cost":"NONE","seed_source_timestamp":4492266932036821,"circlet_count":0,"master_deck":["Survivor","Neutralize+1","Backflip+1","Dash","Backstab","Leg Sweep+1","Bouncing Flask","Terror","Dash+1","Burst+1","Heel Hook","PiercingWail","Corpse Explosion","Cloak And Dagger","Mayhem","Predator","Footwork+1","Backflip","Adrenaline","Burst+1","Underhanded Strike","Concentrate+1","Well Laid Plans","Dagger Throw","Terror","Heel Hook","Calculated Gamble","Unload","Endless Agony","Backflip+1","Cloak And Dagger+1","Parasite","Skewer+1","Doppelganger","Acrobatics+1","Madness","Caltrops+1","Heel Hook"],"relics":["Coffee Dripper","Blue Candle","Dream Catcher","Ectoplasm","Nloth\u0027s Gift","Anchor","Paper Crane","Gremlin Horn","Bag of Marbles","Pandora\u0027s Box","Centennial Puzzle","Singing Bowl","Strawberry","Vajra"],"potions_floor_usage":[10,23,23,33,50,54,55,55],"damage_taken":[{"damage":0,"enemies":"Cultist","floor":1,"turns":4},{"damage":0,"enemies":"2 Louse","floor":2,"turns":2},{"damage":0,"enemies":"Small Slimes","floor":5,"turns":3},{"damage":21,"enemies":"Lagavulin","floor":7,"turns":7},{"damage":0,"enemies":"3 Louse","floor":8,"turns":4},{"damage":17,"enemies":"Gremlin Nob","floor":10,"turns":5},{"damage":0,"enemies":"Blue Slaver","floor":11,"turns":3},{"damage":5,"enemies":"Exordium Thugs","floor":14,"turns":7},{"damage":9,"enemies":"The Guardian","floor":16,"turns":11},{"damage":0,"enemies":"3 Byrds","floor":18,"turns":4},{"damage":6,"enemies":"Spheric Guardian","floor":21,"turns":4},{"damage":6,"enemies":"Gremlin Leader","floor":23,"turns":7},{"damage":0,"enemies":"Centurion and Healer","floor":27,"turns":6},{"damage":6,"enemies":"Book of Stabbing","floor":29,"turns":6},{"damage":0,"enemies":"Champ","floor":33,"turns":11},{"damage":0,"enemies":"3 Darklings","floor":35,"turns":4},{"damage":0,"enemies":"3 Shapes","floor":37,"turns":4},{"damage":4,"enemies":"Writhing Mass","floor":38,"turns":6},{"damage":15,"enemies":"Transient","floor":41,"turns":5},{"damage":0,"enemies":"Nemesis","floor":42,"turns":5},{"damage":9,"enemies":"Giant Head","floor":44,"turns":7},{"damage":0,"enemies":"3 Darklings","floor":45,"turns":4},{"damage":0,"enemies":"Jaw Worm Horde","floor":47,"turns":4},{"damage":6,"enemies":"Donu and Deca","floor":50,"turns":7},{"damage":1,"enemies":"Shield and Spear","floor":54,"turns":4},{"damage":85,"enemies":"The Heart","floor":55,"turns":8}],"seed_played":"-1773832288579542412","potions_obtained":[{"floor":7,"key":"PowerPotion"},{"floor":8,"key":"Weak Potion"},{"floor":16,"key":"Fire Potion"},{"floor":18,"key":"Weak Potion"},{"floor":21,"key":"Block Potion"},{"floor":27,"key":"EssenceOfSteel"},{"floor":33,"key":"GhostInAJar"},{"floor":37,"key":"LiquidBronze"},{"floor":38,"key":"SkillPotion"},{"floor":54,"key":"Regen Potion"}],"is_trial":false,"path_per_floor":["M","?","M","?","?","?","?","M","?","$","?","M","T","M","?","$"],"character_chosen":"THE_SILENT","items_purchased":["Backstab","Leg Sweep","Mayhem"],"campfire_rested":0,"item_purchase_floors":[4,4,20],"current_hp_per_floor":[63,63,63,63,63,63,42,42,42,25,25,25,25,20,20,11,55,55,55,55,49,49,43,43,43,43,43,43,37,37,37,37,37,62,62,62,62,58,58,58,43,43,43,43,43,43,43,43,43,37,69,69,69,68,0],"gold":13,"neow_bonus":"BOSS_RELIC","is_prod":false,"is_daily":false,"chose_seed":false,"campfire_upgraded":7,"win_rate":0,"timestamp":1557516866,"path_taken":["M","?","?","$","?","R","E","M","T","E","M","?","?","M","R","BOSS","M","?","$","M","?","E","R","$","T","?","?","E","R","?","R","BOSS","M","?","?","M","?","R","M","E","T","E","?","?","M","?","R","BOSS","R","$","E","BOSS"],"build_version":"2019-01-23","purchased_purges":0,"victory":false,"max_hp_per_floor":[70,70,70,70,70,70,70,70,70,70,70,70,70,70,70,70,70,70,70,70,70,70,70,70,70,70,70,70,70,70,70,70,70,70,70,70,70,70,70,70,70,70,70,79,79,79,79,79,79,79,79,79,79,79,79],"card_choices":[{"not_picked":["Deadly Poison","Slice"],"picked":"Backflip","floor":1},{"not_picked":["Dagger Throw","Quick Slash"],"picked":"Dash","floor":2},{"not_picked":["PiercingWail","Dagger Spray"],"picked":"Bouncing Flask","floor":5},{"not_picked":["Outmaneuver","Endless Agony"],"picked":"Terror","floor":7},{"not_picked":["Eviscerate","Prepared"],"picked":"Dash","floor":8},{"not_picked":["Leg Sweep","Dagger Spray"],"picked":"Burst","floor":10},{"not_picked":["Calculated Gamble","Accuracy"],"picked":"Heel Hook","floor":11},{"not_picked":["Masterful Stab","Underhanded Strike"],"picked":"PiercingWail","floor":14},{"not_picked":["Adrenaline","Tools of the Trade"],"picked":"Corpse Explosion","floor":16},{"not_picked":["Dagger Spray","PiercingWail+1"],"picked":"Cloak And Dagger","floor":18},{"not_picked":["Poisoned Stab+1","Dagger Throw"],"picked":"Predator","floor":21},{"not_picked":["Storm of Steel","Sucker Punch+1"],"picked":"Footwork","floor":23},{"not_picked":["Bane","Poisoned Stab"],"picked":"Backflip","floor":27},{"not_picked":["Sucker Punch","Cloak And Dagger"],"picked":"Adrenaline","floor":29},{"not_picked":["Grand Finale","Die Die Die"],"picked":"Burst","floor":33},{"not_picked":["Deflect+1","Dagger Spray"],"picked":"Backflip+1","floor":35},{"not_picked":["Dagger Spray+1","Well Laid Plans"],"picked":"Cloak And Dagger+1","floor":37},{"not_picked":["Dagger Throw","Poisoned Stab+1","Calculated Gamble+1"],"picked":"SKIP","floor":38},{"not_picked":["Poisoned Stab","Deadly Poison"],"picked":"Skewer+1","floor":41},{"not_picked":["Grand Finale","Night Terror"],"picked":"Doppelganger","floor":42},{"not_picked":["Cloak And Dagger","Bane+1","Sucker Punch"],"picked":"Singing Bowl","floor":44},{"not_picked":["Dagger Throw","Dagger Spray"],"picked":"Acrobatics+1","floor":45},{"not_picked":["Dark Shackles","Swift Strike"],"picked":"Madness","floor":46},{"not_picked":["Sucker Punch+1","Prepared+1"],"picked":"Caltrops+1","floor":47},{"not_picked":["Underhanded Strike","Unload"],"picked":"Heel Hook","floor":54}],"player_experience":362742,"relics_obtained":[{"floor":7,"key":"Bottled Flame"},{"floor":9,"key":"Blue Candle"},{"floor":10,"key":"Dream Catcher"},{"floor":23,"key":"Anchor"},{"floor":26,"key":"Paper Crane"},{"floor":29,"key":"Bag of Marbles"},{"floor":39,"key":"Centennial Puzzle"},{"floor":42,"key":"Singing Bowl"},{"floor":44,"key":"Strawberry"},{"floor":54,"key":"Vajra"}],"event_choices":[{"cards_removed":["Strike_G"],"damage_healed":0,"gold_gain":0,"player_choice":"Offered Basic","damage_taken":0,"max_hp_gain":0,"max_hp_loss":0,"event_name":"Bonfire Elementals","floor":3,"gold_loss":0},{"damage_healed":0,"gold_gain":0,"player_choice":"Ignored","damage_taken":0,"max_hp_gain":0,"max_hp_loss":0,"event_name":"Shining Light","floor":12,"gold_loss":0},{"damage_healed":0,"gold_gain":0,"player_choice":"Left Gold","damage_taken":0,"max_hp_gain":0,"max_hp_loss":0,"event_name":"World of Goop","floor":13,"gold_loss":30},{"damage_healed":0,"gold_gain":0,"player_choice":"Ignored","damage_taken":0,"max_hp_gain":0,"max_hp_loss":0,"event_name":"Beggar","floor":19,"gold_loss":0},{"damage_healed":0,"gold_gain":0,"player_choice":"Traded Relic","damage_taken":0,"relics_obtained":["Nloth\u0027s Gift"],"max_hp_gain":0,"max_hp_loss":0,"event_name":"N\u0027loth","floor":22,"relics_lost":["Bottled Flame"],"gold_loss":0},{"damage_healed":0,"gold_gain":0,"player_choice":"Gave Potion","damage_taken":0,"relics_obtained":["Gremlin Horn"],"max_hp_gain":0,"max_hp_loss":0,"event_name":"WeMeetAgain","floor":28,"gold_loss":0},{"damage_healed":0,"gold_gain":0,"player_choice":"Forge","damage_taken":0,"max_hp_gain":0,"max_hp_loss":0,"event_name":"Accursed Blacksmith","floor":36,"gold_loss":0,"cards_upgraded":["Burst"]},{"damage_healed":0,"gold_gain":0,"player_choice":"Memory 1","damage_taken":0,"max_hp_gain":0,"max_hp_loss":0,"event_name":"SensoryStone","floor":46,"gold_loss":0}],"is_beta":false,"boss_relics":[{"not_picked":["Tiny House","Snecko Eye"],"picked":"Ectoplasm"},{"not_picked":["Black Star","Calling Bell"],"picked":"Pandora\u0027s Box"}],"items_purged_floors":[],"is_endless":false,"potions_floor_spawned":[7,8,16,18,21,27,33,37,38,42,47,54],"killed_by":"The Heart","ascension_level":8}