{"gold_per_floor":[119,294,56,56,56,56,90,90,145,145,245,261,279,296,296,395,395,414,432,452,162,77,77,109,109,109,138,149,149,160,171,171,275,275,294,294,307,11,24,24,24],"floor_reached":41,"playtime":1047,"items_purged":["Doubt","Strike_R"],"score":517,"play_id":"c509f377-7371-40d8-b6e1-7f2f6d272386","local_time":"20190209002044","is_ascension_mode":true,"campfire_choices":[{"data":"Flex","floor":6,"key":"SMITH"},{"data":"Panacea","floor":10,"key":"SMITH"},{"data":"Pummel","floor":15,"key":"SMITH"},{"floor":23,"key":"REST"},{"data":"Metallicize","floor":29,"key":"SMITH"},{"data":"Brutality","floor":32,"key":"SMITH"},{"data":"Heavy Blade","floor":40,"key":"SMITH"}],"neow_cost":"NONE","seed_source_timestamp":949189027996716,"circlet_count":0,"master_deck":["Strike_R","Defend_R","Defend_R","Defend_R","Bash","Shrug It Off","Panacea+1","Flex+1","Twin Strike","Cleave","Pummel+1","Brutality+1","Sword Boomerang+1","Rupture+1","Metallicize+1","Flex","Fire Breathing","Impervious","Metallicize+1","Metallicize+1","Evolve+1","Immolate","Heavy Blade+1","Shrug It Off","Flame Barrier+1"],"relics":["Burning Blood","Boot","Smiling Mask","Potion Belt","Mark of Pain","Matryoshka","Ancient Tea Set","Pantograph","Frozen Egg 2","Letter Opener","Lantern","Philosopher\u0027s Stone","Pocketwatch"],"potions_floor_usage":[14,20,27,27,30,30,39,41],"damage_taken":[{"damage":0,"enemies":"2 Louse","floor":1,"turns":3},{"damage":27,"enemies":"3 Sentries","floor":7,"turns":8},{"damage":0,"enemies":"Small Slimes","floor":12,"turns":2},{"damage":1,"enemies":"Cultist","floor":13,"turns":3},{"damage":14,"enemies":"Exordium Thugs","floor":14,"turns":3},{"damage":33,"enemies":"Slime Boss","floor":16,"turns":7},{"damage":3,"enemies":"Spheric Guardian","floor":18,"turns":3},{"damage":10,"enemies":"Chosen","floor":19,"turns":4},{"damage":36,"enemies":"Snake Plant","floor":20,"turns":4},{"damage":16,"enemies":"Gremlin Leader","floor":24,"turns":5},{"damage":21,"enemies":"Slavers","floor":27,"turns":4},{"damage":0,"enemies":"Centurion and Healer","floor":28,"turns":5},{"damage":6,"enemies":"Snecko","floor":30,"turns":5},{"damage":13,"enemies":"Shelled Parasite and Fungi","floor":31,"turns":5},{"damage":39,"enemies":"Automaton","floor":33,"turns":8},{"damage":12,"enemies":"3 Shapes","floor":35,"turns":4},{"damage":24,"enemies":"3 Darklings","floor":37,"turns":4},{"damage":22,"enemies":"4 Shapes","floor":39,"turns":4},{"damage":45,"enemies":"Nemesis","floor":41,"turns":2}],"seed_played":"-1514480796330724659","potions_obtained":[{"floor":13,"key":"BloodPotion"},{"floor":16,"key":"PowerPotion"},{"floor":19,"key":"Regen Potion"},{"floor":20,"key":"Weak Potion"},{"floor":24,"key":"SkillPotion"},{"floor":28,"key":"Regen Potion"},{"floor":33,"key":"Energy Potion"},{"floor":35,"key":"PowerPotion"},{"floor":39,"key":"Regen Potion"}],"is_trial":false,"path_per_floor":["M","?","$","?","?","R","E","?","T","R","?","M","M","M","R","B",null,"M","M","M","$","?","R","E","?","T","E","M","R","M","M","R","B",null,"M","?","M","$","M","R","E"],"character_chosen":"IRONCLAD","items_purchased":["Panacea","Flex","Twin Strike","Matryoshka","Pocketwatch"],"campfire_rested":1,"item_purchase_floors":[3,3,3,21,38],"current_hp_per_floor":[80,80,80,73,48,48,27,27,27,27,27,33,38,38,38,11,80,80,76,46,46,46,70,60,60,60,57,63,63,77,70,70,47,80,74,74,56,56,40,40,0],"gold":24,"neow_bonus":"REMOVE_CARD","is_prod":false,"is_daily":false,"chose_seed":false,"campfire_upgraded":6,"win_rate":0,"timestamp":1549668044,"path_taken":["M","?","$","?","?","R","E","?","T","R","?","M","M","?","R","BOSS","M","M","M","$","?","R","E","?","T","E","M","R","M","M","R","BOSS","M","?","M","$","M","R","E"],"build_version":"2019-01-23","purchased_purges":2,"victory":false,"max_hp_per_floor":[80,80,80,80,80,80,80,80,80,80,80,80,80,80,80,80,80,80,80,80,80,80,80,80,80,80,80,80,80,80,80,80,80,80,80,80,80,80,80,80,80],"card_choices":[{"not_picked":["Twin Strike","Burning Pact"],"picked":"Shrug It Off","floor":1},{"not_picked":["Battle Trance","Anger"],"picked":"Cleave","floor":7},{"not_picked":["Headbutt","Dropkick","Rupture"],"picked":"SKIP","floor":12},{"not_picked":["Burning Pact","Spot Weakness","Rampage"],"picked":"SKIP","floor":13},{"not_picked":["Infernal Blade","Hemokinesis"],"picked":"Pummel","floor":14},{"not_picked":["Demon Form","Offering"],"picked":"Brutality","floor":16},{"not_picked":["Twin Strike","Headbutt+1"],"picked":"Sword Boomerang+1","floor":18},{"not_picked":["Heavy Blade","Second Wind"],"picked":"Rupture+1","floor":19},{"not_picked":["Clothesline","Sentinel+1"],"picked":"Metallicize","floor":20},{"not_picked":["Exhume","Burning Pact"],"picked":"Flex","floor":24},{"not_picked":["Body Slam","Sever Soul+1"],"picked":"Metallicize+1","floor":27},{"not_picked":["Clothesline","Cleave"],"picked":"Metallicize+1","floor":28},{"not_picked":["Combust+1","Bloodletting+1"],"picked":"Evolve+1","floor":30},{"not_picked":["Uppercut","Battle Trance","Body Slam"],"picked":"SKIP","floor":31},{"not_picked":["Impervious","Offering"],"picked":"Immolate","floor":33},{"not_picked":["Uppercut","Clash"],"picked":"Heavy Blade","floor":35},{"not_picked":["Headbutt+1","Twin Strike+1"],"picked":"Shrug It Off","floor":37},{"not_picked":["Shrug It Off","Cleave+1"],"picked":"Flame Barrier+1","floor":39}],"player_experience":66555,"relics_obtained":[{"floor":7,"key":"Smiling Mask"},{"floor":9,"key":"Potion Belt"},{"floor":24,"key":"Pantograph"},{"floor":26,"key":"Frozen Egg 2"},{"floor":26,"key":"Letter Opener"},{"floor":27,"key":"Lantern"}],"event_choices":[{"damage_healed":0,"gold_gain":175,"player_choice":"AGREE","damage_taken":0,"max_hp_gain":0,"max_hp_loss":0,"event_name":"Liars Game","floor":2,"gold_loss":0,"cards_obtained":["Doubt"]},{"cards_removed":["Defend_R"],"damage_healed":0,"gold_gain":0,"player_choice":"Card Removal","damage_taken":7,"max_hp_gain":0,"max_hp_loss":0,"event_name":"Golden Wing","floor":4,"gold_loss":0},{"damage_healed":0,"gold_gain":0,"player_choice":"Success","damage_taken":25,"relics_obtained":["Boot"],"max_hp_gain":0,"max_hp_loss":0,"event_name":"Scrap Ooze","floor":5,"gold_loss":0},{"damage_healed":0,"gold_gain":0,"player_choice":"Ignored","damage_taken":0,"max_hp_gain":0,"max_hp_loss":0,"event_name":"Shining Light","floor":8,"gold_loss":0},{"damage_healed":0,"gold_gain":100,"player_choice":"Pray","damage_taken":0,"max_hp_gain":0,"max_hp_loss":0,"event_name":"Golden Shrine","floor":11,"gold_loss":0},{"damage_healed":0,"gold_gain":0,"player_choice":"Obtained Relic","damage_taken":0,"relics_obtained":["Ancient Tea Set"],"max_hp_gain":0,"max_hp_loss":0,"event_name":"Addict","floor":22,"gold_loss":85},{"damage_healed":0,"gold_gain":0,"cards_transformed":["Strike_R","Strike_R"],"player_choice":"Became Test Subject","damage_taken":0,"max_hp_gain":0,"max_hp_loss":0,"event_name":"Drug Dealer","floor":25,"gold_loss":0,"cards_obtained":["Fire Breathing","Impervious"]},{"damage_healed":0,"gold_gain":0,"player_choice":"Ignored","damage_taken":0,"max_hp_gain":0,"max_hp_loss":0,"event_name":"Tomb of Lord Red Mask","floor":36,"gold_loss":0}],"is_beta":false,"boss_relics":[{"not_picked":["Black Star","White Beast Statue"],"picked":"Mark of Pain"},{"not_picked":["Astrolabe","Lizard Tail"],"picked":"Philosopher\u0027s Stone"}],"items_purged_floors":[3,21],"is_endless":false,"potions_floor_spawned":[13,16,19,20,24,28,33,35,39],"killed_by":"Nemesis","ascension_level":4}