{"gold_per_floor":[115,129,129,129,152,152,187,200,223,246,95,113,152,175,175,175],"floor_reached":16,"playtime":2281,"items_purged":["Strike_G"],"score":114,"play_id":"63d35490-390a-4faf-aeb9-b8bc36cf6f30","local_time":"20190107121755","is_ascension_mode":false,"campfire_choices":[{"floor":6,"key":"REST"},{"floor":15,"key":"REST"}],"neow_cost":"NONE","seed_source_timestamp":4598586150760,"circlet_count":0,"master_deck":["Defend_G","Defend_G","Defend_G","Defend_G","Strike_G","Strike_G","Strike_G","Strike_G","Survivor","Neutralize","Escape Plan","Backstab","Leg Sweep","Terror","Skewer","Burst","Footwork","Prepared"],"relics":["Ring of the Snake","Golden Idol","PreservedInsect","Bag of Marbles"],"potions_floor_usage":[7,12,13,16,16],"damage_taken":[{"damage":0,"enemies":"Small Slimes","floor":1,"turns":4},{"damage":0,"enemies":"2 Louse","floor":2,"turns":3},{"damage":5,"enemies":"Jaw Worm","floor":5,"turns":6},{"damage":34,"enemies":"Lagavulin","floor":7,"turns":11},{"damage":7,"enemies":"Exordium Wildlife","floor":8,"turns":6},{"damage":8,"enemies":"Large Slime","floor":10,"turns":9},{"damage":0,"enemies":"2 Fungi Beasts","floor":12,"turns":6},{"damage":9,"enemies":"Gremlin Nob","floor":13,"turns":5},{"damage":0,"enemies":"Looter","floor":14,"turns":3},{"damage":55,"enemies":"Slime Boss","floor":16,"turns":9}],"seed_played":"8972915233180990757","potions_obtained":[{"floor":1,"key":"FearPotion"},{"floor":2,"key":"FearPotion"},{"floor":7,"key":"Poison Potion"},{"floor":14,"key":"Poison Potion"}],"is_trial":false,"path_per_floor":["M","M","?","?","M","R","E","M","T","M","$","M","E","M","R","B"],"character_chosen":"THE_SILENT","items_purchased":["Regen Potion"],"campfire_rested":2,"item_purchase_floors":[11],"current_hp_per_floor":[77,77,58,51,46,69,35,28,28,20,20,35,26,26,49,0],"gold":175,"neow_bonus":"TEN_PERCENT_HP_BONUS","is_prod":false,"is_daily":false,"chose_seed":false,"campfire_upgraded":0,"win_rate":0,"timestamp":1546859875,"path_taken":["M","M","?","?","M","R","E","M","T","M","$","M","E","M","R","BOSS"],"build_version":"2019-01-03v4","purchased_purges":1,"victory":false,"max_hp_per_floor":[77,77,77,77,77,77,77,77,77,77,77,77,77,77,77,77],"card_choices":[{"not_picked":["Predator","Deadly Poison"],"picked":"Escape Plan","floor":1},{"not_picked":["Slice","Cloak And Dagger","Catalyst"],"picked":"SKIP","floor":2},{"not_picked":["Sucker Punch","Deadly Poison"],"picked":"Backstab","floor":5},{"not_picked":["Bouncing Flask","Cloak And Dagger"],"picked":"Leg Sweep","floor":7},{"not_picked":["Backflip","Dagger Throw"],"picked":"Terror","floor":8},{"not_picked":["Backflip","Dodge and Roll"],"picked":"Skewer","floor":10},{"not_picked":["Dodge and Roll","Escape Plan"],"picked":"Burst","floor":12},{"not_picked":["Dagger Spray","Underhanded Strike"],"picked":"Footwork","floor":13},{"not_picked":["Infinite Blades","Acrobatics"],"picked":"Prepared","floor":14}],"player_experience":81302,"relics_obtained":[{"floor":7,"key":"PreservedInsect"},{"floor":13,"key":"Bag of Marbles"}],"event_choices":[{"damage_healed":0,"gold_gain":0,"player_choice":"Take Damage","damage_taken":19,"relics_obtained":["Golden Idol"],"max_hp_gain":0,"max_hp_loss":0,"event_name":"Golden Idol","floor":3,"gold_loss":0},{"cards_removed":["Defend_G"],"damage_healed":0,"gold_gain":0,"player_choice":"Card Removal","damage_taken":7,"max_hp_gain":0,"max_hp_loss":0,"event_name":"Golden Wing","floor":4,"gold_loss":0}],"is_beta":false,"boss_relics":[],"items_purged_floors":[11],"is_endless":false,"potions_floor_spawned":[1,2,7,14],"killed_by":"Slime Boss","ascension_level":0}