{"gold_per_floor":[117,133,83,83,96,125,125,160,160,160,173,173],"floor_reached":12,"playtime":7905,"items_purged":[],"score":123,"play_id":"1e8c2e89-4103-4f3a-ab6b-c5a88490f7d6","local_time":"20190508011632","is_ascension_mode":true,"campfire_choices":[{"data":"True Grit","floor":7,"key":"SMITH"}],"neow_cost":"NONE","seed_source_timestamp":4265759935396817,"circlet_count":0,"master_deck":["Strike_R","Strike_R","Strike_R","Defend_R","Defend_R","Defend_R","Defend_R","Bash","Dramatic Entrance","Burning Pact","True Grit+1","Battle Trance","Offering","Barricade","Shockwave"],"relics":["Burning Blood","Strawberry","Bottled Flame","Omamori","Ancient Tea Set"],"potions_floor_usage":[6,11],"damage_taken":[{"damage":2,"enemies":"Jaw Worm","floor":1,"turns":3},{"damage":0,"enemies":"2 Louse","floor":2,"turns":2},{"damage":0,"enemies":"Small Slimes","floor":5,"turns":3},{"damage":36,"enemies":"3 Sentries","floor":6,"turns":18},{"damage":47,"enemies":"Gremlin Nob","floor":8,"turns":5},{"damage":9,"enemies":"Blue Slaver","floor":11,"turns":9},{"damage":10,"enemies":"Lagavulin","floor":12,"turns":8}],"seed_played":"9200125076326199538","potions_obtained":[{"floor":1,"key":"GamblersBrew"},{"floor":5,"key":"AttackPotion"},{"floor":8,"key":"GamblersBrew"}],"is_trial":false,"path_per_floor":["?","?","?"],"character_chosen":"IRONCLAD","items_purchased":[],"campfire_rested":0,"item_purchase_floors":[],"current_hp_per_floor":[76,80,80,73,79,56,56,15,15,12,9,0],"gold":173,"neow_bonus":"RANDOM_COLORLESS","is_prod":false,"is_daily":false,"chose_seed":false,"campfire_upgraded":1,"win_rate":0,"timestamp":1557292592,"path_taken":["M","M","?","?","M","E","R","E","T","?","M","E"],"build_version":"2019-01-23","purchased_purges":0,"victory":false,"max_hp_per_floor":[80,80,80,80,80,87,87,87,87,87,87,87],"card_choices":[{"not_picked":["Armaments","Intimidate"],"picked":"Burning Pact","floor":1},{"not_picked":["Sentinel","Iron Wave"],"picked":"True Grit","floor":2},{"not_picked":["Thunderclap","Warcry"],"picked":"Battle Trance","floor":5},{"not_picked":["Rage","Wild Strike"],"picked":"Offering","floor":6},{"not_picked":["Heavy Blade","Armaments"],"picked":"Barricade","floor":8},{"not_picked":["Iron Wave","Bloodletting"],"picked":"Shockwave","floor":11}],"player_experience":309169,"relics_obtained":[{"floor":6,"key":"Strawberry"},{"floor":8,"key":"Bottled Flame"},{"floor":9,"key":"Omamori"}],"event_choices":[{"cards_removed":["Strike_R"],"damage_healed":0,"gold_gain":0,"player_choice":"Card Removal","damage_taken":0,"max_hp_gain":0,"max_hp_loss":0,"event_name":"The Cleric","floor":3,"gold_loss":50},{"cards_removed":["Strike_R"],"damage_healed":0,"gold_gain":0,"player_choice":"Card Removal","damage_taken":7,"max_hp_gain":0,"max_hp_loss":0,"event_name":"Golden Wing","floor":4,"gold_loss":0},{"damage_healed":0,"gold_gain":0,"player_choice":"Success","damage_taken":3,"relics_obtained":["Ancient Tea Set"],"max_hp_gain":0,"max_hp_loss":0,"event_name":"Scrap Ooze","floor":10,"gold_loss":0}],"is_beta":false,"boss_relics":[],"items_purged_floors":[],"is_endless":false,"potions_floor_spawned":[1,5,8],"killed_by":"Lagavulin","ascension_level":8}