{"gold_per_floor":[117,67,86,100,114,149,149,149,149,74,94,125,125,157,157,157],"floor_reached":16,"playtime":454,"items_purged":["Strike_R"],"score":138,"play_id":"da99b696-f2b0-4025-ad3d-e27254993c18","local_time":"20190201030911","is_ascension_mode":true,"campfire_choices":[{"data":"Armaments","floor":7,"key":"SMITH"},{"floor":13,"key":"REST"},{"floor":15,"key":"REST"}],"neow_cost":"NONE","seed_source_timestamp":268646134445896,"circlet_count":0,"master_deck":["Strike_R","Strike_R","Strike_R+1","Strike_R","Defend_R","Defend_R+1","Defend_R","Defend_R","Bash","Searing Blow","Disarm","Armaments+1","Barricade","True Grit","Shrug It Off+1"],"relics":["Burning Blood","Unceasing Top","Molten Egg 2","Toxic Egg 2","Juzu Bracelet"],"potions_floor_usage":[5,6,14,14,14,14],"damage_taken":[{"damage":9,"enemies":"Jaw Worm","floor":1,"turns":3},{"damage":0,"enemies":"2 Louse","floor":3,"turns":2},{"damage":0,"enemies":"Small Slimes","floor":4,"turns":3},{"damage":4,"enemies":"Looter","floor":5,"turns":2},{"damage":32,"enemies":"Gremlin Nob","floor":6,"turns":5},{"damage":20,"enemies":"Lots of Slimes","floor":11,"turns":6},{"damage":17,"enemies":"Lagavulin","floor":12,"turns":11},{"damage":34,"enemies":"3 Sentries","floor":14,"turns":10},{"damage":41,"enemies":"Slime Boss","floor":16,"turns":6}],"seed_played":"-2220151912534902958","potions_obtained":[{"floor":1,"key":"EssenceOfSteel"},{"floor":4,"key":"AttackPotion"},{"floor":12,"key":"EntropicBrew"}],"is_trial":false,"path_per_floor":["M","?","M","M","M","E","R","?","T","$","M","E","R","E","R","B"],"character_chosen":"IRONCLAD","items_purchased":[],"campfire_rested":2,"item_purchase_floors":[],"current_hp_per_floor":[77,77,80,80,80,54,54,38,38,38,24,13,37,9,33,0],"gold":157,"neow_bonus":"THREE_CARDS","is_prod":false,"is_daily":false,"chose_seed":false,"campfire_upgraded":1,"win_rate":0,"timestamp":1548986951,"path_taken":["M","?","M","M","M","E","R","?","T","$","M","E","R","E","R","BOSS"],"build_version":"2019-01-23","purchased_purges":1,"victory":false,"max_hp_per_floor":[80,80,80,80,80,80,80,80,80,80,80,80,80,80,80,80],"card_choices":[{"not_picked":["Pummel","Infernal Blade"],"picked":"Perfected Strike","floor":0},{"not_picked":["Thunderclap","Sever Soul"],"picked":"Searing Blow","floor":1},{"not_picked":["Anger","Thunderclap","Warcry"],"picked":"SKIP","floor":3},{"not_picked":["Body Slam","Cleave"],"picked":"Disarm","floor":4},{"not_picked":["True Grit","Sword Boomerang"],"picked":"Armaments","floor":5},{"not_picked":["Shrug It Off","Bloodletting"],"picked":"Barricade","floor":6},{"not_picked":["Headbutt+1","Havoc"],"picked":"True Grit","floor":11},{"not_picked":["Feel No Pain","Dual Wield","Double Tap"],"picked":"SKIP","floor":12},{"not_picked":["Thunderclap+1","Clothesline+1"],"picked":"Shrug It Off+1","floor":14}],"player_experience":47528,"relics_obtained":[{"floor":6,"key":"Unceasing Top"},{"floor":9,"key":"Molten Egg 2"},{"floor":12,"key":"Toxic Egg 2"},{"floor":14,"key":"Juzu Bracelet"}],"event_choices":[{"cards_removed":["Perfected Strike"],"damage_healed":0,"gold_gain":0,"player_choice":"Card Removal","damage_taken":0,"max_hp_gain":0,"max_hp_loss":0,"event_name":"The Cleric","floor":2,"gold_loss":50},{"damage_healed":0,"gold_gain":0,"player_choice":"Entered Light","damage_taken":16,"max_hp_gain":0,"max_hp_loss":0,"event_name":"Shining Light","floor":8,"gold_loss":0,"cards_upgraded":["Defend_R","Strike_R"]}],"is_beta":false,"boss_relics":[],"items_purged_floors":[10],"is_endless":false,"potions_floor_spawned":[1,4,12],"killed_by":"Slime Boss","ascension_level":3}