{"gold_per_floor":[112,112,132,150,168,198,198,211,211,211,211,211,211,228,228,302,302,253,152,169,188,203,234,234,234],"floor_reached":25,"playtime":5497,"items_purged":["Strike_G"],"score":447,"play_id":"cfe04fda-ef19-45be-a5ca-e0f3b52b9bc9","local_time":"20181003194943","is_ascension_mode":true,"campfire_choices":[{"floor":7.0,"key":"REST"},{"data":"Neutralize","floor":10.0,"key":"SMITH"},{"floor":12.0,"key":"REST"},{"data":"Footwork","floor":15.0,"key":"SMITH"},{"floor":24,"key":"REST"}],"neow_cost":"NONE","seed_source_timestamp":1766226065564841,"circlet_count":0,"master_deck":["Defend_G","Defend_G","Defend_G","Defend_G","Defend_G","Strike_G+1","Strike_G","Strike_G","Survivor","Neutralize+1","AscendersBane","Venomology","Flying Knee","Footwork+1","Dagger Spray","Backstab","PiercingWail","Dagger Throw+1","Flying Knee","Heel Hook","Flying Knee","Adrenaline","Cloak And Dagger","Sucker Punch+1","Dodge and Roll","Backflip","Footwork","PiercingWail","A Thousand Cuts"],"special_seed":0,"relics":["Ring of the Snake","Gremlin Horn","Prayer Wheel","Sozu","Ice Cream"],"potions_floor_usage":[23,23],"damage_taken":[{"damage":16.0,"enemies":"Jaw Worm","floor":1.0,"turns":7.0},{"damage":4.0,"enemies":"Cultist","floor":3.0,"turns":4.0},{"damage":3.0,"enemies":"2 Louse","floor":4.0,"turns":4.0},{"damage":2.0,"enemies":"2 Fungi Beasts","floor":5.0,"turns":5.0},{"damage":22.0,"enemies":"Lagavulin","floor":6.0,"turns":8.0},{"damage":4.0,"enemies":"Blue Slaver","floor":8.0,"turns":5.0},{"damage":0.0,"enemies":"Gremlin Nob","floor":13.0,"turns":2.0},{"damage":0.0,"enemies":"Gremlin Gang","floor":14.0,"turns":4.0},{"damage":15.0,"enemies":"Hexaghost","floor":16.0,"turns":12.0},{"damage":5.0,"enemies":"2 Thieves","floor":18.0,"turns":5.0},{"damage":12.0,"enemies":"3 Byrds","floor":20.0,"turns":6.0},{"damage":5.0,"enemies":"Centurion and Healer","floor":21.0,"turns":8.0},{"damage":3.0,"enemies":"Snake Plant","floor":22.0,"turns":7.0},{"damage":26,"enemies":"Slavers","floor":23,"turns":8},{"damage":28,"enemies":"Gremlin Leader","floor":25,"turns":2}],"seed_played":"468229034433267527","potions_obtained":[{"floor":1.0,"key":"GamblersBrew"},{"floor":5.0,"key":"Fire Potion"},{"floor":8.0,"key":"SmokeBomb"}],"is_trial":false,"path_per_floor":["M","?","M","M","M","E","R","M","T","R","?","R","E","M","R","B",null,"M","$","M","M","M","E","R"],"character_chosen":"THE_SILENT","items_purchased":["Cloak And Dagger"],"campfire_rested":3,"item_purchase_floors":[19],"current_hp_per_floor":[43,43,39,36,34,12,31,27,27,27,7,26,26,26,26,11,52,47,47,35,30,27,1,20,0],"gold":234,"neow_bonus":"ONE_RANDOM_RARE_CARD","is_prod":false,"is_daily":false,"chose_seed":false,"campfire_upgraded":2,"win_rate":0,"timestamp":1538588983,"path_taken":["M","?","?","M","M","E","R","M","T","R","?","R","E","M","R","BOSS","M","$","M","M","?","E","R","E"],"build_version":"2018-09-27","purchased_purges":1,"victory":false,"max_hp_per_floor":[66,66,66,66,66,66,66,66,66,66,66,66,66,66,66,66,66,66,66,66,66,66,66,66,66],"card_choices":[{"not_picked":["Eviscerate","Distraction"],"picked":"Flying Knee","floor":1.0},{"not_picked":["PiercingWail","Slice"],"picked":"Dagger Spray","floor":3.0},{"not_picked":["Outmaneuver","Cloak And Dagger"],"picked":"Backstab","floor":4.0},{"not_picked":["Blade Dance","Dodge and Roll"],"picked":"PiercingWail","floor":5.0},{"not_picked":["Underhanded Strike","Unload"],"picked":"Dagger Throw","floor":6.0},{"not_picked":["Slice","Sucker Punch"],"picked":"Flying Knee","floor":8.0},{"not_picked":["Outmaneuver","Expertise"],"picked":"Heel Hook","floor":14.0},{"not_picked":["Quick Slash","Blade Dance"],"picked":"Flying Knee","floor":14.0},{"not_picked":["Grand Finale","Bullet Time"],"picked":"Adrenaline","floor":16.0},{"not_picked":["Dagger Throw","Deadly Poison"],"picked":"Sucker Punch+1","floor":20.0},{"not_picked":["Dagger Throw+1","Catalyst"],"picked":"Dodge and Roll","floor":20.0},{"not_picked":["Expertise","Bane"],"picked":"Backflip","floor":21.0},{"not_picked":["Caltrops","Bane"],"picked":"Footwork","floor":21.0},{"not_picked":["Deadly Poison","Acrobatics"],"picked":"PiercingWail","floor":22.0},{"not_picked":["Bouncing Flask+1","Finisher+1"],"picked":"A Thousand Cuts","floor":23}],"player_experience":1123192,"relics_obtained":[{"floor":6.0,"key":"Gremlin Horn"},{"floor":9.0,"key":"Prayer Wheel"},{"floor":23,"key":"Ice Cream"}],"event_choices":[{"event_name":"Living Wall","player_choice":"Change","floor":2.0,"damage_taken":0.0},{"event_name":"Shining Light","player_choice":"Entered Light","floor":11.0,"damage_taken":0.0}],"is_beta":false,"boss_relics":[{"not_picked":["Tiny House","Snecko Eye"],"picked":"Sozu"}],"items_purged_floors":[19],"is_endless":false,"potions_floor_spawned":[1,5,8,13,18,20],"killed_by":"Gremlin Leader","ascension_level":18}