{"gold_per_floor":[119,130,142,160,460,491,491,491,491,509,10,35,35,52,52,130,130,145,145,157,157,167,167,196,208,246,258],"floor_reached":27,"playtime":2728,"items_purged":[],"score":384,"play_id":"65c48bc7-48d7-427a-be1f-098cd134262b","local_time":"20190517193032","is_ascension_mode":true,"campfire_choices":[{"floor":7,"key":"REST"},{"data":"Neutralize","floor":13,"key":"SMITH"},{"floor":15,"key":"REST"},{"floor":23,"key":"REST"},{"floor":25,"key":"REST"}],"neow_cost":"NONE","seed_source_timestamp":101199494133733,"circlet_count":0,"master_deck":["AscendersBane","Defend_G","Defend_G","Defend_G","Defend_G","Defend_G","Strike_G","Strike_G","Strike_G","Strike_G","Strike_G","Survivor","Neutralize+1","Predator","Cloak And Dagger","Dodge and Roll","PiercingWail","Poisoned Stab","Neutralize","Escape Plan","Flying Knee","Well Laid Plans","Mayhem","PiercingWail","Blade Dance","Flying Knee","After Image","Terror","Backstab","Expertise"],"relics":["Ring of the Snake","Old Coin","The Specimen","Torii","Strange Spoon","Odd Mushroom","Runic Dome","MutagenicStrength","MawBank","Bag of Preparation"],"potions_floor_usage":[6,12,16,27],"damage_taken":[{"damage":7,"enemies":"Small Slimes","floor":1,"turns":5},{"damage":0,"enemies":"2 Louse","floor":2,"turns":3},{"damage":0,"enemies":"Cultist","floor":3,"turns":4},{"damage":10,"enemies":"Looter","floor":4,"turns":4},{"damage":41,"enemies":"Gremlin Nob","floor":6,"turns":5},{"damage":2,"enemies":"Large Slime","floor":10,"turns":7},{"damage":6,"enemies":"The Mushroom Lair","floor":12,"turns":3},{"damage":0,"enemies":"2 Fungi Beasts","floor":14,"turns":5},{"damage":18,"enemies":"Slime Boss","floor":16,"turns":9},{"damage":0,"enemies":"3 Byrds","floor":18,"turns":7},{"damage":12,"enemies":"2 Thieves","floor":20,"turns":5},{"damage":17,"enemies":"Snake Plant","floor":22,"turns":6},{"damage":26,"enemies":"Book of Stabbing","floor":24,"turns":7},{"damage":46,"enemies":"Gremlin Leader","floor":27,"turns":8}],"seed_played":"9213446750634850896","potions_obtained":[{"floor":2,"key":"Explosive Potion"},{"floor":3,"key":"GamblersBrew"},{"floor":4,"key":"Strength Potion"},{"floor":10,"key":"SteroidPotion"},{"floor":18,"key":"Poison Potion"},{"floor":24,"key":"PowerPotion"}],"is_trial":false,"path_per_floor":["?","?","M","?","?","?"],"character_chosen":"THE_SILENT","items_purchased":["Well Laid Plans","Mayhem","Strange Spoon","PiercingWail"],"campfire_rested":4,"item_purchase_floors":[11,11,11,11],"current_hp_per_floor":[63,63,63,53,46,5,28,28,28,26,26,20,20,20,43,25,64,64,50,38,38,21,45,19,43,43,0],"gold":258,"neow_bonus":"TEN_PERCENT_HP_BONUS","is_prod":false,"is_daily":false,"chose_seed":false,"campfire_upgraded":1,"win_rate":0,"timestamp":1558135832,"path_taken":["M","M","M","M","?","E","R","?","T","?","$","?","R","M","R","BOSS","M","?","M","?","M","R","E","R","T","E"],"build_version":"2019-01-23","purchased_purges":0,"victory":false,"max_hp_per_floor":[77,77,77,77,77,77,77,77,77,77,77,77,77,77,77,77,77,77,82,82,82,82,82,82,82,82,82],"card_choices":[{"not_picked":["Backflip","Distraction"],"picked":"Predator","floor":1},{"not_picked":["Escape Plan","Expertise"],"picked":"Cloak And Dagger","floor":2},{"not_picked":["Prepared","All Out Attack"],"picked":"Dodge and Roll","floor":3},{"not_picked":["Poisoned Stab","Finisher"],"picked":"PiercingWail","floor":4},{"not_picked":["Sucker Punch","Outmaneuver"],"picked":"Poisoned Stab","floor":6},{"not_picked":["Bane","Flechettes"],"picked":"Flying Knee","floor":10},{"not_picked":["Eviscerate","All Out Attack"],"picked":"Blade Dance","floor":12},{"not_picked":["Poisoned Stab","Dagger Throw"],"picked":"Flying Knee","floor":14},{"not_picked":["Malaise","Tools of the Trade"],"picked":"After Image","floor":16},{"not_picked":["All Out Attack","Finisher"],"picked":"Terror","floor":18},{"not_picked":["PiercingWail","Well Laid Plans"],"picked":"Backstab","floor":20},{"not_picked":["Concentrate","All Out Attack"],"picked":"Expertise","floor":22},{"not_picked":["Terror","Finisher","Underhanded Strike"],"picked":"SKIP","floor":24}],"player_experience":521054,"relics_obtained":[{"floor":6,"key":"The Specimen"},{"floor":9,"key":"Torii"},{"floor":12,"key":"Odd Mushroom"},{"floor":24,"key":"MawBank"},{"floor":26,"key":"Bag of Preparation"}],"event_choices":[{"damage_healed":0,"gold_gain":0,"player_choice":"Success","damage_taken":7,"relics_obtained":["Old Coin"],"max_hp_gain":0,"max_hp_loss":0,"event_name":"Scrap Ooze","floor":5,"gold_loss":0},{"damage_healed":0,"gold_gain":0,"player_choice":"2 cards matched","damage_taken":0,"max_hp_gain":0,"max_hp_loss":0,"event_name":"Match and Keep!","floor":8,"gold_loss":0,"cards_obtained":["Neutralize","Escape Plan"]},{"damage_healed":0,"gold_gain":0,"player_choice":"Fought Mushrooms","damage_taken":0,"max_hp_gain":0,"max_hp_loss":0,"event_name":"Mushrooms","floor":12,"gold_loss":0},{"damage_healed":0,"gold_gain":0,"player_choice":"Shed Blood","damage_taken":19,"max_hp_gain":5,"max_hp_loss":0,"event_name":"Forgotten Altar","floor":19,"gold_loss":0},{"damage_healed":0,"gold_gain":0,"player_choice":"Inject Mutagens","damage_taken":0,"relics_obtained":["MutagenicStrength"],"max_hp_gain":0,"max_hp_loss":0,"event_name":"Drug Dealer","floor":21,"gold_loss":0}],"is_beta":false,"boss_relics":[{"not_picked":["Tiny House","Lizard Tail"],"picked":"Runic Dome"}],"items_purged_floors":[],"is_endless":false,"potions_floor_spawned":[2,3,4,10,18,24],"killed_by":"Gremlin Leader","ascension_level":13}