{"gold_per_floor":[110,110,110,35,54,79,79,28,103,117,131,146,165,165,165,236,236,219,236,18,36,36,36],"floor_reached":23,"playtime":1141,"items_purged":[],"score":347,"play_id":"19ea1218-4929-4814-a361-9ec2cf939313","local_time":"20190526032911","is_ascension_mode":true,"campfire_choices":[{"floor":7,"key":"REST"},{"floor":15,"key":"REST"}],"neow_cost":"NONE","seed_source_timestamp":598176960988018,"circlet_count":0,"master_deck":["AscendersBane","Strike_B","Strike_B","Strike_B","Strike_B","Defend_B","Defend_B","Defend_B","Defend_B","Zap","Dualcast","Cold Snap","Capacitor","Conserve Battery","Undo","Coolheaded","Consume+1","Cold Snap","Conserve Battery+1","Fission+1","Steam+1","Electrodynamics","Force Field+1","Cold Snap","Blizzard"],"relics":["Cracked Core","Gremlin Horn","PreservedInsect","Toxic Egg 2","Runic Dome","ClockworkSouvenir"],"potions_floor_usage":[11,16,23],"damage_taken":[{"damage":1,"enemies":"Cultist","floor":1,"turns":3},{"damage":1,"enemies":"Small Slimes","floor":5,"turns":3},{"damage":45,"enemies":"3 Sentries","floor":6,"turns":9},{"damage":0,"enemies":"Jaw Worm","floor":10,"turns":4},{"damage":0,"enemies":"3 Louse","floor":11,"turns":3},{"damage":32,"enemies":"Lots of Slimes","floor":12,"turns":5},{"damage":4,"enemies":"Blue Slaver","floor":13,"turns":3},{"damage":20,"enemies":"Hexaghost","floor":16,"turns":23},{"damage":16,"enemies":"2 Thieves","floor":18,"turns":4},{"damage":0,"enemies":"Spheric Guardian","floor":19,"turns":5},{"damage":9,"enemies":"Snake Plant","floor":21,"turns":7},{"damage":41,"enemies":"Gremlin Leader","floor":23,"turns":4}],"seed_played":"4670751620153668350","potions_obtained":[{"floor":5,"key":"GamblersBrew"},{"floor":10,"key":"Fire Potion"},{"floor":13,"key":"Dexterity Potion"},{"floor":16,"key":"LiquidBronze"},{"floor":19,"key":"FearPotion"}],"is_trial":false,"path_per_floor":["?","?","$","?","M","?"],"character_chosen":"DEFECT","items_purchased":["Capacitor","Coolheaded","ClockworkSouvenir"],"campfire_rested":2,"item_purchase_floors":[4,8,20],"current_hp_per_floor":[70,75,70,70,69,24,48,48,48,48,48,16,12,12,36,16,66,50,50,50,41,41,0],"gold":36,"neow_bonus":"TEN_PERCENT_HP_BONUS","is_prod":false,"is_daily":false,"chose_seed":false,"campfire_upgraded":0,"win_rate":0,"timestamp":1558855751,"path_taken":["M","?","?","?","M","E","R","$","T","M","M","M","M","?","R","BOSS","M","?","$","M","?","E"],"build_version":"2019-01-23","purchased_purges":0,"victory":false,"max_hp_per_floor":[78,83,83,83,83,83,83,83,83,83,83,83,83,83,83,83,83,83,83,83,83,83,83],"card_choices":[{"not_picked":["Conserve Battery","Storm"],"picked":"Cold Snap","floor":1},{"not_picked":["Skim","Go for the Eyes"],"picked":"Conserve Battery","floor":5},{"not_picked":["Leap","Cold Snap"],"picked":"Undo","floor":6},{"not_picked":["Steam Power+1","Beam Cell"],"picked":"Consume+1","floor":10},{"not_picked":["Aggregate+1","Turbo+1"],"picked":"Cold Snap","floor":11},{"not_picked":["Beam Cell","Cold Snap"],"picked":"Conserve Battery+1","floor":12},{"not_picked":["Double Energy+1","Hologram+1"],"picked":"Fission+1","floor":13},{"not_picked":["Seek+1","Hyperbeam"],"picked":"Electrodynamics","floor":16},{"not_picked":["Gash","Sweeping Beam"],"picked":"Force Field+1","floor":18},{"not_picked":["Leap+1","Steam Power+1"],"picked":"Cold Snap","floor":19},{"not_picked":["Cold Snap","Amplify+1"],"picked":"Blizzard","floor":21}],"player_experience":708374,"relics_obtained":[{"floor":6,"key":"PreservedInsect"},{"floor":9,"key":"Toxic Egg 2"}],"event_choices":[{"damage_healed":0,"gold_gain":0,"player_choice":"Donut","damage_taken":0,"max_hp_gain":5,"max_hp_loss":0,"event_name":"Big Fish","floor":2,"gold_loss":0},{"damage_healed":0,"gold_gain":0,"player_choice":"Success","damage_taken":5,"relics_obtained":["Gremlin Horn"],"max_hp_gain":0,"max_hp_loss":0,"event_name":"Scrap Ooze","floor":3,"gold_loss":0},{"damage_healed":0,"gold_gain":0,"player_choice":"1 cards matched","damage_taken":0,"max_hp_gain":0,"max_hp_loss":0,"event_name":"Match and Keep!","floor":14,"gold_loss":0,"cards_obtained":["Steam"]},{"damage_healed":0,"gold_gain":0,"player_choice":"Ignored","damage_taken":0,"max_hp_gain":0,"max_hp_loss":0,"event_name":"Beggar","floor":22,"gold_loss":0}],"is_beta":false,"boss_relics":[{"not_picked":["Tiny House","Calling Bell"],"picked":"Runic Dome"}],"items_purged_floors":[],"is_endless":false,"potions_floor_spawned":[5,10,13,16,19,21],"killed_by":"Gremlin Leader","ascension_level":16}