{"gold_per_floor":[14,14,14,28,28,28,28,72,72,107,35,35,35,60,60,186,186,201,222,65,65],"floor_reached":21,"playtime":1066,"items_purged":[],"score":312,"play_id":"af7f3b20-2eec-4ac9-a50e-10c16a47e734","local_time":"20190531195054","is_ascension_mode":true,"campfire_choices":[{"data":"Uppercut","floor":6,"key":"SMITH"},{"floor":12,"key":"REST"},{"floor":15,"key":"REST"}],"neow_cost":"NO_GOLD","seed_source_timestamp":454509169779197,"circlet_count":0,"master_deck":["AscendersBane","Defend_R","Defend_R","Defend_R","Bash+1","Feel No Pain","Feed","Uppercut+1","Flame Barrier","True Grit","Inflame","Burning Pact","Pommel Strike","Limit Break","Clothesline+1","Offering+1","Demon Form+1","Shrug It Off","Dual Wield","Impervious"],"relics":["Burning Blood","Golden Idol","Mango","Ornamental Fan","Pocketwatch","Astrolabe"],"potions_floor_usage":[],"damage_taken":[{"damage":11,"enemies":"Jaw Worm","floor":1,"turns":4},{"damage":7,"enemies":"Small Slimes","floor":4,"turns":3},{"damage":35,"enemies":"3 Sentries","floor":8,"turns":13},{"damage":25,"enemies":"Gremlin Nob","floor":10,"turns":6},{"damage":0,"enemies":"2 Louse","floor":14,"turns":2},{"damage":48,"enemies":"Slime Boss","floor":16,"turns":16},{"damage":52,"enemies":"2 Thieves","floor":18,"turns":4},{"damage":42,"enemies":"Shell Parasite","floor":19,"turns":7},{"damage":16,"enemies":"3 Cultists","floor":21,"turns":3}],"seed_played":"5548378174682477277","potions_obtained":[{"floor":10,"key":"Fire Potion"},{"floor":14,"key":"Block Potion"}],"is_trial":false,"path_per_floor":["M","?","?","M","$","R","?","E","T","E","$","R","?","M","R","B",null,"M","M","$","M"],"character_chosen":"IRONCLAD","items_purchased":["Burning Pact","Impervious"],"campfire_rested":2,"item_purchase_floors":[11,20],"current_hp_per_floor":[67,51,51,53,53,53,53,41,41,25,25,54,47,56,86,47,89,46,13,13,0],"gold":65,"neow_bonus":"TRANSFORM_TWO_CARDS","is_prod":false,"is_daily":false,"chose_seed":false,"campfire_upgraded":1,"win_rate":0,"timestamp":1559346654,"path_taken":["M","?","?","M","$","R","?","E","T","E","$","R","?","?","R","BOSS","M","M","$","?"],"build_version":"2019-01-23","purchased_purges":0,"victory":false,"max_hp_per_floor":[80,80,74,77,77,77,77,94,94,97,97,97,97,100,100,103,103,106,109,109,109],"card_choices":[{"not_picked":["Perfected Strike","Twin Strike"],"picked":"Uppercut","floor":1},{"not_picked":["Metallicize","Shrug It Off"],"picked":"Flame Barrier","floor":4},{"not_picked":["Perfected Strike","Entrench"],"picked":"True Grit","floor":8},{"not_picked":["Pommel Strike","Cleave"],"picked":"Inflame","floor":10},{"not_picked":["Body Slam","Havoc"],"picked":"Pommel Strike","floor":14},{"not_picked":["Impervious","Offering"],"picked":"Limit Break","floor":16},{"not_picked":["Clothesline+1","Perfected Strike"],"picked":"Shrug It Off","floor":18},{"not_picked":["Headbutt","Anger"],"picked":"Dual Wield","floor":19}],"player_experience":319861,"relics_obtained":[{"floor":8,"key":"Mango"},{"floor":9,"key":"Ornamental Fan"},{"floor":10,"key":"Pocketwatch"}],"event_choices":[{"damage_healed":0,"gold_gain":0,"player_choice":"Entered Light","damage_taken":16,"max_hp_gain":0,"max_hp_loss":0,"event_name":"Shining Light","floor":2,"gold_loss":0,"cards_upgraded":["Bash","Strike_R"]},{"damage_healed":0,"gold_gain":0,"player_choice":"Lose Max HP","damage_taken":0,"relics_obtained":["Golden Idol"],"max_hp_gain":0,"max_hp_loss":6,"event_name":"Golden Idol","floor":3,"gold_loss":0},{"damage_healed":0,"gold_gain":0,"player_choice":"Ignored","damage_taken":0,"max_hp_gain":0,"max_hp_loss":0,"event_name":"Liars Game","floor":7,"gold_loss":0},{"cards_removed":["Strike_R"],"damage_healed":0,"gold_gain":0,"player_choice":"Card Removal","damage_taken":7,"max_hp_gain":0,"max_hp_loss":0,"event_name":"Golden Wing","floor":13,"gold_loss":0}],"is_beta":false,"boss_relics":[{"not_picked":["Fusion Hammer","Runic Cube"],"picked":"Astrolabe"}],"items_purged_floors":[],"is_endless":false,"potions_floor_spawned":[10,14,16,19],"killed_by":"3 Cultists","ascension_level":11}