{"gold_per_floor":[218,231,4,4,79,79,113,113,161,161,180,180,196,227,227,322,322,336,336],"floor_reached":19,"playtime":709,"items_purged":[],"score":193,"play_id":"47fff67d-3fec-4531-8bd1-6e9a167cb55a","local_time":"20190129004512","is_ascension_mode":true,"campfire_choices":[{"data":"Zap","floor":6.0,"key":"SMITH"},{"floor":8.0,"key":"REST"},{"data":"Streamline","floor":10.0,"key":"SMITH"},{"data":"Hologram","floor":12.0,"key":"SMITH"},{"floor":15.0,"key":"REST"}],"neow_cost":"NONE","seed_source_timestamp":511182922615,"circlet_count":0,"master_deck":["Strike_B","Strike_B+1","Strike_B","Strike_B","Defend_B","Defend_B","Defend_B","Defend_B","Zap+1","Dualcast","Coolheaded","Streamline+1","Gash+1","Glacier","Hologram+1","Steam","Glacier","All For One"],"special_seed":0,"relics":["Cracked Core","Membership Card","Bag of Preparation","Smiling Mask","Whetstone","Inserter"],"potions_floor_usage":[19,19],"damage_taken":[{"damage":7.0,"enemies":"Small Slimes","floor":1.0,"turns":3.0},{"damage":0.0,"enemies":"Cultist","floor":2.0,"turns":3.0},{"damage":47.0,"enemies":"Gremlin Nob","floor":7.0,"turns":5.0},{"damage":5.0,"enemies":"Jaw Worm","floor":11.0,"turns":3.0},{"damage":9.0,"enemies":"3 Louse","floor":13.0,"turns":2.0},{"damage":7.0,"enemies":"3 Sentries","floor":14.0,"turns":7.0},{"damage":6.0,"enemies":"The Guardian","floor":16.0,"turns":12.0},{"damage":0,"enemies":"Spheric Guardian","floor":18,"turns":7},{"damage":33,"enemies":"Colosseum Slavers","floor":19,"turns":6},{"damage":52,"enemies":"Colosseum Nobs","floor":19,"turns":7}],"seed_played":"-7032518018858259532","potions_obtained":[{"floor":1.0,"key":"Energy Potion"},{"floor":11.0,"key":"Dexterity Potion"},{"floor":14.0,"key":"AttackPotion"},{"floor":16,"key":"SkillPotion"}],"is_trial":false,"path_per_floor":["M","M","$","?","?","R","E","R","T","R","M","R","M","E","R","B",null,"M","?"],"character_chosen":"DEFECT","items_purchased":["Membership Card","Gash"],"campfire_rested":2,"item_purchase_floors":[3,3],"current_hp_per_floor":[68,68,68,68,61,61,14,36,36,36,31,31,22,15,37,31,75,75,0],"gold":336,"neow_bonus":"HUNDRED_GOLD","is_prod":false,"is_daily":false,"chose_seed":false,"campfire_upgraded":3,"win_rate":0,"timestamp":1548719112,"path_taken":["M","M","$","?","?","R","E","R","T","R","M","R","?","E","R","BOSS","BOSS","M","?"],"build_version":"2019-01-23","purchased_purges":0,"victory":false,"max_hp_per_floor":[75,75,75,75,75,75,75,75,75,75,75,75,75,75,75,75,75,75,75],"card_choices":[{"not_picked":["Rebound","Self Repair"],"picked":"Coolheaded","floor":1.0},{"not_picked":["Recycle","Undo"],"picked":"Streamline","floor":2.0},{"not_picked":["Hologram","Blizzard"],"picked":"Glacier","floor":7.0},{"not_picked":["Steam","Coolheaded"],"picked":"Hologram","floor":11.0},{"not_picked":["Barrage","Hello World"],"picked":"Steam","floor":13.0},{"not_picked":["Rebound","Barrage"],"picked":"Glacier","floor":14.0},{"not_picked":["Meteor Strike","Core Surge"],"picked":"All For One","floor":16},{"not_picked":["Glacier","Sweeping Beam+1","Skim+1"],"picked":"SKIP","floor":18}],"player_experience":28222,"relics_obtained":[{"floor":7.0,"key":"Bag of Preparation"},{"floor":9.0,"key":"Smiling Mask"},{"floor":14.0,"key":"Whetstone"}],"event_choices":[{"damage_healed":0.0,"max_hp_gain":0.0,"max_hp_loss":0.0,"gold_gain":0.0,"event_name":"The Cleric","player_choice":"Leave","floor":4.0,"gold_loss":0.0,"damage_taken":0.0},{"damage_healed":0.0,"max_hp_gain":0.0,"max_hp_loss":0.0,"gold_gain":75.0,"event_name":"FaceTrader","player_choice":"Touch","floor":5.0,"gold_loss":0.0,"damage_taken":7.0},{"damage_healed":0,"gold_gain":0,"player_choice":"Fight","damage_taken":0,"max_hp_gain":0,"max_hp_loss":0,"event_name":"Colosseum","floor":19,"gold_loss":0},{"damage_healed":0,"gold_gain":0,"player_choice":"Fought Nobs","damage_taken":0,"max_hp_gain":0,"max_hp_loss":0,"event_name":"Colosseum","floor":19,"gold_loss":0}],"is_beta":false,"boss_relics":[{"not_picked":["Tiny House","Runic Pyramid"],"picked":"Inserter"}],"items_purged_floors":[],"is_endless":false,"potions_floor_spawned":[1,11,14,16,19],"killed_by":"Colosseum Nobs","ascension_level":2}