{"gold_per_floor":[118,118,118,136,136,136,161,161,210,210,227,244,260,285,285,380,380,396,412,429,429,440,471,484,77,103,115,146,258,289,313,325,337],"floor_reached":33,"playtime":3414,"items_purged":["Defend_G"],"score":296,"play_id":"2b6c6c91-5fba-4167-b8f9-143a17db463f","local_time":"20190530211307","is_ascension_mode":false,"campfire_choices":[{"data":"Neutralize","floor":6,"key":"SMITH"},{"floor":8,"key":"RECALL"},{"floor":15,"key":"REST"},{"floor":27,"key":"REST"},{"floor":32,"key":"REST"}],"neow_cost":"PERCENT_DAMAGE","seed_source_timestamp":45341623651400,"circlet_count":0,"master_deck":["Defend_G","Defend_G","Defend_G","Defend_G","Strike_G+1","Strike_G","Strike_G","Survivor","Neutralize+1","Underhanded Strike+1","Blade Dance","PiercingWail","Cloak And Dagger","Noxious Fumes","Terror","Dodge and Roll","Glass Knife","Backflip","Quick Slash+1","Well Laid Plans","Underhanded Strike+1","Escape Plan","Backflip+1","Discovery+1","Crippling Poison+1","Deadly Poison+1"],"relics":["Ring of the Snake","Mercury Hourglass","Kunai","Whetstone","PreservedInsect","Snecko Eye","Bottled Flame","Toxic Egg 2","MawBank"],"potions_floor_usage":[16,16,19,22,23,23],"damage_taken":[{"damage":0,"enemies":"2 Louse","floor":1,"turns":3},{"damage":0,"enemies":"Jaw Worm","floor":4,"turns":4},{"damage":0,"enemies":"Lagavulin","floor":7,"turns":9},{"damage":0,"enemies":"Small Slimes","floor":11,"turns":2},{"damage":1,"enemies":"Looter","floor":12,"turns":4},{"damage":9,"enemies":"Large Slime","floor":13,"turns":7},{"damage":28,"enemies":"Slime Boss","floor":16,"turns":13},{"damage":1,"enemies":"Chosen","floor":18,"turns":3},{"damage":8,"enemies":"3 Byrds","floor":19,"turns":5},{"damage":9,"enemies":"Cultist and Chosen","floor":20,"turns":6},{"damage":11,"enemies":"Snake Plant","floor":22,"turns":6},{"damage":5,"enemies":"Book of Stabbing","floor":23,"turns":3},{"damage":3,"enemies":"Centurion and Healer","floor":24,"turns":5},{"damage":9,"enemies":"Sentry and Sphere","floor":28,"turns":7},{"damage":1,"enemies":"Chosen and Byrds","floor":30,"turns":6},{"damage":12,"enemies":"Snake Plant","floor":31,"turns":6},{"damage":80,"enemies":"Collector","floor":33,"turns":7}],"seed_played":"-478263442694499460","potions_obtained":[{"floor":1,"key":"Dexterity Potion"},{"floor":11,"key":"Strength Potion"},{"floor":13,"key":"Energy Potion"},{"floor":18,"key":"Explosive Potion"},{"floor":19,"key":"SkillPotion"},{"floor":22,"key":"GamblersBrew"},{"floor":30,"key":"SteroidPotion"}],"is_trial":false,"path_per_floor":["M","?","T","M","?","R","E","R","T","?","M","M","M","T","R","B",null,"M","M","M","?","M","E","M","$","T","R","M","?","M","M","R","B"],"character_chosen":"THE_SILENT","items_purchased":["Toxic Egg 2","Discovery+1"],"campfire_rested":3,"item_purchase_floors":[25,25],"current_hp_per_floor":[49,46,46,46,46,46,46,46,46,51,51,50,41,41,63,35,75,74,66,57,43,32,27,24,24,24,48,39,39,38,26,50,0],"gold":337,"neow_bonus":"TRANSFORM_TWO_CARDS","is_prod":false,"is_daily":false,"chose_seed":false,"campfire_upgraded":1,"win_rate":0,"timestamp":1559265187,"path_taken":["M","?","?","M","?","R","E","R","T","?","M","M","M","?","R","BOSS","M","M","?","?","M","E","M","$","T","R","M","?","?","M","R","BOSS"],"build_version":"2019-01-23","purchased_purges":1,"victory":false,"max_hp_per_floor":[70,70,70,70,70,70,70,70,70,75,75,75,75,75,75,75,75,75,75,75,80,80,80,80,80,80,80,80,80,80,80,80,80],"card_choices":[{"not_picked":["Backstab","Outmaneuver"],"picked":"PiercingWail","floor":1},{"not_picked":["Dagger Spray","Endless Agony"],"picked":"Cloak And Dagger","floor":4},{"not_picked":["Underhanded Strike","Heel Hook","Choke"],"picked":"SKIP","floor":7},{"not_picked":["A Thousand Cuts","Dagger Spray"],"picked":"Noxious Fumes","floor":11},{"not_picked":["Flechettes","Deflect"],"picked":"Terror","floor":12},{"not_picked":["Sucker Punch","Tactician"],"picked":"Dodge and Roll","floor":13},{"not_picked":["Wraith Form v2","Phantasmal Killer"],"picked":"Glass Knife","floor":16},{"not_picked":["Outmaneuver+1","Cloak And Dagger"],"picked":"Backflip","floor":18},{"not_picked":["Underhanded Strike","Prepared+1"],"picked":"Quick Slash+1","floor":19},{"not_picked":["Outmaneuver","Bane+1"],"picked":"Well Laid Plans","floor":20},{"not_picked":["Dagger Spray+1","Well Laid Plans+1"],"picked":"Underhanded Strike+1","floor":22},{"not_picked":["Tactician","Dagger Throw"],"picked":"Escape Plan","floor":23},{"not_picked":["Deadly Poison","Heel Hook"],"picked":"Backflip+1","floor":24},{"not_picked":["Backflip+1","PiercingWail+1"],"picked":"Crippling Poison+1","floor":28},{"not_picked":["Heel Hook","Cloak And Dagger+1","Poisoned Stab"],"picked":"SKIP","floor":30},{"not_picked":["Underhanded Strike+1","Skewer"],"picked":"Deadly Poison+1","floor":31}],"player_experience":71387,"relics_obtained":[{"floor":3,"key":"Kunai"},{"floor":7,"key":"Whetstone"},{"floor":9,"key":"PreservedInsect"},{"floor":23,"key":"Bottled Flame"},{"floor":26,"key":"MawBank"}],"event_choices":[{"damage_healed":0,"gold_gain":0,"player_choice":"Success","damage_taken":3,"relics_obtained":["Mercury Hourglass"],"max_hp_gain":0,"max_hp_loss":0,"event_name":"Scrap Ooze","floor":2,"gold_loss":0},{"damage_healed":0,"gold_gain":0,"player_choice":"Ignored","damage_taken":0,"max_hp_gain":0,"max_hp_loss":0,"event_name":"Liars Game","floor":5,"gold_loss":0},{"damage_healed":0,"gold_gain":0,"player_choice":"Donut","damage_taken":0,"max_hp_gain":5,"max_hp_loss":0,"event_name":"Big Fish","floor":10,"gold_loss":0},{"damage_healed":0,"gold_gain":0,"player_choice":"Shed Blood","damage_taken":19,"max_hp_gain":5,"max_hp_loss":0,"event_name":"Forgotten Altar","floor":21,"gold_loss":0},{"damage_healed":0,"gold_gain":100,"player_choice":"Pray","damage_taken":0,"max_hp_gain":0,"max_hp_loss":0,"event_name":"Golden Shrine","floor":29,"gold_loss":0}],"is_beta":false,"boss_relics":[{"not_picked":["Philosopher\u0027s Stone","Runic Pyramid"],"picked":"Snecko Eye"}],"items_purged_floors":[25],"is_endless":false,"potions_floor_spawned":[1,11,13,18,19,22,30],"killed_by":"Collector","ascension_level":0}