{"gold_per_floor":[209,227,243,108,121,121,155,155,182,211,211,249,249,249,249,375,375,394,132,156,176,200,200,236,250,300,300,300,313,334,334,334,454,454,475,475,500,500,521,521,557,557,580,640,69,69,31,54,54,54],"floor_reached":51,"playtime":5951,"items_purged":["Injury","Strike_B"],"score":872,"play_id":"5b6ed2a6-f713-4979-a401-88cf742e263b","local_time":"20190502170551","is_ascension_mode":true,"campfire_choices":[{"data":"Chaos","floor":6,"key":"SMITH"},{"floor":8,"key":"REST"},{"floor":15,"key":"REST"},{"floor":23,"key":"REST"},{"floor":32,"key":"REST"},{"data":"Defragment","floor":40,"key":"SMITH"},{"data":"Fusion","floor":42,"key":"SMITH"},{"data":"Consume","floor":46,"key":"SMITH"},{"data":"Chaos","floor":49,"key":"SMITH"}],"neow_cost":"NONE","seed_source_timestamp":3806265943578536,"circlet_count":0,"master_deck":["Strike_B","Strike_B","Defend_B","Defend_B","Defend_B","Defend_B","Zap","Dualcast","Chaos+1","Ball Lightning","Hologram","Consume+1","Discovery","Defragment+1","Sunder","Compile Driver","Cold Snap","Rebound","Echo Form","Coolheaded","Capacitor","BootSequence","Skim","Conserve Battery","Fusion+1","Cold Snap","Redo","RitualDagger","Ghostly","Ghostly","Ghostly","Ghostly","Ghostly","Double Energy+1","Core Surge","Machine Learning","Self Repair","Madness","Madness","Ball Lightning+1","Chill+1","White Noise+1","Beam Cell+1","FTL","Finesse","Skim","Barrage","Chaos+1","Loop+1"],"relics":["FrozenCore","Anchor","Lantern","Pen Nib","Golden Idol","Unceasing Top","Incense Burner","Blood Vial","Lizard Tail","Nunchaku","Gambling Chip","PreservedInsect","Bird Faced Urn","Oddly Smooth Stone"],"potions_floor_usage":[12,16,24,24,29,33,50],"damage_taken":[{"damage":0,"enemies":"Cultist","floor":1,"turns":4},{"damage":5,"enemies":"Small Slimes","floor":2,"turns":3},{"damage":0,"enemies":"Jaw Worm","floor":3,"turns":4},{"damage":11,"enemies":"Looter","floor":5,"turns":3},{"damage":31,"enemies":"Lagavulin","floor":7,"turns":8},{"damage":20,"enemies":"3 Sentries","floor":10,"turns":5},{"damage":20,"enemies":"Lagavulin","floor":12,"turns":5},{"damage":23,"enemies":"Slime Boss","floor":16,"turns":12},{"damage":4,"enemies":"Spheric Guardian","floor":18,"turns":3},{"damage":14,"enemies":"Chosen","floor":20,"turns":5},{"damage":1,"enemies":"Centurion and Healer","floor":21,"turns":9},{"damage":11,"enemies":"Cultist and Chosen","floor":22,"turns":7},{"damage":42,"enemies":"Gremlin Leader","floor":24,"turns":7},{"damage":9,"enemies":"Snake Plant","floor":25,"turns":6},{"damage":13,"enemies":"Chosen and Byrds","floor":29,"turns":8},{"damage":0,"enemies":"Snecko","floor":30,"turns":5},{"damage":10,"enemies":"Collector","floor":33,"turns":13},{"damage":8,"enemies":"3 Darklings","floor":35,"turns":9},{"damage":3,"enemies":"Orb Walker","floor":37,"turns":6},{"damage":2,"enemies":"3 Darklings","floor":39,"turns":8},{"damage":36,"enemies":"Nemesis","floor":41,"turns":9},{"damage":0,"enemies":"2 Orb Walkers","floor":44,"turns":6},{"damage":0,"enemies":"Maw","floor":48,"turns":8},{"damage":0,"enemies":"Donu and Deca","floor":50,"turns":14}],"seed_played":"-8320161434925800187","potions_obtained":[{"floor":1,"key":"Explosive Potion"},{"floor":3,"key":"GamblersBrew"},{"floor":5,"key":"Regen Potion"},{"floor":12,"key":"Dexterity Potion"},{"floor":20,"key":"GamblersBrew"},{"floor":21,"key":"PowerPotion"},{"floor":30,"key":"LiquidBronze"},{"floor":44,"key":"Energy Potion"},{"floor":48,"key":"EntropicBrew"}],"is_trial":false,"path_per_floor":["M","?","?","?","?","?","?","?","T","?","$","M"],"character_chosen":"DEFECT","items_purchased":["Consume","Discovery","Capacitor","BootSequence","Skim","FTL","Finesse","Oddly Smooth Stone","Regen Potion","Skim","Barrage","Chaos"],"campfire_rested":4,"item_purchase_floors":[4,4,19,19,19,45,45,45,45,45,45,47],"current_hp_per_floor":[75,70,70,70,59,59,28,50,50,30,30,22,27,27,51,28,80,76,76,62,61,50,74,32,23,23,17,17,6,8,8,20,12,40,32,27,26,26,33,33,27,27,27,36,36,36,36,40,40,40],"gold":54,"neow_bonus":"HUNDRED_GOLD","is_prod":false,"is_daily":false,"chose_seed":false,"campfire_upgraded":5,"win_rate":0,"timestamp":1556831151,"path_taken":["M","M","?","$","M","R","E","R","T","E","?","E","?","?","R","BOSS","M","$","M","M","M","R","E","M","T","?","?","M","M","?","R","BOSS","M","?","M","?","M","R","E","R","T","?","$","R","?","?","R","BOSS"],"build_version":"2019-01-23","purchased_purges":2,"victory":true,"max_hp_per_floor":[75,75,75,75,75,75,75,75,75,75,75,75,80,80,80,80,80,80,80,80,80,80,80,80,80,80,80,40,40,40,40,40,40,40,40,40,40,40,40,40,40,40,40,40,40,40,40,40,40,40],"card_choices":[{"not_picked":["Sweeping Beam","Stack"],"picked":"Chaos","floor":1},{"not_picked":["Compile Driver","Melter"],"picked":"Ball Lightning","floor":2},{"not_picked":["Auto Shields","Ball Lightning"],"picked":"Hologram","floor":3},{"not_picked":["Sweeping Beam","Coolheaded"],"picked":"Defragment","floor":5},{"not_picked":["Skim","Tempest"],"picked":"Sunder","floor":7},{"not_picked":["Leap","Streamline"],"picked":"Compile Driver","floor":10},{"not_picked":["Sweeping Beam","Redo"],"picked":"Cold Snap","floor":12},{"not_picked":["Multi-Cast","Biased Cognition"],"picked":"Echo Form","floor":16},{"not_picked":["Leap","Hologram"],"picked":"Coolheaded","floor":18},{"not_picked":["Gash","Meteor Strike"],"picked":"Conserve Battery","floor":20},{"not_picked":["Turbo","Beam Cell"],"picked":"Fusion","floor":21},{"not_picked":["Ball Lightning","Go for the Eyes"],"picked":"Cold Snap","floor":22},{"not_picked":["Gash","Doom and Gloom"],"picked":"Redo","floor":24},{"not_picked":["Melter","Sweeping Beam","Static Discharge"],"picked":"SKIP","floor":25},{"not_picked":["Steam","Sweeping Beam"],"picked":"Double Energy+1","floor":29},{"not_picked":["Streamline","Lockon"],"picked":"Core Surge","floor":30},{"not_picked":["Meteor Strike","Amplify"],"picked":"Machine Learning","floor":33},{"not_picked":["Tempest+1","Compile Driver+1"],"picked":"Self Repair","floor":35},{"not_picked":["Hologram+1","Compile Driver+1"],"picked":"Ball Lightning+1","floor":37},{"not_picked":["Doom and Gloom+1","Ball Lightning"],"picked":"Chill+1","floor":39},{"not_picked":["Turbo","Machine Learning"],"picked":"White Noise+1","floor":41},{"not_picked":["Turbo","Hologram"],"picked":"Beam Cell+1","floor":44},{"not_picked":["Aggregate","Chaos"],"picked":"Loop+1","floor":48}],"player_experience":197764,"relics_obtained":[{"floor":7,"key":"Anchor"},{"floor":9,"key":"Lantern"},{"floor":10,"key":"Pen Nib"},{"floor":12,"key":"Unceasing Top"},{"floor":24,"key":"Incense Burner"},{"floor":26,"key":"Blood Vial"},{"floor":38,"key":"Nunchaku"},{"floor":41,"key":"Gambling Chip"},{"floor":43,"key":"PreservedInsect"},{"floor":44,"key":"Bird Faced Urn"}],"event_choices":[{"damage_healed":0,"gold_gain":0,"player_choice":"Take Wound","damage_taken":0,"relics_obtained":["Golden Idol"],"max_hp_gain":0,"max_hp_loss":0,"event_name":"Golden Idol","floor":11,"gold_loss":0,"cards_obtained":["Injury"]},{"damage_healed":0,"gold_gain":0,"player_choice":"Donut","damage_taken":0,"max_hp_gain":5,"max_hp_loss":0,"event_name":"Big Fish","floor":13,"gold_loss":0},{"damage_healed":0,"gold_gain":0,"cards_transformed":["Strike_B"],"player_choice":"Transformed","damage_taken":0,"max_hp_gain":0,"max_hp_loss":0,"event_name":"Transmorgrifier","floor":14,"gold_loss":0,"cards_obtained":["Rebound"]},{"damage_healed":0,"gold_gain":0,"player_choice":"Joined the Cult","damage_taken":6,"max_hp_gain":0,"max_hp_loss":0,"event_name":"Nest","floor":27,"gold_loss":0,"cards_obtained":["RitualDagger"]},{"damage_healed":0,"gold_gain":0,"player_choice":"Became a Ghost","damage_taken":0,"max_hp_gain":0,"max_hp_loss":40,"event_name":"Ghosts","floor":28,"gold_loss":0,"cards_obtained":["Ghostly","Ghostly","Ghostly","Ghostly","Ghostly"]},{"damage_healed":0,"gold_gain":0,"player_choice":"Ignored","damage_taken":0,"max_hp_gain":0,"max_hp_loss":0,"event_name":"Cursed Tome","floor":31,"gold_loss":0},{"damage_healed":0,"gold_gain":0,"player_choice":"Embrace Madness","damage_taken":5,"max_hp_gain":0,"max_hp_loss":0,"event_name":"Winding Halls","floor":36,"gold_loss":0,"cards_obtained":["Madness","Madness"]},{"damage_healed":0,"gold_gain":0,"player_choice":"Fight","damage_taken":0,"max_hp_gain":0,"max_hp_loss":0,"event_name":"Mysterious Sphere","floor":44,"gold_loss":0}],"is_beta":false,"boss_relics":[{"not_picked":["Fusion Hammer","Tiny House"],"picked":"FrozenCore"},{"not_picked":["Cursed Key","Pandora\u0027s Box"],"picked":"Lizard Tail"}],"items_purged_floors":[19,45],"is_endless":false,"potions_floor_spawned":[1,3,5,12,20,21,30,44,48],"ascension_level":3}