{"gold_per_floor":[147,161,161,161,174,174,201,201,269,285,310,330,349,380,380,476,476,493,493,511,426,449,449],"floor_reached":23,"playtime":2066,"items_purged":[],"score":232,"play_id":"4672447c-e5f9-465a-9c02-023b8a3b7813","local_time":"20190528221325","is_ascension_mode":true,"campfire_choices":[{"data":"Dash","floor":6,"key":"SMITH"},{"data":"Neutralize","floor":8,"key":"SMITH"},{"floor":15,"key":"REST"}],"neow_cost":"NONE","seed_source_timestamp":67520891202161,"circlet_count":0,"master_deck":["Defend_G","Defend_G","Defend_G","Defend_G","Defend_G","Strike_G","Strike_G","Strike_G","Strike_G","Strike_G","Survivor","Neutralize+1","Outmaneuver","Dash+1","Riddle With Holes+1","Dagger Spray+1","Flying Knee+1","Dagger Throw+1","Slice+1","Backflip","Venomology","Acrobatics","Dash+1"],"relics":["Ring of the Serpent","Tiny Chest","Molten Egg 2","Letter Opener","WingedGreaves","Pen Nib","Blue Candle","Ancient Tea Set"],"potions_floor_usage":[16,16,23],"damage_taken":[{"damage":1,"enemies":"Cultist","floor":1,"turns":5},{"damage":4,"enemies":"Jaw Worm","floor":2,"turns":5},{"damage":0,"enemies":"2 Louse","floor":5,"turns":4},{"damage":4,"enemies":"3 Sentries","floor":7,"turns":9},{"damage":0,"enemies":"Blue Slaver","floor":10,"turns":2},{"damage":1,"enemies":"Gremlin Nob","floor":11,"turns":3},{"damage":0,"enemies":"3 Louse","floor":12,"turns":2},{"damage":2,"enemies":"Gremlin Gang","floor":13,"turns":4},{"damage":13,"enemies":"3 Sentries","floor":14,"turns":5},{"damage":19,"enemies":"The Guardian","floor":16,"turns":11},{"damage":0,"enemies":"Chosen","floor":18,"turns":3},{"damage":10,"enemies":"2 Thieves","floor":20,"turns":4},{"damage":68,"enemies":"Slavers","floor":23,"turns":4}],"seed_played":"-425356043759032862","potions_obtained":[{"floor":2,"key":"Block Potion"},{"floor":7,"key":"Swift Potion"},{"floor":10,"key":"Poison Potion"},{"floor":12,"key":"Weak Potion"}],"is_trial":false,"path_per_floor":["M","M","$","T","M","R","E","R","T","M","E","M","M","E","R","B",null,"M","?","M","?","T","E"],"character_chosen":"THE_SILENT","items_purchased":[],"campfire_rested":1,"item_purchase_floors":[],"current_hp_per_floor":[69,65,65,65,65,65,61,61,61,61,60,60,58,45,66,47,70,70,70,60,60,60,0],"gold":449,"neow_bonus":"RANDOM_COMMON_RELIC","is_prod":false,"is_daily":false,"chose_seed":false,"campfire_upgraded":2,"win_rate":0,"timestamp":1559106805,"path_taken":["M","M","$","?","M","R","E","R","T","M","E","M","M","E","R","BOSS","M","?","?","?","?","E"],"build_version":"2019-01-23","purchased_purges":0,"victory":false,"max_hp_per_floor":[70,70,70,70,70,70,70,70,70,70,70,70,70,70,70,70,70,70,70,70,70,70,70],"card_choices":[{"not_picked":["Bane","Catalyst"],"picked":"Outmaneuver","floor":1},{"not_picked":["Reflex","Deflect"],"picked":"Dash","floor":2},{"not_picked":["Bouncing Flask","Infinite Blades"],"picked":"Riddle With Holes+1","floor":5},{"not_picked":["Dash+1","Setup"],"picked":"Dagger Spray+1","floor":7},{"not_picked":["Deadly Poison","Blade Dance"],"picked":"Flying Knee+1","floor":10},{"not_picked":["Blur","Well Laid Plans"],"picked":"Dagger Throw+1","floor":11},{"not_picked":["Bane+1","Acrobatics","Deflect"],"picked":"SKIP","floor":12},{"not_picked":["Deflect","Sucker Punch+1"],"picked":"Slice+1","floor":13},{"not_picked":["Heel Hook+1","Poisoned Stab+1"],"picked":"Backflip","floor":14},{"not_picked":["Phantasmal Killer","Corpse Explosion"],"picked":"Venomology","floor":16},{"not_picked":["Sucker Punch+1","Dodge and Roll"],"picked":"Acrobatics","floor":18},{"not_picked":["Cloak And Dagger+1","Poisoned Stab+1","Outmaneuver"],"picked":"SKIP","floor":20}],"player_experience":130634,"relics_obtained":[{"floor":4,"key":"Molten Egg 2"},{"floor":7,"key":"Letter Opener"},{"floor":11,"key":"WingedGreaves"},{"floor":14,"key":"Pen Nib"},{"floor":22,"key":"Ancient Tea Set"}],"event_choices":[{"damage_healed":0,"gold_gain":0,"player_choice":"Copied","damage_taken":0,"max_hp_gain":0,"max_hp_loss":0,"event_name":"Duplicator","floor":19,"gold_loss":0,"cards_obtained":["Dash"]},{"damage_healed":0,"gold_gain":0,"player_choice":"Obtained Relic","damage_taken":0,"relics_obtained":["Blue Candle"],"max_hp_gain":0,"max_hp_loss":0,"event_name":"Addict","floor":21,"gold_loss":85}],"is_beta":false,"boss_relics":[{"not_picked":["Velvet Choker","Cursed Key"],"picked":"Ring of the Serpent"}],"items_purged_floors":[],"is_endless":false,"potions_floor_spawned":[2,7,10,12,13,14],"killed_by":"Slavers","ascension_level":2}