{"gold_per_floor":[118,118,118,132,132,132,152,168,191,191,204,9,19,39,39,39],"floor_reached":16,"playtime":1263,"items_purged":["Regret"],"score":94,"play_id":"4d52e8c9-ab74-4883-93e8-db09b9c7d0e7","local_time":"20190515165539","is_ascension_mode":false,"campfire_choices":[{"data":"Zap","floor":6,"key":"SMITH"},{"data":"Consume","floor":10,"key":"SMITH"},{"floor":15,"key":"REST"}],"neow_cost":"TEN_PERCENT_HP_LOSS","seed_source_timestamp":21499961847647,"circlet_count":0,"master_deck":["Strike_B+1","Strike_B","Strike_B","Strike_B","Defend_B","Defend_B","Defend_B","Defend_B","Zap+1","Dualcast+1","Redo","Reinforced Body","Pain","Chaos","Consume+1","Thunder Strike","Stack","Static Discharge"],"relics":["Cracked Core","Ginger","Strawberry","WarpedTongs","Lantern"],"potions_floor_usage":[16,16],"damage_taken":[{"damage":2,"enemies":"2 Louse","floor":1,"turns":3},{"damage":4,"enemies":"Small Slimes","floor":4,"turns":3},{"damage":2,"enemies":"Cultist","floor":7,"turns":3},{"damage":12,"enemies":"Looter","floor":8,"turns":3},{"damage":10,"enemies":"Large Slime","floor":11,"turns":3},{"damage":8,"enemies":"Red Slaver","floor":13,"turns":4},{"damage":5,"enemies":"Looter","floor":14,"turns":2},{"damage":39,"enemies":"The Guardian","floor":16,"turns":5}],"seed_played":"-5036331478848440016","potions_obtained":[{"floor":7,"key":"GamblersBrew"},{"floor":8,"key":"Energy Potion"},{"floor":13,"key":"PowerPotion"}],"is_trial":false,"path_per_floor":["M","?","?","M","?","R","M","M","T","R","M","$","M","M","R","B"],"character_chosen":"DEFECT","items_purchased":["Stack","FocusPotion"],"campfire_rested":1,"item_purchase_floors":[12,12],"current_hp_per_floor":[66,73,58,54,54,54,52,40,40,40,30,30,22,17,39,0],"gold":39,"neow_bonus":"ONE_RARE_RELIC","is_prod":false,"is_daily":false,"chose_seed":false,"campfire_upgraded":2,"win_rate":0.0,"timestamp":1557950139,"path_taken":["M","?","?","M","?","R","M","?","T","R","M","$","M","M","R","BOSS"],"build_version":"2019-01-23","purchased_purges":1,"victory":false,"max_hp_per_floor":[68,75,75,75,75,75,75,75,75,75,75,75,75,75,75,75],"card_choices":[{"not_picked":["Hello World","Sweeping Beam"],"picked":"Redo","floor":1},{"not_picked":["Scrape","Leap"],"picked":"Reinforced Body","floor":4},{"not_picked":["Cold Snap","Doom and Gloom"],"picked":"Chaos","floor":7},{"not_picked":["Fusion","Redo"],"picked":"Consume","floor":8},{"not_picked":["Sweeping Beam","Aggregate"],"picked":"Thunder Strike","floor":11},{"not_picked":["Ball Lightning","Scrape","Reprogram"],"picked":"SKIP","floor":13},{"not_picked":["Go for the Eyes","Streamline"],"picked":"Static Discharge","floor":14}],"player_experience":58543,"relics_obtained":[{"floor":9,"key":"Lantern"}],"event_choices":[{"damage_healed":0,"gold_gain":0,"player_choice":"Box","damage_taken":0,"relics_obtained":["Strawberry"],"max_hp_gain":0,"max_hp_loss":0,"event_name":"Big Fish","floor":2,"gold_loss":0,"cards_obtained":["Regret"]},{"damage_healed":0,"gold_gain":0,"player_choice":"Entered Light","damage_taken":15,"max_hp_gain":0,"max_hp_loss":0,"event_name":"Shining Light","floor":3,"gold_loss":0,"cards_upgraded":["Strike_B","Dualcast"]},{"damage_healed":0,"gold_gain":0,"player_choice":"Rummage","damage_taken":0,"relics_obtained":["WarpedTongs"],"max_hp_gain":0,"max_hp_loss":0,"event_name":"Accursed Blacksmith","floor":5,"gold_loss":0,"cards_obtained":["Pain"]}],"is_beta":false,"boss_relics":[],"items_purged_floors":[12],"is_endless":false,"potions_floor_spawned":[7,8,13,14],"killed_by":"The Guardian","ascension_level":0}