{"gold_per_floor":[110,185,203,216,128,144,156,181,181,196,196,371,383,401,401,499,499,511,529,545,557,568,568,568,568,568,586,606,637,637,651,651,651],"floor_reached":33,"playtime":3035,"items_purged":[],"score":307,"play_id":"a86ef038-97f5-4b10-8d80-d4bf41405fdd","local_time":"20190524153314","is_ascension_mode":false,"campfire_choices":[{"floor":11,"key":"REST"},{"data":"Turbo","floor":15,"key":"SMITH"},{"floor":23,"key":"REST"},{"data":"Static Discharge","floor":25,"key":"SMITH"},{"data":"Electrodynamics","floor":32,"key":"SMITH"}],"neow_cost":"NONE","seed_source_timestamp":77340392442458,"circlet_count":0,"master_deck":["Strike_B","Strike_B","Strike_B","Strike_B","Defend_B","Defend_B","Defend_B","Defend_B","Zap","Dualcast","Ball Lightning","Beam Cell","Turbo+1","Glacier","Lockon","Cold Snap","Cold Snap","Static Discharge+1","Electrodynamics+1","Go for the Eyes","Coolheaded+1","Force Field","Cold Snap","Consume","Ghostly","Ghostly","Ghostly","Ghostly","Ghostly","Conserve Battery","Reboot","Sunder","Shame","White Noise","Gash"],"relics":["Runic Pyramid","Regal Pillow","Sozu","Juzu Bracelet","Red Mask"],"potions_floor_usage":[14,16,16],"damage_taken":[{"damage":1,"enemies":"Cultist","floor":1,"turns":4},{"damage":6,"enemies":"Jaw Worm","floor":3,"turns":4},{"damage":5,"enemies":"2 Louse","floor":4,"turns":3},{"damage":10,"enemies":"Looter","floor":6,"turns":3},{"damage":1,"enemies":"Large Slime","floor":7,"turns":5},{"damage":11,"enemies":"3 Sentries","floor":8,"turns":9},{"damage":3,"enemies":"2 Fungi Beasts","floor":10,"turns":4},{"damage":6,"enemies":"Red Slaver","floor":13,"turns":4},{"damage":5,"enemies":"Large Slime","floor":14,"turns":6},{"damage":8,"enemies":"The Guardian","floor":16,"turns":11},{"damage":3,"enemies":"Spheric Guardian","floor":18,"turns":5},{"damage":9,"enemies":"3 Byrds","floor":19,"turns":5},{"damage":12,"enemies":"Snake Plant","floor":20,"turns":5},{"damage":8,"enemies":"Chosen and Byrds","floor":21,"turns":7},{"damage":22,"enemies":"Sentry and Sphere","floor":22,"turns":4},{"damage":0,"enemies":"Centurion and Healer","floor":27,"turns":6},{"damage":1,"enemies":"Snecko","floor":28,"turns":6},{"damage":0,"enemies":"Masked Bandits","floor":29,"turns":6},{"damage":3,"enemies":"Cultist and Chosen","floor":31,"turns":6},{"damage":43,"enemies":"Collector","floor":33,"turns":7}],"seed_played":"-7012266451102245576","potions_obtained":[{"floor":3,"key":"Swift Potion"},{"floor":8,"key":"SteroidPotion"},{"floor":10,"key":"EssenceOfSteel"},{"floor":13,"key":"AttackPotion"}],"is_trial":false,"path_per_floor":["M","?","M","M","$","M","M","E","T","M","R","?","M","M","R","B",null,"M","M","M","M","M","R","?","R","T","M","M","?","?","M","R","B"],"character_chosen":"DEFECT","items_purchased":["Hello World","Turbo"],"campfire_rested":2,"item_purchase_floors":[5,5],"current_hp_per_floor":[74,63,57,52,52,42,41,30,30,27,64,64,58,53,53,45,75,72,63,51,43,21,58,37,37,37,37,36,36,36,33,33,0],"gold":651,"neow_bonus":"BOSS_RELIC","is_prod":false,"is_daily":false,"chose_seed":false,"campfire_upgraded":3,"win_rate":0,"timestamp":1558722794,"path_taken":["M","?","M","M","?","M","M","E","T","?","R","?","M","M","R","BOSS","M","M","M","M","M","R","?","R","T","M","M","?","?","M","R","BOSS"],"build_version":"2019-01-23","purchased_purges":0,"victory":false,"max_hp_per_floor":[75,75,75,75,75,75,75,75,75,75,75,75,75,75,75,75,75,75,75,75,75,75,75,37,37,37,37,37,37,37,37,37,37],"card_choices":[{"not_picked":["Hologram","Redo"],"picked":"Ball Lightning","floor":1},{"not_picked":["Gash","Steam","Seek"],"picked":"SKIP","floor":3},{"not_picked":["Gash","Sweeping Beam"],"picked":"Beam Cell","floor":4},{"not_picked":["Sweeping Beam","Coolheaded"],"picked":"Glacier","floor":6},{"not_picked":["Chill","Gash"],"picked":"Lockon","floor":7},{"not_picked":["Reprogram","Hello World"],"picked":"Cold Snap","floor":8},{"not_picked":["Self Repair","Compile Driver"],"picked":"Cold Snap","floor":10},{"not_picked":["Beam Cell","Rainbow"],"picked":"Static Discharge","floor":13},{"not_picked":["Stack","Steam","Hologram"],"picked":"SKIP","floor":14},{"not_picked":["Seek","Multi-Cast"],"picked":"Electrodynamics","floor":16},{"not_picked":["Ball Lightning","Chill"],"picked":"Go for the Eyes","floor":18},{"not_picked":["Rebound","Rip and Tear"],"picked":"Coolheaded+1","floor":19},{"not_picked":["Stack+1","Streamline"],"picked":"Force Field","floor":20},{"not_picked":["Genetic Algorithm","Redo"],"picked":"Cold Snap","floor":21},{"not_picked":["Aggregate","Skim"],"picked":"Consume","floor":22},{"not_picked":["Turbo","Gash"],"picked":"Conserve Battery","floor":27},{"not_picked":["Barrage+1","Glacier+1"],"picked":"Reboot","floor":28},{"not_picked":["Reprogram","Turbo+1"],"picked":"Sunder","floor":29},{"not_picked":["Ball Lightning+1","Steam"],"picked":"Gash","floor":31}],"player_experience":141067,"relics_obtained":[{"floor":8,"key":"Regal Pillow"},{"floor":26,"key":"Juzu Bracelet"},{"floor":29,"key":"Red Mask"}],"event_choices":[{"damage_healed":0,"gold_gain":75,"player_choice":"Gather Gold","damage_taken":11,"max_hp_gain":0,"max_hp_loss":0,"event_name":"World of Goop","floor":2,"gold_loss":0},{"damage_healed":0,"gold_gain":175,"player_choice":"AGREE","damage_taken":0,"max_hp_gain":0,"max_hp_loss":0,"event_name":"Liars Game","floor":12,"gold_loss":0,"cards_obtained":["Doubt"]},{"damage_healed":0,"gold_gain":0,"player_choice":"Became a Ghost","damage_taken":0,"max_hp_gain":0,"max_hp_loss":38,"event_name":"Ghosts","floor":24,"gold_loss":0,"cards_obtained":["Ghostly","Ghostly","Ghostly","Ghostly","Ghostly"]},{"damage_healed":0,"gold_gain":0,"player_choice":"Fought Bandits","damage_taken":0,"max_hp_gain":0,"max_hp_loss":0,"event_name":"Masked Bandits","floor":29,"gold_loss":0},{"damage_healed":0,"gold_gain":0,"cards_transformed":["Doubt","Hello World"],"player_choice":"Became Test Subject","damage_taken":0,"max_hp_gain":0,"max_hp_loss":0,"event_name":"Drug Dealer","floor":30,"gold_loss":0,"cards_obtained":["Shame","White Noise"]}],"is_beta":false,"boss_relics":[{"not_picked":["Nuclear Battery","Astrolabe"],"picked":"Sozu"}],"items_purged_floors":[],"is_endless":false,"potions_floor_spawned":[3,8,10,13,18,22,27,28],"killed_by":"Collector","ascension_level":0}