{"gold_per_floor":[109,126,143,159,17,17,33,53,80,80,107,120,120,136,136,241,241,210,210,227,243,243,243,259,259,259,184,203,203,218,236,236,341,341,351,368,5,20,20,45,61,78,130,150,150,200,200,215,215,215],"floor_reached":50,"playtime":6866,"items_purged":["Strike_G","Strike_G"],"score":509,"play_id":"a337e222-28c0-4004-a9bc-54df5de48251","local_time":"20190524023505","is_ascension_mode":false,"campfire_choices":[{"data":"Burst","floor":6.0,"key":"SMITH"},{"floor":13.0,"key":"REST"},{"floor":15.0,"key":"REST"},{"data":"Catalyst","floor":23,"key":"SMITH"},{"floor":25,"key":"REST"},{"data":"Die Die Die","floor":29,"key":"SMITH"},{"floor":32,"key":"REST"},{"data":"Well Laid Plans","floor":45,"key":"SMITH"},{"floor":47,"key":"REST"},{"floor":49,"key":"RECALL"}],"neow_cost":"PERCENT_DAMAGE","seed_source_timestamp":0,"circlet_count":0,"master_deck":["Defend_G","Defend_G","Defend_G","Defend_G","Defend_G","Strike_G","Strike_G","Strike_G","Survivor","Neutralize","Burst+1","Deadly Poison","Poisoned Stab","Prepared+1","Footwork","Catalyst+1","Backstab","Noxious Fumes","Dash","Venomology","Crippling Poison","Crippling Poison","Burst+1","Crippling Poison","Die Die Die+1","Poisoned Stab","Noxious Fumes","Writhe","Well Laid Plans+1","Leg Sweep+1"],"special_seed":0,"relics":["Ring of the Snake","FossilizedHelix","Lizard Tail","Matryoshka","Velvet Choker","Toy Ornithopter","Oddly Smooth Stone","Bag of Preparation","Lantern","Calipers"],"potions_floor_usage":[21,24,24,28,31,31,33,33,33,33,35,38,38,40,40,40,40,44,46,46,50,50],"damage_taken":[{"damage":0.0,"enemies":"Small Slimes","floor":1.0,"turns":4.0},{"damage":1.0,"enemies":"Jaw Worm","floor":2.0,"turns":5.0},{"damage":0.0,"enemies":"Cultist","floor":3.0,"turns":3.0},{"damage":0.0,"enemies":"Looter","floor":4.0,"turns":4.0},{"damage":7.0,"enemies":"Blue Slaver","floor":7.0,"turns":4.0},{"damage":13.0,"enemies":"2 Fungi Beasts","floor":8.0,"turns":4.0},{"damage":27.0,"enemies":"3 Sentries","floor":11.0,"turns":10.0},{"damage":0.0,"enemies":"Red Slaver","floor":12.0,"turns":4.0},{"damage":0.0,"enemies":"3 Louse","floor":14.0,"turns":4.0},{"damage":9.0,"enemies":"Hexaghost","floor":16.0,"turns":9.0},{"damage":23,"enemies":"2 Thieves","floor":18,"turns":5},{"damage":0,"enemies":"Chosen","floor":20,"turns":6},{"damage":0,"enemies":"Snecko","floor":21,"turns":5},{"damage":23,"enemies":"Centurion and Healer","floor":24,"turns":11},{"damage":0,"enemies":"Snake Plant","floor":28,"turns":1},{"damage":15,"enemies":"Snecko","floor":30,"turns":5},{"damage":13,"enemies":"Centurion and Healer","floor":31,"turns":6},{"damage":7,"enemies":"Champ","floor":33,"turns":9},{"damage":0,"enemies":"3 Shapes","floor":35,"turns":6},{"damage":7,"enemies":"3 Darklings","floor":36,"turns":6},{"damage":41,"enemies":"Spire Growth","floor":38,"turns":5},{"damage":35,"enemies":"Reptomancer","floor":40,"turns":6},{"damage":0,"enemies":"Maw","floor":41,"turns":7},{"damage":11,"enemies":"4 Shapes","floor":42,"turns":2},{"damage":0,"enemies":"Writhing Mass","floor":44,"turns":4},{"damage":77,"enemies":"2 Orb Walkers","floor":46,"turns":7},{"damage":0,"enemies":"Sphere and 2 Shapes","floor":48,"turns":5},{"damage":55,"enemies":"Time Eater","floor":50,"turns":11}],"seed_played":"-8523444063960230699","potions_obtained":[{"floor":4.0,"key":"SneckoOil"},{"floor":8.0,"key":"Weak Potion"},{"floor":12.0,"key":"AttackPotion"},{"floor":16.0,"key":"Energy Potion"},{"floor":24,"key":"Swift Potion"},{"floor":30,"key":"Poison Potion"},{"floor":31,"key":"Explosive Potion"},{"floor":35,"key":"Explosive Potion"},{"floor":40,"key":"SpeedPotion"},{"floor":48,"key":"Swift Potion"}],"is_trial":false,"path_per_floor":["M","M","M","M","$","R","M","M","T","?","E","M","R","M","R","B",null,"M","?","M","M","?","R","M","R","T","$","M","R","M","M","R","B",null,"M","M","$","M","?","E","M","M","T","M","R","?","R","M","R","B"],"character_chosen":"THE_SILENT","items_purchased":["Footwork","Catalyst","Noxious Fumes","Toy Ornithopter"],"campfire_rested":5,"item_purchase_floors":[5,5,37,37],"current_hp_per_floor":[49,48,48,48,48,48,41,28,28,28,1,1,22,22,43,34,70,47,47,47,47,47,47,24,45,45,45,45,45,30,17,38,31,70,70,63,63,46,64,49,49,38,38,43,43,16,37,37,37,0],"gold":215,"neow_bonus":"THREE_RARE_CARDS","is_prod":false,"is_daily":false,"chose_seed":false,"campfire_upgraded":4,"win_rate":0,"timestamp":1558676105,"path_taken":["M","M","M","M","$","R","M","M","T","?","E","M","R","M","R","BOSS","M","?","M","M","?","R","M","R","T","$","M","R","M","M","R","BOSS","M","M","$","?","?","E","M","M","T","M","R","?","R","M","R","BOSS"],"build_version":"2019-01-23","purchased_purges":2,"victory":false,"max_hp_per_floor":[70,70,70,70,70,70,70,70,70,70,70,70,70,70,70,70,70,70,70,70,70,70,70,70,70,70,70,70,70,70,70,70,70,70,70,70,70,70,70,70,70,70,70,70,70,70,70,70,70,70],"card_choices":[{"not_picked":["Wraith Form v2","A Thousand Cuts"],"picked":"Burst","floor":0.0},{"not_picked":["Underhanded Strike","Dodge and Roll"],"picked":"Deadly Poison","floor":1.0},{"not_picked":["Concentrate","Slice"],"picked":"Poisoned Stab","floor":2.0},{"not_picked":["Masterful Stab","Flying Knee","Outmaneuver"],"picked":"SKIP","floor":3.0},{"not_picked":["Eviscerate","Dagger Throw"],"picked":"Prepared","floor":4.0},{"not_picked":["Reflex","Outmaneuver"],"picked":"Backstab","floor":7.0},{"not_picked":["Quick Slash","Setup"],"picked":"Noxious Fumes","floor":8.0},{"not_picked":["Backstab","Calculated Gamble"],"picked":"Dash","floor":11.0},{"not_picked":["Accuracy","Bane","Dagger Spray"],"picked":"SKIP","floor":12.0},{"not_picked":["Accuracy","Flechettes","Storm of Steel"],"picked":"SKIP","floor":14.0},{"not_picked":["Storm of Steel","Unload"],"picked":"Venomology","floor":16.0},{"not_picked":["Deflect","Sucker Punch"],"picked":"Crippling Poison","floor":18},{"not_picked":["Flying Knee","Sucker Punch","Deflect"],"picked":"SKIP","floor":20},{"not_picked":["Dagger Spray","Prepared","Choke"],"picked":"SKIP","floor":21},{"not_picked":["Prepared+1","Cloak And Dagger+1"],"picked":"Crippling Poison","floor":24},{"not_picked":["Quick Slash+1","Slice"],"picked":"Die Die Die","floor":28},{"not_picked":["Predator","Infinite Blades"],"picked":"Poisoned Stab","floor":30},{"not_picked":["Caltrops","Quick Slash","Predator"],"picked":"SKIP","floor":31},{"not_picked":["Sucker Punch","Blade Dance+1","Outmaneuver+1"],"picked":"SKIP","floor":35},{"not_picked":["Prepared+1","Choke","Slice+1"],"picked":"SKIP","floor":36},{"not_picked":["Envenom","Quick Slash","Deflect"],"picked":"SKIP","floor":38},{"not_picked":["Cloak And Dagger","Blade Dance+1"],"picked":"Well Laid Plans","floor":40},{"not_picked":["Underhanded Strike","Cloak And Dagger+1"],"picked":"Leg Sweep+1","floor":41},{"not_picked":["Sucker Punch+1","Deflect+1","All Out Attack+1"],"picked":"SKIP","floor":42},{"not_picked":["Prepared+1","Caltrops","Deflect+1"],"picked":"SKIP","floor":44},{"not_picked":["Acrobatics+1","Setup+1","Flechettes"],"picked":"SKIP","floor":48}],"player_experience":132586,"relics_obtained":[{"floor":11.0,"key":"FossilizedHelix"},{"floor":26,"key":"Matryoshka"},{"floor":40,"key":"Oddly Smooth Stone"},{"floor":43,"key":"Bag of Preparation"},{"floor":43,"key":"Lantern"},{"floor":46,"key":"Calipers"}],"event_choices":[{"damage_healed":0.0,"max_hp_gain":0.0,"max_hp_loss":0.0,"gold_gain":0.0,"event_name":"Living Wall","player_choice":"Grow","floor":10.0,"gold_loss":0.0,"damage_taken":0.0,"cards_upgraded":["Prepared"]},{"damage_healed":0,"gold_gain":0,"player_choice":"Read","damage_taken":0,"max_hp_gain":0,"max_hp_loss":0,"event_name":"The Library","floor":19,"gold_loss":0,"cards_obtained":["Crippling Poison"]},{"damage_healed":0,"gold_gain":0,"player_choice":"Copied","damage_taken":0,"max_hp_gain":0,"max_hp_loss":0,"event_name":"Duplicator","floor":22,"gold_loss":0,"cards_obtained":["Burst"]},{"damage_healed":18,"gold_gain":0,"player_choice":"Writhe","damage_taken":0,"max_hp_gain":0,"max_hp_loss":0,"event_name":"Winding Halls","floor":39,"gold_loss":0,"cards_obtained":["Writhe"]},{"damage_healed":0,"gold_gain":0,"player_choice":"Fight","damage_taken":0,"max_hp_gain":0,"max_hp_loss":0,"event_name":"Mysterious Sphere","floor":46,"gold_loss":0}],"is_beta":false,"boss_relics":[{"not_picked":["Busted Crown","White Beast Statue"],"picked":"Lizard Tail"},{"not_picked":["Eternal Feather","Cursed Key"],"picked":"Velvet Choker"}],"items_purged_floors":[27,37],"is_endless":false,"potions_floor_spawned":[4,8,12,16,20,24,30,31,35,40,48],"killed_by":"Time Eater","ascension_level":0}