{"gold_per_floor":[111,71,87,107,123,123,138,138,138,37,70,70,86,118,118,221,221,233,15,26,37,57,57,85,99,99,99,99,99],"floor_reached":29,"playtime":4225,"items_purged":["Strike_B","Strike_B"],"score":347,"play_id":"96cf4604-0717-4133-97ee-36d20447b329","local_time":"20180714200043","is_ascension_mode":true,"campfire_choices":[{"data":"Barrage","floor":6,"key":"SMITH"},{"data":"Go for the Eyes","floor":8,"key":"SMITH"},{"data":"Streamline","floor":12,"key":"SMITH"},{"floor":15,"key":"REST"},{"data":"Hologram","floor":23,"key":"SMITH"},{"data":"Blizzard","floor":28,"key":"SMITH"}],"neow_cost":"NONE","seed_source_timestamp":211937857880986,"circlet_count":0,"master_deck":["Strike_B","Strike_B","Defend_B","Defend_B","Defend_B","Defend_B","Zap+1","Dualcast","Leap","Barrage+1","Go for the Eyes+1","Leap","Streamline+1","Gash","Cold Snap","Seek","Hologram+1","Core Surge","Coolheaded","Blizzard+1","Coolheaded","Beam Cell","Echo Form","Gash","Gash+1"],"relics":["Cracked Core","Mercury Hourglass","Orichalcum","Blue Candle","Cursed Key","Ornamental Fan"],"potions_floor_usage":[4,11,20,21,29,29],"damage_taken":[{"damage":12,"enemies":"Small Slimes","floor":1,"turns":3},{"damage":1,"enemies":"Cultist","floor":3,"turns":4},{"damage":0,"enemies":"2 Louse","floor":4,"turns":1},{"damage":4,"enemies":"2 Fungi Beasts","floor":5,"turns":3},{"damage":7,"enemies":"Gremlin Gang","floor":7,"turns":6},{"damage":11,"enemies":"Gremlin Nob","floor":11,"turns":3},{"damage":5,"enemies":"3 Louse","floor":13,"turns":2},{"damage":10,"enemies":"Lagavulin","floor":14,"turns":4},{"damage":1,"enemies":"The Guardian","floor":16,"turns":10},{"damage":0,"enemies":"Spheric Guardian","floor":18,"turns":3},{"damage":0,"enemies":"Chosen","floor":20,"turns":4},{"damage":11,"enemies":"3 Cultists","floor":21,"turns":5},{"damage":18,"enemies":"Snake Plant","floor":22,"turns":4},{"damage":27,"enemies":"Book of Stabbing","floor":24,"turns":6},{"damage":6,"enemies":"Chosen and Byrds","floor":25,"turns":4},{"damage":20,"enemies":"Slaver and Parasite","floor":29,"turns":3}],"seed_played":"8131948737651222864","potions_obtained":[{"floor":2,"key":"FairyPotion"},{"floor":2,"key":"Explosive Potion"},{"floor":2,"key":"GamblersBrew"},{"floor":4,"key":"Ancient Potion"},{"floor":5,"key":"Energy Potion"},{"floor":13,"key":"Fire Potion"},{"floor":21,"key":"FocusPotion"},{"floor":22,"key":"PowerPotion"}],"is_trial":false,"path_per_floor":["M","?","M","M","M","R","M","R","T","$","E","R","M","E","R","B",null,"M","$","M","M","M","R","E","M","T","?","R"],"character_chosen":"DEFECT","items_purchased":["Gash","Coolheaded","Blizzard"],"campfire_rested":1,"item_purchase_floors":[10,19,19],"current_hp_per_floor":[56,56,55,55,51,51,44,44,44,44,33,33,28,18,40,39,66,66,66,66,55,37,37,10,4,4,4,4,0],"gold":99,"neow_bonus":"UPGRADE_CARD","is_prod":false,"is_daily":false,"chose_seed":false,"campfire_upgraded":5,"win_rate":0,"timestamp":1531591243,"path_taken":["M","?","M","M","M","R","M","R","T","$","E","R","M","E","R","BOSS","M","$","M","M","M","R","E","M","T","?","R","M"],"build_version":"2018-07-12","purchased_purges":2,"victory":false,"max_hp_per_floor":[75,75,75,75,75,75,75,75,75,75,75,75,75,75,75,75,75,75,75,75,75,75,75,75,75,75,75,75,75],"card_choices":[{"not_picked":["Hello World","Turbo"],"picked":"Leap","floor":1},{"not_picked":["Blizzard","Aggregate"],"picked":"Barrage","floor":3},{"not_picked":["Cold Snap","Compile Driver"],"picked":"Go for the Eyes","floor":4},{"not_picked":["Compile Driver","Tempest"],"picked":"Leap","floor":5},{"not_picked":["Compile Driver","Barrage"],"picked":"Streamline","floor":7},{"not_picked":["Steam","Ball Lightning"],"picked":"Cold Snap","floor":11},{"not_picked":["Double Energy","BootSequence"],"picked":"Seek","floor":13},{"not_picked":["Stack","Streamline"],"picked":"Hologram","floor":14},{"not_picked":["Thunder Strike","Meteor Strike"],"picked":"Core Surge","floor":16},{"not_picked":["Genetic Algorithm","Streamline"],"picked":"Coolheaded","floor":20},{"not_picked":["Compile Driver","Go for the Eyes"],"picked":"Beam Cell","floor":21},{"not_picked":["Steam","Cold Snap"],"picked":"Echo Form","floor":22},{"not_picked":["Beam Cell+1","Core Surge"],"picked":"Gash","floor":24},{"not_picked":["Barrage","Go for the Eyes"],"picked":"Gash+1","floor":25}],"player_experience":826161,"relics_obtained":[{"floor":9,"key":"Mercury Hourglass"},{"floor":11,"key":"Orichalcum"},{"floor":14,"key":"Blue Candle"},{"floor":24,"key":"Ornamental Fan"}],"event_choices":[{"event_name":"The Woman in Blue","player_choice":"Bought 3 Potions","floor":2,"damage_taken":0},{"event_name":"Cursed Tome","player_choice":"Ignored","floor":27,"damage_taken":0}],"boss_relics":[{"not_picked":["Orrery","Astrolabe"],"picked":"Cursed Key"}],"items_purged_floors":[10,19],"is_endless":false,"potions_floor_spawned":[4,5,13,16,21,22,24],"killed_by":"Slaver and Parasite","ascension_level":7}