{"gold_per_floor":[116,116,41,6,25,25,25,25,25,38,59,59,74,25,25,150,150,168,168,68,68,81,81,120,139,186,61,61,82,106,120,120,248,248,263,113,0,15,31,31,31,47,47,68,68,68,68,81,81,81],"floor_reached":51,"playtime":1820,"items_purged":["Strike_B","Writhe","Strike_B","Shame"],"score":684,"play_id":"b8ec6cec-35ac-4e55-ac14-4c4353194bc2","local_time":"20190127024647","is_ascension_mode":false,"campfire_choices":[{"data":"Dualcast","floor":6,"key":"SMITH"},{"data":"Cold Snap","floor":8,"key":"SMITH"},{"data":"Cold Snap","floor":12,"key":"SMITH"},{"data":"Defragment","floor":15,"key":"SMITH"},{"data":"Self Repair","floor":23,"key":"SMITH"},{"data":"Defragment","floor":32,"key":"SMITH"},{"data":"Loop","floor":40,"key":"SMITH"},{"data":"Defragment","floor":45,"key":"SMITH"},{"data":"Buffer","floor":47,"key":"SMITH"},{"data":"Seek","floor":49,"key":"SMITH"}],"neow_cost":"NONE","seed_source_timestamp":57790743926503,"circlet_count":0,"master_deck":["Strike_B","Defend_B","Defend_B","Defend_B","Zap+1","Dualcast+1","Gash","Cold Snap+1","Cold Snap+1","Self Repair+1","Defragment+1","Gash","Hologram+1","Defragment+1","Gash","Loop+1","Buffer+1","Seek+1","Defragment+1","Coolheaded+1","Gash+1"],"relics":["Cracked Core","Golden Idol","Pantograph","Sozu","Oddly Smooth Stone","PreservedInsect","Ancient Tea Set","Mercury Hourglass","Inserter","Red Mask","Frozen Egg 2"],"potions_floor_usage":[31,31,50],"damage_taken":[{"damage":5,"enemies":"Small Slimes","floor":1,"turns":3},{"damage":1,"enemies":"Jaw Worm","floor":5,"turns":4},{"damage":0,"enemies":"2 Louse","floor":10,"turns":2},{"damage":0,"enemies":"Large Slime","floor":11,"turns":4},{"damage":2,"enemies":"Exordium Wildlife","floor":13,"turns":3},{"damage":18,"enemies":"The Guardian","floor":16,"turns":10},{"damage":8,"enemies":"Shell Parasite","floor":18,"turns":7},{"damage":6,"enemies":"3 Byrds","floor":22,"turns":5},{"damage":8,"enemies":"Gremlin Leader","floor":24,"turns":9},{"damage":16,"enemies":"Shelled Parasite and Fungi","floor":25,"turns":6},{"damage":4,"enemies":"Centurion and Healer","floor":29,"turns":7},{"damage":12,"enemies":"Sentry and Sphere","floor":30,"turns":6},{"damage":16,"enemies":"3 Cultists","floor":31,"turns":5},{"damage":57,"enemies":"Automaton","floor":33,"turns":14},{"damage":26,"enemies":"3 Darklings","floor":35,"turns":6},{"damage":0,"enemies":"Orb Walker","floor":38,"turns":4},{"damage":3,"enemies":"Writhing Mass","floor":39,"turns":9},{"damage":15,"enemies":"3 Darklings","floor":42,"turns":7},{"damage":4,"enemies":"Transient","floor":44,"turns":5},{"damage":0,"enemies":"Jaw Worm Horde","floor":48,"turns":5},{"damage":59,"enemies":"Awakened One","floor":50,"turns":13}],"seed_played":"8621003946393017324","potions_obtained":[{"floor":5,"key":"EssenceOfSteel"},{"floor":13,"key":"SpeedPotion"},{"floor":16,"key":"Weak Potion"}],"is_trial":false,"path_per_floor":["M","?","$","?","M","R","?","R","T","M","M","R","M","$","R","B",null,"M","?","$","?","M","R","E","M","T","$","?","M","M","M","R","B",null,"M","$","?","M","M","R","?","M","T","M","R","$","R","M","R","B",null],"character_chosen":"DEFECT","items_purchased":["Gash"],"campfire_rested":0,"item_purchase_floors":[14],"current_hp_per_floor":[70,52,52,70,69,69,69,69,69,69,69,69,74,74,74,64,75,74,74,74,74,75,75,75,69,69,69,69,75,73,67,67,28,75,59,59,59,59,66,66,66,61,61,67,67,67,67,67,67,26],"gold":81,"neow_bonus":"UPGRADE_CARD","is_prod":false,"is_daily":false,"chose_seed":false,"campfire_upgraded":10,"win_rate":0.0,"timestamp":1548553607,"path_taken":["M","?","$","?","M","R","?","R","T","M","M","R","M","?","R","BOSS","M","?","$","?","M","R","E","M","T","$","?","M","M","M","R","BOSS","M","$","?","M","M","R","?","?","T","M","R","$","R","M","R","BOSS"],"build_version":"2019-01-23","purchased_purges":4,"victory":true,"max_hp_per_floor":[75,75,75,75,75,75,75,75,75,75,75,75,75,75,75,75,75,75,75,75,75,75,75,75,75,75,75,75,75,75,75,75,75,75,75,75,75,75,75,75,75,75,75,75,75,75,75,75,75,75],"card_choices":[{"not_picked":["Ball Lightning","Leap"],"picked":"Gash","floor":1},{"not_picked":["Ball Lightning","Static Discharge"],"picked":"Cold Snap","floor":5},{"not_picked":["Reinforced Body","Rebound"],"picked":"Cold Snap","floor":10},{"not_picked":["Cold Snap","Hologram"],"picked":"Self Repair","floor":11},{"not_picked":["Rebound","Echo Form"],"picked":"Defragment","floor":13},{"not_picked":["Recycle","Leap"],"picked":"Hologram+1","floor":18},{"not_picked":["Force Field+1","Redo+1","Ball Lightning"],"picked":"SKIP","floor":22},{"not_picked":["Lockon","Steam"],"picked":"Defragment","floor":24},{"not_picked":["Chill","Compile Driver+1","Recycle"],"picked":"SKIP","floor":25},{"not_picked":["Steam+1","Beam Cell"],"picked":"Gash","floor":29},{"not_picked":["Force Field","Reinforced Body"],"picked":"Loop","floor":30},{"not_picked":["Barrage+1","Steam Power","Stack"],"picked":"SKIP","floor":31},{"not_picked":["Rainbow","Reboot"],"picked":"Buffer","floor":33},{"not_picked":["Turbo+1","Conserve Battery+1","Beam Cell"],"picked":"SKIP","floor":35},{"not_picked":["Compile Driver","Rebound","Heatsinks"],"picked":"SKIP","floor":38},{"not_picked":["Blizzard","Lockon","Rip and Tear+1"],"picked":"SKIP","floor":39},{"not_picked":["Glacier","Lockon"],"picked":"Defragment","floor":42},{"not_picked":["Sweeping Beam","Stack"],"picked":"Coolheaded+1","floor":44},{"not_picked":["Capacitor+1","Scrape"],"picked":"Gash+1","floor":48}],"player_experience":13227,"relics_obtained":[{"floor":9,"key":"Pantograph"},{"floor":24,"key":"PreservedInsect"},{"floor":26,"key":"Ancient Tea Set"},{"floor":43,"key":"Frozen Egg 2"}],"event_choices":[{"damage_healed":0,"gold_gain":0,"player_choice":"Take Damage","damage_taken":18,"relics_obtained":["Golden Idol"],"max_hp_gain":0,"max_hp_loss":0,"event_name":"Golden Idol","floor":2,"gold_loss":0},{"damage_healed":18,"gold_gain":0,"player_choice":"Healed","damage_taken":0,"max_hp_gain":0,"max_hp_loss":0,"event_name":"The Cleric","floor":4,"gold_loss":35},{"cards_removed":["Strike_B"],"damage_healed":0,"gold_gain":0,"player_choice":"Forget","damage_taken":0,"max_hp_gain":0,"max_hp_loss":0,"event_name":"Living Wall","floor":7,"gold_loss":0},{"damage_healed":0,"gold_gain":0,"player_choice":"Opened","damage_taken":0,"relics_obtained":["Oddly Smooth Stone"],"max_hp_gain":0,"max_hp_loss":0,"event_name":"The Mausoleum","floor":19,"gold_loss":0,"cards_obtained":["Writhe"]},{"damage_healed":0,"gold_gain":0,"player_choice":"Ignored","damage_taken":0,"max_hp_gain":0,"max_hp_loss":0,"event_name":"Cursed Tome","floor":21,"gold_loss":0},{"damage_healed":0,"gold_gain":0,"player_choice":"Stole Relic","damage_taken":0,"relics_obtained":["Mercury Hourglass"],"max_hp_gain":0,"max_hp_loss":0,"event_name":"Addict","floor":28,"gold_loss":0,"cards_obtained":["Shame"]},{"damage_healed":0,"gold_gain":0,"player_choice":"Paid","damage_taken":0,"relics_obtained":["Red Mask"],"max_hp_gain":0,"max_hp_loss":0,"event_name":"Tomb of Lord Red Mask","floor":37,"gold_loss":113},{"damage_healed":0,"gold_gain":0,"cards_transformed":["Defend_B"],"player_choice":"Transformed","damage_taken":0,"max_hp_gain":0,"max_hp_loss":0,"event_name":"Transmorgrifier","floor":41,"gold_loss":0,"cards_obtained":["Seek"]}],"is_beta":false,"boss_relics":[{"not_picked":["Runic Dome","Coffee Dripper"],"picked":"Sozu"},{"not_picked":["Philosopher\u0027s Stone","Runic Pyramid"],"picked":"Inserter"}],"items_purged_floors":[3,20,27,36],"is_endless":false,"potions_floor_spawned":[5,13,16,18,24,33,38,39],"ascension_level":0}