{"gold_per_floor":[360,1,19,36,53,81,81,81,81,107,120,146,163,163,163,263,263,282,294,309,309,309,27,27,27,27,27],"floor_reached":27,"playtime":1844,"items_purged":["Doubt"],"score":351,"play_id":"155aec9d-0747-4f71-9cda-9b5733129521","local_time":"20190510170544","is_ascension_mode":true,"campfire_choices":[{"floor":7,"key":"REST"},{"floor":15,"key":"REST"},{"floor":25,"key":"REST"}],"neow_cost":"CURSE","seed_source_timestamp":4501585230937800,"circlet_count":0,"master_deck":["Strike_B+1","Strike_B+1","Strike_B+1","Defend_B+1","Defend_B+1","Defend_B+1","Defend_B+1","Zap","Dualcast","Go for the Eyes","Turbo","Coolheaded","Ball Lightning","Coolheaded","Core Surge","Coolheaded","Capacitor","Creative AI+1","Turbo","Seek","Force Field","Self Repair+1","Barrage","Necronomicurse"],"relics":["Cracked Core","Dodecahedron","Dead Branch","Incense Burner","Pear","Frozen Egg 2","Philosopher\u0027s Stone","Necronomicon","Membership Card","DataDisk","Gremlin Horn"],"potions_floor_usage":[16,18,18,27],"damage_taken":[{"damage":0,"enemies":"Cultist","floor":1,"turns":4},{"damage":5,"enemies":"Small Slimes","floor":3,"turns":3},{"damage":0,"enemies":"2 Louse","floor":4,"turns":2},{"damage":6,"enemies":"Exordium Wildlife","floor":5,"turns":2},{"damage":21,"enemies":"3 Sentries","floor":6,"turns":7},{"damage":8,"enemies":"Lagavulin","floor":10,"turns":6},{"damage":3,"enemies":"2 Fungi Beasts","floor":11,"turns":3},{"damage":11,"enemies":"Gremlin Nob","floor":12,"turns":5},{"damage":4,"enemies":"Looter","floor":13,"turns":3},{"damage":18,"enemies":"The Guardian","floor":16,"turns":9},{"damage":26,"enemies":"3 Byrds","floor":18,"turns":5},{"damage":13,"enemies":"Shell Parasite","floor":19,"turns":7},{"damage":14,"enemies":"Chosen and Byrds","floor":20,"turns":6},{"damage":54,"enemies":"Gremlin Leader","floor":27,"turns":6}],"seed_played":"4829195686770839984","potions_obtained":[{"floor":1,"key":"SteroidPotion"},{"floor":6,"key":"Fire Potion"},{"floor":11,"key":"SmokeBomb"},{"floor":13,"key":"FocusPotion"},{"floor":16,"key":"AttackPotion"},{"floor":20,"key":"SteroidPotion"}],"is_trial":false,"path_per_floor":["M","?","M","?","?","?","$","?"],"character_chosen":"DEFECT","items_purchased":["Dodecahedron","Turbo","Membership Card","DataDisk"],"campfire_rested":3,"item_purchase_floors":[2,2,23,23],"current_hp_per_floor":[68,68,63,63,57,36,58,58,58,60,57,46,42,47,74,56,82,56,43,39,39,23,23,23,50,50,0],"gold":27,"neow_bonus":"TWO_FIFTY_GOLD","is_prod":false,"is_daily":false,"chose_seed":false,"campfire_upgraded":0,"win_rate":0,"timestamp":1557522344,"path_taken":["M","$","M","M","?","E","R","?","T","E","?","E","M","?","R","BOSS","M","M","M","?","?","?","?","R","T","E"],"build_version":"2019-01-23","purchased_purges":1,"victory":false,"max_hp_per_floor":[75,75,75,75,75,75,75,75,75,85,85,85,85,90,90,90,90,90,90,90,90,90,90,90,90,90,90],"card_choices":[{"not_picked":["Aggregate","Turbo"],"picked":"Go for the Eyes","floor":1},{"not_picked":["Stack","Gash"],"picked":"Coolheaded","floor":3},{"not_picked":["Compile Driver","Heatsinks"],"picked":"Ball Lightning","floor":4},{"not_picked":["Aggregate","Leap"],"picked":"Coolheaded","floor":5},{"not_picked":["Hologram","Gash"],"picked":"Core Surge","floor":6},{"not_picked":["Steam Power","Compile Driver"],"picked":"Coolheaded","floor":10},{"not_picked":["Sweeping Beam","Recycle"],"picked":"Capacitor","floor":11},{"not_picked":["Loop","Hologram"],"picked":"Creative AI","floor":12},{"not_picked":["Beam Cell","Streamline"],"picked":"Turbo","floor":13},{"not_picked":["Creative AI+1","Multi-Cast"],"picked":"Seek","floor":16},{"not_picked":["Beam Cell","Turbo"],"picked":"Force Field","floor":18},{"not_picked":["Cold Snap","Ball Lightning+1"],"picked":"Self Repair+1","floor":19},{"not_picked":["Melter","Sweeping Beam"],"picked":"Barrage","floor":20}],"player_experience":368420,"relics_obtained":[{"floor":6,"key":"Dead Branch"},{"floor":9,"key":"Incense Burner"},{"floor":10,"key":"Pear"},{"floor":12,"key":"Frozen Egg 2"},{"floor":22,"key":"Necronomicon"},{"floor":26,"key":"Gremlin Horn"}],"event_choices":[{"cards_removed":["Strike_B"],"damage_healed":0,"gold_gain":0,"player_choice":"Purged","damage_taken":0,"max_hp_gain":0,"max_hp_loss":0,"event_name":"Purifier","floor":8,"gold_loss":0},{"damage_healed":0,"gold_gain":0,"player_choice":"Donut","damage_taken":0,"max_hp_gain":5,"max_hp_loss":0,"event_name":"Big Fish","floor":14,"gold_loss":0},{"damage_healed":0,"gold_gain":0,"player_choice":"Simplicity","damage_taken":0,"max_hp_gain":0,"max_hp_loss":0,"event_name":"Back to Basics","floor":21,"gold_loss":0,"cards_upgraded":["Strike_B","Strike_B","Strike_B","Defend_B","Defend_B","Defend_B","Defend_B"]},{"damage_healed":0,"gold_gain":0,"player_choice":"Obtained Book","damage_taken":16,"max_hp_gain":0,"max_hp_loss":0,"event_name":"Cursed Tome","floor":22,"gold_loss":0},{"damage_healed":0,"gold_gain":0,"player_choice":"Ignored","damage_taken":0,"max_hp_gain":0,"max_hp_loss":0,"event_name":"Beggar","floor":24,"gold_loss":0}],"is_beta":false,"boss_relics":[{"not_picked":["Lizard Tail","Snecko Eye"],"picked":"Philosopher\u0027s Stone"}],"items_purged_floors":[2],"is_endless":false,"potions_floor_spawned":[1,6,11,13,16,20],"killed_by":"Gremlin Leader","ascension_level":8}