{"gold_per_floor":[114,114,129,143,154,187,199,199,199,229,229,229,504,539,539,539],"floor_reached":16,"playtime":1562,"items_purged":[],"score":110,"play_id":"adb14d52-f5cd-4f09-8a97-7f19c78d434e","local_time":"20190513150757","is_ascension_mode":false,"campfire_choices":[{"floor":8,"key":"REST"},{"data":"Noxious Fumes","floor":11,"key":"SMITH"},{"data":"Terror","floor":15,"key":"SMITH"}],"neow_cost":"NONE","seed_source_timestamp":61862743691805,"circlet_count":0,"master_deck":["Defend_G","Defend_G","Defend_G","Defend_G","Defend_G","Strike_G","Strike_G","Strike_G","Strike_G","Strike_G","Survivor","Neutralize","Blade Dance","Terror+1","Noxious Fumes+1","Underhanded Strike","Dagger Throw","Flechettes","Regret","Heel Hook"],"relics":["Ring of the Snake","NeowsBlessing","CultistMask","Ornamental Fan","Torii","Kunai","Strawberry","Bird Faced Urn"],"potions_floor_usage":[6,6,14,16],"damage_taken":[{"damage":0,"enemies":"Cultist","floor":1,"turns":1},{"damage":0,"enemies":"2 Louse","floor":3,"turns":1},{"damage":0,"enemies":"Jaw Worm","floor":4,"turns":1},{"damage":11,"enemies":"3 Louse","floor":5,"turns":7},{"damage":32,"enemies":"Lagavulin","floor":6,"turns":9},{"damage":9,"enemies":"Exordium Thugs","floor":7,"turns":5},{"damage":30,"enemies":"Gremlin Nob","floor":14,"turns":5},{"damage":44,"enemies":"The Guardian","floor":16,"turns":8}],"seed_played":"9103601382187826429","potions_obtained":[{"floor":3,"key":"SpeedPotion"},{"floor":4,"key":"Regen Potion"},{"floor":6,"key":"Swift Potion"},{"floor":7,"key":"Regen Potion"}],"is_trial":false,"path_per_floor":["M","?","M","M","M","E","M","R","T","?","R","T","?","E","R","B"],"character_chosen":"THE_SILENT","items_purchased":[],"campfire_rested":1,"item_purchase_floors":[],"current_hp_per_floor":[70,70,70,70,59,39,30,51,51,51,51,58,58,42,42,0],"gold":539,"neow_bonus":"THREE_ENEMY_KILL","is_prod":false,"is_daily":false,"chose_seed":false,"campfire_upgraded":2,"win_rate":0.0,"timestamp":1557770877,"path_taken":["M","?","?","M","?","E","M","R","T","?","R","?","?","E","R","BOSS"],"build_version":"2019-01-23","purchased_purges":0,"victory":false,"max_hp_per_floor":[70,70,70,70,70,70,70,70,70,70,70,77,77,77,77,77],"card_choices":[{"not_picked":["Outmaneuver","Underhanded Strike"],"picked":"Blade Dance","floor":1},{"not_picked":["Dagger Throw","Backflip"],"picked":"Terror","floor":3},{"not_picked":["Sucker Punch","Predator"],"picked":"Noxious Fumes","floor":4},{"not_picked":["Outmaneuver","Backflip"],"picked":"Underhanded Strike","floor":5},{"not_picked":["Deadly Poison","Die Die Die"],"picked":"Dagger Throw","floor":6},{"not_picked":["Dodge and Roll","Deflect"],"picked":"Flechettes","floor":7},{"not_picked":["Tactician","Flying Knee"],"picked":"Heel Hook","floor":14}],"player_experience":20406,"relics_obtained":[{"floor":6,"key":"Ornamental Fan"},{"floor":9,"key":"Torii"},{"floor":12,"key":"Strawberry"},{"floor":14,"key":"Bird Faced Urn"}],"event_choices":[{"damage_healed":0,"gold_gain":0,"player_choice":"Trade","damage_taken":0,"relics_obtained":["CultistMask"],"max_hp_gain":0,"max_hp_loss":0,"event_name":"FaceTrader","floor":2,"gold_loss":0},{"damage_healed":0,"gold_gain":30,"player_choice":"Searched \u00273\u0027 times","damage_taken":0,"relics_obtained":["Kunai"],"max_hp_gain":0,"max_hp_loss":0,"event_name":"Dead Adventurer","floor":10,"gold_loss":0},{"damage_healed":0,"gold_gain":275,"player_choice":"Desecrate","damage_taken":0,"max_hp_gain":0,"max_hp_loss":0,"event_name":"Golden Shrine","floor":13,"gold_loss":0,"cards_obtained":["Regret"]}],"is_beta":false,"boss_relics":[],"items_purged_floors":[],"is_endless":false,"potions_floor_spawned":[3,4,6,7],"killed_by":"The Guardian","ascension_level":0}