{"gold_per_floor":[109,109,122,140,12,42,42,71,95,95,95,107,107,73,37,37,37],"floor_reached":17,"playtime":477,"items_purged":["Strike_R"],"score":136,"play_id":"85142695-bb1c-4d60-9da5-28e53925d4d4","local_time":"20180928080141","is_ascension_mode":true,"campfire_choices":[{"data":"Armaments","floor":7,"key":"SMITH"},{"data":"Searing Blow","floor":11,"key":"SMITH"},{"data":"Searing Blow+1","floor":13,"key":"SMITH"},{"data":"Searing Blow+2","floor":16,"key":"SMITH"}],"neow_cost":"NONE","seed_source_timestamp":1297044052624103,"circlet_count":0,"master_deck":["Strike_R","Strike_R+1","Strike_R","Strike_R+1","Defend_R","Defend_R","Defend_R","Defend_R","Bash","Searing Blow+3","Carnage","Demonic Infusion","Armaments","Armaments+1","True Grit","Shrug It Off+1","Shrug It Off","Shrug It Off"],"relics":["Burning Blood","Regal Pillow","Red Skull","Baseball","PreservedInsect"],"potions_floor_usage":[],"damage_taken":[{"damage":0,"enemies":"Small Slimes","floor":1,"turns":3},{"damage":2,"enemies":"Jaw Worm","floor":3,"turns":3},{"damage":1,"enemies":"Cultist","floor":4,"turns":3},{"damage":30,"enemies":"Lagavulin","floor":6,"turns":5},{"damage":32,"enemies":"Gremlin Nob","floor":8,"turns":4},{"damage":6,"enemies":"Exordium Thugs","floor":12,"turns":4},{"damage":0,"enemies":"Hexaghost","floor":17,"turns":1}],"seed_played":"1447255670685268443","potions_obtained":[{"floor":3,"key":"SkillPotion"},{"floor":8,"key":"SkillPotion"}],"is_trial":false,"path_per_floor":["M","?","M","M","$","E","R","E","T","PTL","R","M","R","$","$","R"],"character_chosen":"IRONCLAD","items_purchased":["Armaments","Shrug It Off+1","Shrug It Off"],"campfire_rested":0,"item_purchase_floors":[5,14,15],"current_hp_per_floor":[80,64,68,73,73,49,49,23,23,23,23,23,23,23,23,23,23],"gold":37,"neow_bonus":"RANDOM_COMMON_RELIC","is_prod":false,"is_daily":false,"chose_seed":false,"campfire_upgraded":4,"win_rate":0,"timestamp":1538114501,"path_taken":["M","?","M","M","$","E","R","E","T","PTL","R","M","R","?","$","R","BOSS"],"build_version":"2018-09-27","purchased_purges":1,"victory":false,"max_hp_per_floor":[80,80,80,80,80,80,80,80,80,80,80,80,80,80,80,80,80],"card_choices":[{"not_picked":["Headbutt","Havoc"],"picked":"Searing Blow","floor":1},{"not_picked":["Wild Strike","Warcry"],"picked":"Carnage","floor":3},{"not_picked":["ReplayTheSpireMod:Limb From Limb","Anger"],"picked":"Demonic Infusion","floor":4},{"not_picked":["Limit Break","Warcry"],"picked":"Armaments","floor":6},{"not_picked":["Sword Boomerang","Cleave"],"picked":"True Grit","floor":8}],"player_experience":1330766,"relics_obtained":[{"floor":6,"key":"Red Skull"},{"floor":8,"key":"Baseball"},{"floor":9,"key":"PreservedInsect"}],"event_choices":[{"event_name":"Shining Light","player_choice":"Entered Light","floor":2,"damage_taken":0}],"is_beta":false,"boss_relics":[],"items_purged_floors":[5],"is_endless":false,"potions_floor_spawned":[3,8],"killed_by":"Hexaghost","ascension_level":4}