{"gold_per_floor":[118,134,134,209,226,226,501,516,568,14,14,48,4,21,21,122,122,138,152,166,186,186,186,196,196],"floor_reached":25,"playtime":2578,"items_purged":["Regret"],"score":205,"play_id":"d5acf0a2-6356-4759-8983-f61b3b8e93aa","local_time":"20190518151156","is_ascension_mode":false,"campfire_choices":[{"data":"Neutralize","floor":6,"key":"SMITH"},{"data":"Well Laid Plans","floor":15,"key":"SMITH"},{"data":"Footwork","floor":23,"key":"SMITH"}],"neow_cost":"CURSE","seed_source_timestamp":4868065698996,"circlet_count":0,"master_deck":["Defend_G","Defend_G","Defend_G","Defend_G","Defend_G","Strike_G","Strike_G","Strike_G","Strike_G","Strike_G","Survivor","Neutralize+1","Glass Knife","Well Laid Plans+1","Flying Knee","Prepared","Blur+1","Dagger Throw+1","Footwork+1","Sucker Punch+1","Dagger Throw+1","Die Die Die+1","Flying Knee+1","Tactician","Dodge and Roll","All Out Attack+1","Dagger Throw+1","Sucker Punch+1","Dash+1","Dodge and Roll+1","Quick Slash+1","Flying Knee+1"],"relics":["Ring of the Snake","Art of War","Membership Card","Molten Egg 2","Bottled Lightning","Boot","Orrery"],"potions_floor_usage":[12,12,25,25],"damage_taken":[{"damage":2,"enemies":"2 Louse","floor":1,"turns":3},{"damage":8,"enemies":"Jaw Worm","floor":2,"turns":4},{"damage":1,"enemies":"Cultist","floor":5,"turns":3},{"damage":3,"enemies":"Blue Slaver","floor":8,"turns":3},{"damage":3,"enemies":"Lagavulin","floor":12,"turns":7},{"damage":0,"enemies":"Large Slime","floor":14,"turns":5},{"damage":13,"enemies":"Slime Boss","floor":16,"turns":14},{"damage":12,"enemies":"2 Thieves","floor":18,"turns":3},{"damage":20,"enemies":"Spheric Guardian","floor":19,"turns":4},{"damage":0,"enemies":"Cultist and Chosen","floor":20,"turns":6},{"damage":9,"enemies":"Snecko","floor":21,"turns":6},{"damage":6,"enemies":"Centurion and Healer","floor":24,"turns":5},{"damage":18,"enemies":"Slavers","floor":25,"turns":3}],"seed_played":"3291771577826387491","potions_obtained":[{"floor":1,"key":"FearPotion"},{"floor":2,"key":"Block Potion"},{"floor":5,"key":"SkillPotion"},{"floor":21,"key":"LiquidBronze"}],"is_trial":false,"path_per_floor":["M","M","?","?","M","R","?","M","T","$","?","E","$","M","R","B",null,"M","M","M","M","?","R","M","E"],"character_chosen":"THE_SILENT","items_purchased":["Blur","Membership Card","Molten Egg 2","Bottled Lightning","Footwork","Sucker Punch+1"],"campfire_rested":0,"item_purchase_floors":[10,10,10,10,13,13],"current_hp_per_floor":[68,60,53,42,41,41,41,38,38,38,38,35,35,35,35,22,70,58,38,38,29,16,16,10,0],"gold":196,"neow_bonus":"THREE_RARE_CARDS","is_prod":false,"is_daily":false,"chose_seed":false,"campfire_upgraded":3,"win_rate":0,"timestamp":1558203116,"path_taken":["M","M","?","?","M","R","?","?","T","$","?","E","?","M","R","BOSS","M","M","M","M","?","R","M","E"],"build_version":"2019-01-23","purchased_purges":1,"victory":false,"max_hp_per_floor":[70,70,70,70,70,70,70,70,70,70,70,70,70,70,70,70,70,70,70,70,70,75,75,75,75],"card_choices":[{"not_picked":["Unload","Wraith Form v2"],"picked":"Glass Knife","floor":0},{"not_picked":["Flying Knee","Caltrops"],"picked":"Well Laid Plans","floor":1},{"not_picked":["Dagger Throw","Slice","Acrobatics"],"picked":"SKIP","floor":2},{"not_picked":["Deflect","Acrobatics"],"picked":"Flying Knee","floor":5},{"not_picked":["Caltrops","Underhanded Strike"],"picked":"Prepared","floor":8},{"not_picked":["Unload+1","Dodge and Roll"],"picked":"Dagger Throw+1","floor":12},{"not_picked":["All Out Attack+1","Dodge and Roll"],"picked":"Dagger Throw+1","floor":14},{"not_picked":["Bullet Time","Envenom"],"picked":"Die Die Die+1","floor":16},{"not_picked":["Deflect","Blade Dance"],"picked":"Flying Knee+1","floor":17},{"not_picked":["Acrobatics","Calculated Gamble"],"picked":"Tactician","floor":17},{"not_picked":["Expertise","Poisoned Stab+1"],"picked":"Dodge and Roll","floor":17},{"not_picked":["Deflect","Masterful Stab+1"],"picked":"All Out Attack+1","floor":17},{"not_picked":["Outmaneuver","Caltrops"],"picked":"Dagger Throw+1","floor":17},{"not_picked":["Quick Slash+1","Infinite Blades"],"picked":"Sucker Punch+1","floor":18},{"not_picked":["Tools of the Trade","Dagger Spray+1"],"picked":"Dash+1","floor":19},{"not_picked":["Bane+1","Escape Plan"],"picked":"Dodge and Roll+1","floor":20},{"not_picked":["Accuracy","Bane+1"],"picked":"Quick Slash+1","floor":21},{"not_picked":["Dagger Throw+1","Crippling Poison"],"picked":"Flying Knee+1","floor":24}],"player_experience":106726,"relics_obtained":[{"floor":9,"key":"Art of War"},{"floor":12,"key":"Boot"}],"event_choices":[{"cards_removed":["Decay"],"damage_healed":0,"gold_gain":0,"player_choice":"Card Removal","damage_taken":7,"max_hp_gain":0,"max_hp_loss":0,"event_name":"Golden Wing","floor":3,"gold_loss":0},{"damage_healed":0,"gold_gain":75,"player_choice":"Gather Gold","damage_taken":11,"max_hp_gain":0,"max_hp_loss":0,"event_name":"World of Goop","floor":4,"gold_loss":0},{"damage_healed":0,"gold_gain":275,"player_choice":"Desecrate","damage_taken":0,"max_hp_gain":0,"max_hp_loss":0,"event_name":"Golden Shrine","floor":7,"gold_loss":0,"cards_obtained":["Regret"]},{"damage_healed":0,"gold_gain":0,"player_choice":"Grow","damage_taken":0,"max_hp_gain":0,"max_hp_loss":0,"event_name":"Living Wall","floor":11,"gold_loss":0,"cards_upgraded":["Blur"]},{"damage_healed":0,"gold_gain":0,"player_choice":"Shed Blood","damage_taken":18,"max_hp_gain":5,"max_hp_loss":0,"event_name":"Forgotten Altar","floor":22,"gold_loss":0}],"is_beta":false,"boss_relics":[{"not_picked":["Snecko Eye","Eternal Feather"],"picked":"Orrery"}],"items_purged_floors":[10],"is_endless":false,"potions_floor_spawned":[1,2,5,21],"killed_by":"Slavers","ascension_level":0}