{"gold_per_floor":[114,130,55,71,88,123,123,123,149,149,180,180,29,47,47,142,142,153,41,41,57,0,0],"floor_reached":23,"playtime":666,"items_purged":["Strike_R","Defend_R"],"score":304,"play_id":"1197c52f-f177-4677-a658-33814116c345","local_time":"20190402131840","is_ascension_mode":true,"campfire_choices":[{"data":"Rampage","floor":7.0,"key":"SMITH"},{"floor":10.0,"key":"REST"},{"data":"True Grit","floor":15.0,"key":"SMITH"}],"neow_cost":"CURSE","seed_source_timestamp":579513170853,"circlet_count":0,"master_deck":["Strike_R","Strike_R","Strike_R","Strike_R","Defend_R","Defend_R","Defend_R","Bash","Clumsy","Rampage+1","Shrug It Off","Shrug It Off","Rage","True Grit+1","Headbutt","Barricade","Armaments+1","Feel No Pain","Pain","Entrench+1"],"special_seed":0,"relics":["Burning Blood","Ancient Tea Set","Anchor","Bag of Preparation","Cursed Key","WarpedTongs"],"potions_floor_usage":[23,23],"damage_taken":[{"damage":6.0,"enemies":"2 Louse","floor":1.0,"turns":4.0},{"damage":7.0,"enemies":"Small Slimes","floor":2.0,"turns":4.0},{"damage":2.0,"enemies":"Cultist","floor":4.0,"turns":4.0},{"damage":15.0,"enemies":"Red Slaver","floor":5.0,"turns":5.0},{"damage":56.0,"enemies":"Lagavulin","floor":6.0,"turns":9.0},{"damage":46.0,"enemies":"Gremlin Nob","floor":11.0,"turns":5.0},{"damage":4.0,"enemies":"2 Fungi Beasts","floor":14.0,"turns":3.0},{"damage":9.0,"enemies":"The Guardian","floor":16.0,"turns":11.0},{"damage":16.0,"enemies":"Chosen","floor":18.0,"turns":6.0},{"damage":1,"enemies":"Shell Parasite","floor":21,"turns":7},{"damage":87,"enemies":"Slavers","floor":23,"turns":5}],"seed_played":"-2595704897180082519","potions_obtained":[{"floor":1.0,"key":"Explosive Potion"},{"floor":21,"key":"LiquidBronze"}],"is_trial":false,"path_per_floor":["M","M","$","M","M","E","R","?","T","R","E","?","$","M","R","B",null,"M","$","?","M","?","E"],"character_chosen":"IRONCLAD","items_purchased":["Headbutt","Feel No Pain","Regen Potion"],"campfire_rested":1,"item_purchase_floors":[13,19,19],"current_hp_per_floor":[88,87,87,91,82,32,32,32,32,60,20,20,20,22,22,19,77,67,67,67,72,72,0],"gold":0,"neow_bonus":"TWENTY_PERCENT_HP_BONUS","is_prod":false,"is_daily":false,"chose_seed":false,"campfire_upgraded":2,"win_rate":0,"timestamp":1554203920,"path_taken":["M","M","$","M","M","E","R","?","T","R","E","?","$","M","R","BOSS","M","$","?","?","?","E"],"build_version":"2019-01-23","purchased_purges":2,"victory":false,"max_hp_per_floor":[96,96,96,96,96,96,96,96,96,96,96,96,96,96,96,96,96,96,96,96,96,96,96],"card_choices":[{"not_picked":["Pommel Strike","Wild Strike"],"picked":"Rampage","floor":1.0},{"not_picked":["Reckless Charge","Anger"],"picked":"Shrug It Off","floor":2.0},{"not_picked":["Body Slam","Pommel Strike"],"picked":"Shrug It Off","floor":4.0},{"not_picked":["Second Wind","Infernal Blade","Body Slam"],"picked":"SKIP","floor":5.0},{"not_picked":["Havoc","Dark Embrace"],"picked":"Rage","floor":6.0},{"not_picked":["Metallicize","Clothesline"],"picked":"True Grit","floor":11.0},{"not_picked":["Carnage","Clash","Armaments"],"picked":"SKIP","floor":14.0},{"not_picked":["Feed","Brutality"],"picked":"Barricade","floor":16.0},{"not_picked":["Rage","Pummel+1"],"picked":"Armaments+1","floor":18.0},{"not_picked":["Warcry","Sever Soul"],"picked":"Entrench+1","floor":21}],"player_experience":130870,"relics_obtained":[{"floor":6.0,"key":"Ancient Tea Set"},{"floor":9.0,"key":"Anchor"},{"floor":11.0,"key":"Bag of Preparation"}],"event_choices":[{"damage_healed":0.0,"max_hp_gain":0.0,"max_hp_loss":0.0,"gold_gain":0.0,"event_name":"Liars Game","player_choice":"Ignored","floor":8.0,"gold_loss":0.0,"damage_taken":0.0},{"damage_healed":0.0,"max_hp_gain":0.0,"max_hp_loss":0.0,"gold_gain":0.0,"event_name":"The Woman in Blue","player_choice":"Bought 0 Potions","floor":12.0,"gold_loss":0.0,"damage_taken":0.0},{"damage_healed":0.0,"max_hp_gain":0.0,"max_hp_loss":0.0,"gold_gain":0.0,"event_name":"Accursed Blacksmith","player_choice":"Rummage","floor":20.0,"gold_loss":0.0,"damage_taken":0.0,"relics_obtained":["WarpedTongs"],"cards_obtained":["Pain"]},{"damage_healed":0,"gold_gain":0,"player_choice":"Paid Fearfully","damage_taken":0,"max_hp_gain":0,"max_hp_loss":0,"event_name":"Masked Bandits","floor":22,"gold_loss":57}],"is_beta":false,"boss_relics":[{"not_picked":["Philosopher\u0027s Stone","Orrery"],"picked":"Cursed Key"}],"items_purged_floors":[3,13],"is_endless":false,"potions_floor_spawned":[1,21],"killed_by":"Slavers","ascension_level":8}