{"gold_per_floor":[17,92,242,86,106,135,135,135,212,212,212,212,212,245,245,318,318,331,331,331,345,199,199,234,35,35,50,50,61,61,61,61,138,138,157,157,168,43,43,75,75,85,131,143,182,0,12,49,61,73],"floor_reached":50,"playtime":1454,"items_purged":["Doubt","Strike_R","Regret"],"score":984,"play_id":"1a7de6e8-bd23-4b65-8225-8a31530f3f1b","local_time":"20190528172000","is_ascension_mode":true,"campfire_choices":[{"data":"Bash","floor":8.0,"key":"SMITH"},{"data":"Cleave","floor":10.0,"key":"SMITH"},{"data":"Dropkick","floor":12.0,"key":"SMITH"},{"data":"Flame Barrier","floor":15.0,"key":"SMITH"},{"data":"Juggernaut","floor":23.0,"key":"SMITH"},{"data":"Metallicize","floor":30.0,"key":"SMITH"},{"data":"Iron Wave","floor":32.0,"key":"SMITH"},{"data":"Berserk","floor":41.0,"key":"SMITH"},{"data":"Dual Wield","floor":47,"key":"SMITH"},{"floor":49,"key":"REST"}],"neow_cost":"NO_GOLD","seed_source_timestamp":107709621867971,"circlet_count":0,"master_deck":["AscendersBane","Strike_R","Defend_R","Defend_R","Defend_R","Bash+1","Shrug It Off","Metallicize+1","Metallicize+1","Cleave+1","Flame Barrier+1","Pommel Strike","Juggernaut+1","Metallicize+1","Iron Wave+1","Headbutt","Juggernaut+1","Shrug It Off+1","Berserk+1","Regret","Iron Wave","Dual Wield+1","Rage","Doubt","Rampage+1"],"special_seed":0,"relics":["Burning Blood","Blood Vial","Kunai","Orichalcum","Velvet Choker","Omamori","DollysMirror","Mercury Hourglass","Question Card","Calling Bell","Bag of Marbles","Frozen Egg 2","Mango","Lantern","MawBank","Molten Egg 2","Red Mask","Gremlin Horn"],"potions_floor_usage":[42,45,45,50],"damage_taken":[{"damage":1.0,"enemies":"Small Slimes","floor":1.0,"turns":4.0},{"damage":3.0,"enemies":"2 Louse","floor":5.0,"turns":4.0},{"damage":38.0,"enemies":"Lagavulin","floor":6.0,"turns":8.0},{"damage":6.0,"enemies":"3 Sentries","floor":14.0,"turns":11.0},{"damage":10.0,"enemies":"The Guardian","floor":16.0,"turns":14.0},{"damage":2.0,"enemies":"Spheric Guardian","floor":18.0,"turns":4.0},{"damage":7.0,"enemies":"2 Thieves","floor":21.0,"turns":4.0},{"damage":19.0,"enemies":"Book of Stabbing","floor":24.0,"turns":6.0},{"damage":4.0,"enemies":"3 Cultists","floor":27.0,"turns":5.0},{"damage":28.0,"enemies":"Shelled Parasite and Fungi","floor":29.0,"turns":5.0},{"damage":40.0,"enemies":"Automaton","floor":33.0,"turns":9.0},{"damage":16.0,"enemies":"3 Shapes","floor":35.0,"turns":3.0},{"damage":3.0,"enemies":"Orb Walker","floor":37.0,"turns":4.0},{"damage":44.0,"enemies":"Nemesis","floor":40.0,"turns":9.0},{"damage":15,"enemies":"Jaw Worm Horde","floor":42,"turns":4},{"damage":25,"enemies":"Reptomancer","floor":45,"turns":9},{"damage":67,"enemies":"Giant Head","floor":48,"turns":11},{"damage":43,"enemies":"Time Eater","floor":50,"turns":5}],"seed_played":"-2877449293573801450","potions_obtained":[{"floor":1.0,"key":"Ancient Potion"},{"floor":5.0,"key":"GamblersBrew"},{"floor":20.0,"key":"EssenceOfSteel"},{"floor":20.0,"key":"Regen Potion"},{"floor":29.0,"key":"Poison Potion"},{"floor":42,"key":"EssenceOfSteel"},{"floor":48,"key":"Swift Potion"}],"is_trial":false,"path_per_floor":["M","?","?","$","M","E","?","R","T","R","?","R","?","E","R","B",null,"M","?","?","M","$","R","E","$","T","M","?","M","R","?","R","B",null,"M","?","M","$","?","E","R","M","T","?","E","?","R","E","R","B"],"character_chosen":"IRONCLAD","items_purchased":["Dropkick","Headbutt","DollysMirror"],"campfire_rested":1,"item_purchase_floors":[4,22,25],"current_hp_per_floor":[73,62,62,62,65,33,58,58,58,58,35,35,35,37,37,35,65,71,71,71,72,72,72,61,61,61,65,65,59,59,59,59,27,77,69,69,74,74,74,38,38,31,31,89,70,70,70,11,37,0],"gold":73,"neow_bonus":"TRANSFORM_TWO_CARDS","is_prod":false,"is_daily":false,"chose_seed":false,"campfire_upgraded":9,"win_rate":0,"timestamp":1559056800,"path_taken":["M","?","?","$","M","E","?","R","T","R","?","R","?","E","R","BOSS","M","?","?","M","$","R","E","$","T","?","?","M","R","?","R","BOSS","M","?","?","$","?","E","R","M","T","?","E","?","R","E","R","BOSS"],"build_version":"2019-01-23","purchased_purges":3,"victory":false,"max_hp_per_floor":[75,75,75,75,75,75,75,75,75,75,75,75,75,75,75,75,75,75,75,75,75,75,75,75,75,75,75,75,75,75,75,75,75,89,89,89,89,89,89,89,89,89,89,89,89,89,89,89,89,89],"card_choices":[{"not_picked":["Rupture","Intimidate"],"picked":"Metallicize","floor":1.0},{"not_picked":["Clash","Havoc"],"picked":"Cleave","floor":5.0},{"not_picked":["Heavy Blade","Rage"],"picked":"Flame Barrier","floor":6.0},{"not_picked":["Sentinel","Entrench"],"picked":"Pommel Strike","floor":14.0},{"not_picked":["Limit Break","Reaper"],"picked":"Juggernaut","floor":16.0},{"not_picked":["Headbutt","Clothesline","Battle Trance"],"picked":"SKIP","floor":18.0},{"not_picked":["Sword Boomerang","Searing Blow"],"picked":"Iron Wave","floor":21.0},{"not_picked":["Warcry","Sever Soul+1","Bludgeon"],"picked":"SKIP","floor":24.0},{"not_picked":["Bloodletting","Heavy Blade"],"picked":"Shrug It Off+1","floor":27.0},{"not_picked":["Twin Strike","Anger","Reckless Charge","Cleave"],"picked":"SKIP","floor":29.0},{"not_picked":["Limit Break","Fiend Fire","Impervious"],"picked":"Berserk","floor":33.0},{"not_picked":["Pommel Strike+1","Sentinel","Headbutt"],"picked":"Iron Wave","floor":35.0},{"not_picked":["True Grit","Wild Strike","Headbutt"],"picked":"Rage","floor":37.0},{"not_picked":["Double Tap","Pommel Strike+1","Power Through","Disarm+1"],"picked":"SKIP","floor":40.0},{"not_picked":["Pummel","Ghostly Armor+1","Havoc+1","Intimidate"],"picked":"SKIP","floor":42},{"not_picked":["Flex","Pommel Strike+1","Warcry+1","Anger"],"picked":"SKIP","floor":45},{"not_picked":["Combust+1","Rupture+1","Sword Boomerang+1"],"picked":"Rampage+1","floor":48}],"player_experience":260746,"relics_obtained":[{"floor":6.0,"key":"Blood Vial"},{"floor":9.0,"key":"Kunai"},{"floor":14.0,"key":"Orichalcum"},{"floor":24.0,"key":"Omamori"},{"floor":26.0,"key":"Mercury Hourglass"},{"floor":34.0,"key":"Bag of Marbles"},{"floor":34.0,"key":"Frozen Egg 2"},{"floor":34.0,"key":"Mango"},{"floor":40.0,"key":"Lantern"},{"floor":43,"key":"MawBank"},{"floor":45,"key":"Molten Egg 2"},{"floor":48,"key":"Gremlin Horn"}],"event_choices":[{"damage_healed":0.0,"max_hp_gain":0.0,"max_hp_loss":0.0,"gold_gain":75.0,"event_name":"World of Goop","player_choice":"Gather Gold","floor":2.0,"gold_loss":0.0,"damage_taken":11.0},{"damage_healed":0.0,"max_hp_gain":0.0,"max_hp_loss":0.0,"gold_gain":150.0,"event_name":"Liars Game","player_choice":"AGREE","floor":3.0,"gold_loss":0.0,"damage_taken":0.0,"cards_obtained":["Doubt"]},{"damage_healed":25.0,"max_hp_gain":0.0,"max_hp_loss":0.0,"gold_gain":0.0,"event_name":"Big Fish","player_choice":"Banana","floor":7.0,"gold_loss":0.0,"damage_taken":0.0},{"damage_healed":0.0,"max_hp_gain":0.0,"max_hp_loss":0.0,"gold_gain":0.0,"event_name":"Shining Light","player_choice":"Entered Light","floor":11.0,"gold_loss":0.0,"damage_taken":23.0,"cards_upgraded":["Metallicize","Metallicize"]},{"cards_removed":["Defend_R"],"damage_healed":0.0,"max_hp_gain":0.0,"max_hp_loss":0.0,"gold_gain":0.0,"event_name":"Living Wall","player_choice":"Forget","floor":13.0,"gold_loss":0.0,"damage_taken":0.0},{"damage_healed":0.0,"max_hp_gain":0.0,"max_hp_loss":0.0,"gold_gain":0.0,"event_name":"The Library","player_choice":"Read","floor":19.0,"gold_loss":0.0,"damage_taken":0.0,"cards_obtained":["Metallicize"]},{"damage_healed":0.0,"max_hp_gain":0.0,"max_hp_loss":0.0,"gold_gain":0.0,"event_name":"Lab","player_choice":"Got Potions","floor":20.0,"gold_loss":0.0,"damage_taken":0.0},{"damage_healed":0.0,"max_hp_gain":0.0,"max_hp_loss":0.0,"gold_gain":0.0,"event_name":"Addict","player_choice":"Stole Relic","floor":28.0,"gold_loss":0.0,"damage_taken":0.0,"relics_obtained":["Question Card"],"cards_obtained":["Shame"]},{"damage_healed":0.0,"max_hp_gain":0.0,"max_hp_loss":0.0,"gold_gain":0.0,"event_name":"Cursed Tome","player_choice":"Ignored","floor":31.0,"gold_loss":0.0,"damage_taken":0.0},{"damage_healed":0.0,"max_hp_gain":0.0,"max_hp_loss":0.0,"gold_gain":0.0,"cards_transformed":["Strike_R"],"event_name":"Transmorgrifier","player_choice":"Transformed","floor":36.0,"gold_loss":0.0,"damage_taken":0.0,"cards_obtained":["Dual Wield"]},{"cards_removed":["Dropkick"],"damage_healed":0.0,"max_hp_gain":0.0,"max_hp_loss":0.0,"gold_gain":0.0,"event_name":"Falling","player_choice":"Removed Attack","floor":39.0,"gold_loss":0.0,"damage_taken":0.0},{"damage_healed":58,"gold_gain":0,"player_choice":"Heal","damage_taken":0,"max_hp_gain":0,"max_hp_loss":0,"event_name":"MindBloom","floor":44,"gold_loss":0,"cards_obtained":["Doubt"]},{"damage_healed":0,"gold_gain":0,"player_choice":"Paid","damage_taken":0,"relics_obtained":["Red Mask"],"max_hp_gain":0,"max_hp_loss":0,"event_name":"Tomb of Lord Red Mask","floor":46,"gold_loss":194}],"is_beta":false,"boss_relics":[{"not_picked":["Black Blood","Snecko Eye"],"picked":"Velvet Choker"},{"not_picked":["Coffee Dripper","Runic Dome"],"picked":"Calling Bell"}],"items_purged_floors":[4,22,38],"is_endless":false,"potions_floor_spawned":[1,5,27,29,42,48],"killed_by":"Time Eater","ascension_level":15}