{"gold_per_floor":[217,235,88,98,117,117,143,143,143,160,160],"floor_reached":11,"playtime":581,"items_purged":[],"score":105,"play_id":"19f3c611-5cdd-4767-8735-38b885dfe829","local_time":"20190507184951","is_ascension_mode":true,"campfire_choices":[{"floor":8,"key":"REST"}],"neow_cost":"NONE","seed_source_timestamp":4249893036250426,"circlet_count":0,"master_deck":["Strike_R","Strike_R","Strike_R","Strike_R","Strike_R","Defend_R","Defend_R","Defend_R","Defend_R","Bash","Fire Breathing+1","Evolve","Infernal Blade","Rage","Battle Trance","Battle Trance"],"relics":["Burning Blood","Oddly Smooth Stone","Art of War","Omamori"],"potions_floor_usage":[7],"damage_taken":[{"damage":0,"enemies":"Small Slimes","floor":1,"turns":3},{"damage":1,"enemies":"Cultist","floor":2,"turns":3},{"damage":0,"enemies":"2 Louse","floor":4,"turns":4},{"damage":38,"enemies":"Large Slime","floor":5,"turns":10},{"damage":45,"enemies":"Gremlin Nob","floor":7,"turns":6},{"damage":22,"enemies":"Lots of Slimes","floor":10,"turns":4},{"damage":30,"enemies":"Exordium Thugs","floor":11,"turns":6}],"seed_played":"-7140972688444362245","potions_obtained":[{"floor":1,"key":"Block Potion"},{"floor":7,"key":"Swift Potion"}],"is_trial":false,"path_per_floor":["?"],"character_chosen":"IRONCLAD","items_purchased":["Oddly Smooth Stone"],"campfire_rested":1,"item_purchase_floors":[3],"current_hp_per_floor":[78,80,80,80,48,48,9,33,33,17,0],"gold":160,"neow_bonus":"HUNDRED_GOLD","is_prod":false,"is_daily":false,"chose_seed":false,"campfire_upgraded":0,"win_rate":0,"timestamp":1557269391,"path_taken":["M","M","$","M","M","?","E","R","T","M","M"],"build_version":"2019-01-23","purchased_purges":0,"victory":false,"max_hp_per_floor":[80,80,80,80,80,80,80,80,80,80,80],"card_choices":[{"not_picked":["Heavy Blade","Wild Strike"],"picked":"Fire Breathing","floor":1},{"not_picked":["Hemokinesis","Second Wind"],"picked":"Evolve","floor":2},{"not_picked":["Armaments","Twin Strike"],"picked":"Infernal Blade","floor":4},{"not_picked":["Body Slam","Flex"],"picked":"Rage","floor":5},{"not_picked":["Flex","Burning Pact"],"picked":"Battle Trance","floor":7},{"not_picked":["Flex","Rage"],"picked":"Battle Trance","floor":10}],"player_experience":302104,"relics_obtained":[{"floor":7,"key":"Art of War"},{"floor":9,"key":"Omamori"}],"event_choices":[{"damage_healed":0,"gold_gain":0,"player_choice":"Upgraded","damage_taken":0,"max_hp_gain":0,"max_hp_loss":0,"event_name":"Upgrade Shrine","floor":6,"gold_loss":0,"cards_upgraded":["Fire Breathing"]}],"is_beta":false,"boss_relics":[],"items_purged_floors":[],"is_endless":false,"potions_floor_spawned":[1,7],"killed_by":"Exordium Thugs","ascension_level":8}