{"gold_per_floor":[113,113,133,148,166,166,194,194,217,217,238,258,258,283,283,414,414,392,406,406,419,443,443,158,158,207,243,267,267,287,307,307,307],"floor_reached":33,"playtime":2558,"items_purged":["Strike_G"],"score":323,"play_id":"d53b2d75-49d8-456c-bb72-1c64cb04934e","local_time":"20190530210212","is_ascension_mode":false,"campfire_choices":[{"data":"Catalyst","floor":6,"key":"SMITH"},{"data":"Leg Sweep","floor":8,"key":"SMITH"},{"data":"Cloak And Dagger","floor":15,"key":"SMITH"},{"floor":23,"key":"REST"},{"floor":25,"key":"REST"},{"floor":32,"key":"REST"}],"neow_cost":"NONE","seed_source_timestamp":1089177310463552,"circlet_count":0,"master_deck":["Defend_G","Defend_G","Defend_G","Defend_G","Defend_G","Strike_G","Strike_G","Strike_G","Strike_G","Survivor","Neutralize","Cloak And Dagger+1","Deflect","Bane","Sucker Punch","Catalyst+1","Leg Sweep+1","Injury","Caltrops","Cloak And Dagger+1","Malaise","Blade Dance","Deadly Poison+1","Ghostly","Ghostly","Ghostly","Ghostly","Ghostly","Blade Dance+1","Die Die Die","Accuracy","PiercingWail","Backflip","Backstab+1","Blade Dance+1"],"relics":["Ring of the Snake","Ancient Tea Set","Pen Nib","Golden Idol","Sozu","Blood Vial","Smiling Mask","NlothsMask"],"potions_floor_usage":[7,16,16,21],"damage_taken":[{"damage":0,"enemies":"Small Slimes","floor":1,"turns":4},{"damage":0,"enemies":"Cultist","floor":3,"turns":4},{"damage":0,"enemies":"Jaw Worm","floor":4,"turns":3},{"damage":0,"enemies":"Blue Slaver","floor":5,"turns":4},{"damage":17,"enemies":"Gremlin Nob","floor":7,"turns":5},{"damage":4,"enemies":"2 Fungi Beasts","floor":11,"turns":4},{"damage":0,"enemies":"Gremlin Gang","floor":12,"turns":9},{"damage":0,"enemies":"Red Slaver","floor":14,"turns":5},{"damage":24,"enemies":"The Guardian","floor":16,"turns":10},{"damage":7,"enemies":"2 Thieves","floor":18,"turns":5},{"damage":3,"enemies":"Shell Parasite","floor":19,"turns":7},{"damage":19,"enemies":"Chosen and Byrds","floor":21,"turns":9},{"damage":6,"enemies":"Snake Plant","floor":22,"turns":6},{"damage":8,"enemies":"Gremlin Leader","floor":27,"turns":5},{"damage":2,"enemies":"Shelled Parasite and Fungi","floor":28,"turns":6},{"damage":2,"enemies":"Snecko","floor":30,"turns":6},{"damage":19,"enemies":"Cultist and Chosen","floor":31,"turns":9},{"damage":19,"enemies":"Champ","floor":33,"turns":10}],"seed_played":"-1462011368646978076","potions_obtained":[{"floor":3,"key":"PowerPotion"},{"floor":5,"key":"SteroidPotion"},{"floor":14,"key":"Poison Potion"},{"floor":16,"key":"Swift Potion"}],"is_trial":false,"path_per_floor":["M","?","M","M","M","R","E","R","T","?","M","M","?","M","R","B",null,"M","M","?","M","M","R","$","R","T","E","M","?","M","M","R","B"],"character_chosen":"THE_SILENT","items_purchased":["Die Die Die","Accuracy"],"campfire_rested":3,"item_purchase_floors":[24,24],"current_hp_per_floor":[70,70,70,70,70,70,53,53,53,53,49,49,49,49,49,25,70,63,60,35,16,10,20,20,30,30,24,24,24,24,7,17,0],"gold":307,"neow_bonus":"THREE_CARDS","is_prod":false,"is_daily":false,"chose_seed":false,"campfire_upgraded":3,"win_rate":0.0,"timestamp":1559271732,"path_taken":["M","?","M","M","?","R","E","R","T","?","M","M","?","M","R","BOSS","M","M","?","M","M","R","$","R","T","E","M","?","M","?","R","BOSS"],"build_version":"2019-01-23","purchased_purges":1,"victory":false,"max_hp_per_floor":[70,70,70,70,70,70,70,70,70,70,70,70,70,70,70,70,70,70,70,35,35,35,35,35,35,35,35,35,35,35,35,35,35],"card_choices":[{"not_picked":["Terror","Bane"],"picked":"Cloak And Dagger","floor":0},{"not_picked":["Bane","Calculated Gamble"],"picked":"Deflect","floor":1},{"not_picked":["Slice","Dagger Spray"],"picked":"Bane","floor":3},{"not_picked":["Poisoned Stab","Slice"],"picked":"Sucker Punch","floor":4},{"not_picked":["Slice","Die Die Die"],"picked":"Catalyst","floor":5},{"not_picked":["Endless Agony","Dagger Throw"],"picked":"Leg Sweep","floor":7},{"not_picked":["Prepared","Dagger Throw"],"picked":"Caltrops","floor":11},{"not_picked":["Sucker Punch","Flying Knee","Dash"],"picked":"SKIP","floor":12},{"not_picked":["Expertise","Riddle With Holes"],"picked":"Cloak And Dagger","floor":14},{"not_picked":["Adrenaline","A Thousand Cuts"],"picked":"Malaise","floor":16},{"not_picked":["Deflect","Dagger Throw"],"picked":"Blade Dance","floor":18},{"not_picked":["Leg Sweep+1","Sucker Punch"],"picked":"Deadly Poison+1","floor":19},{"not_picked":["Outmaneuver+1","Slice"],"picked":"Blade Dance+1","floor":21},{"not_picked":["Flechettes+1","Underhanded Strike+1","Tactician"],"picked":"SKIP","floor":22},{"not_picked":["Masterful Stab","Choke"],"picked":"PiercingWail","floor":27},{"not_picked":["Die Die Die","Skewer"],"picked":"Backflip","floor":28},{"not_picked":["Prepared+1","Outmaneuver"],"picked":"Backstab+1","floor":30},{"not_picked":["Riddle With Holes","Prepared"],"picked":"Blade Dance+1","floor":31}],"player_experience":34441,"relics_obtained":[{"floor":7,"key":"Ancient Tea Set"},{"floor":9,"key":"Pen Nib"},{"floor":26,"key":"Blood Vial"},{"floor":27,"key":"Smiling Mask"}],"event_choices":[{"damage_healed":0,"gold_gain":0,"player_choice":"Upgraded","damage_taken":0,"max_hp_gain":0,"max_hp_loss":0,"event_name":"Upgrade Shrine","floor":2,"gold_loss":0,"cards_upgraded":["Cloak And Dagger"]},{"damage_healed":0,"gold_gain":0,"player_choice":"Take Wound","damage_taken":0,"relics_obtained":["Golden Idol"],"max_hp_gain":0,"max_hp_loss":0,"event_name":"Golden Idol","floor":10,"gold_loss":0,"cards_obtained":["Injury"]},{"damage_healed":0,"gold_gain":0,"player_choice":"Ignored","damage_taken":0,"max_hp_gain":0,"max_hp_loss":0,"event_name":"Liars Game","floor":13,"gold_loss":0},{"damage_healed":0,"gold_gain":0,"player_choice":"Became a Ghost","damage_taken":0,"max_hp_gain":0,"max_hp_loss":35,"event_name":"Ghosts","floor":20,"gold_loss":0,"cards_obtained":["Ghostly","Ghostly","Ghostly","Ghostly","Ghostly"]},{"damage_healed":0,"gold_gain":0,"player_choice":"Trade","damage_taken":0,"relics_obtained":["NlothsMask"],"max_hp_gain":0,"max_hp_loss":0,"event_name":"FaceTrader","floor":29,"gold_loss":0}],"is_beta":false,"boss_relics":[{"not_picked":["HoveringKite","Eternal Feather"],"picked":"Sozu"}],"items_purged_floors":[24],"is_endless":false,"potions_floor_spawned":[3,5,14,16,19,28,31],"killed_by":"Champ","ascension_level":0}