{"gold_per_floor":[116,132,12,27,27,27,27,60,60,75,87,87,115,21,21,99,99,112,112,112,90,90,90,90],"floor_reached":24,"playtime":1223,"items_purged":[],"score":359,"play_id":"b8dd2318-5553-4cbb-84fb-47fd379d6406","local_time":"20181002151810","is_ascension_mode":true,"campfire_choices":[{"data":"Streamline","floor":6.0,"key":"SMITH"},{"data":"Go for the Eyes","floor":12.0,"key":"SMITH"},{"floor":15.0,"key":"REST"},{"floor":23.0,"key":"REST"}],"neow_cost":"","seed_source_timestamp":1668010442466139,"circlet_count":0,"master_deck":["Strike_B+1","Strike_B+1","Strike_B+1","Strike_B+1","Defend_B+1","Defend_B+1","Defend_B+1","Defend_B+1","Zap","Dualcast","AscendersBane","Steam","Streamline+1","Go for the Eyes+1","Hologram","Chaos+1","Stack","Glacier","Gash","Cold Snap","Core Surge","Biased Cognition+1","Self Repair","Decay","Defragment+1"],"special_seed":0,"relics":["Cracked Core","Blue Candle","Shuriken","Odd Mushroom","Sozu"],"potions_floor_usage":[24],"damage_taken":[{"damage":6.0,"enemies":"Jaw Worm","floor":1.0,"turns":4.0},{"damage":10.0,"enemies":"Small Slimes","floor":2.0,"turns":5.0},{"damage":0.0,"enemies":"Cultist","floor":4.0,"turns":3.0},{"damage":16.0,"enemies":"Lagavulin","floor":8.0,"turns":5.0},{"damage":1.0,"enemies":"3 Louse","floor":10.0,"turns":4.0},{"damage":0.0,"enemies":"Looter","floor":11.0,"turns":4.0},{"damage":18.0,"enemies":"The Mushroom Lair","floor":13.0,"turns":4.0},{"damage":7.0,"enemies":"The Guardian","floor":16.0,"turns":13.0},{"damage":39.0,"enemies":"3 Byrds","floor":18.0,"turns":6.0},{"damage":18.0,"enemies":"2 Thieves","floor":21.0,"turns":4.0},{"damage":32,"enemies":"Gremlin Leader","floor":24,"turns":2}],"seed_played":"-7551151565465857347","potions_obtained":[{"floor":8.0,"key":"SpeedPotion"},{"floor":11.0,"key":"FearPotion"},{"floor":16.0,"key":"SpeedPotion"}],"is_trial":false,"path_per_floor":["M","M","$","M","?","R","?","E","T","M","M","R","?","$","R","B",null,"M","?","?","M","?","R"],"character_chosen":"DEFECT","items_purchased":["Go for the Eyes","Hologram","Core Surge"],"campfire_rested":2,"item_purchase_floors":[3,3,14],"current_hp_per_floor":[58,48,48,48,48,48,48,32,32,31,31,31,13,13,34,27,60,21,21,21,10,10,31,0],"gold":90,"neow_bonus":"","is_prod":false,"is_daily":false,"chose_seed":false,"campfire_upgraded":2,"win_rate":0,"timestamp":1538486290,"path_taken":["M","M","$","M","?","R","?","E","T","M","M","R","?","$","R","BOSS","M","?","?","M","?","R","E"],"build_version":"2018-09-27","purchased_purges":0,"victory":false,"max_hp_per_floor":[71,71,71,71,71,71,71,71,71,71,71,71,71,71,71,71,71,71,71,71,71,71,71,71],"card_choices":[{"not_picked":["Sweeping Beam","Redo"],"picked":"Steam","floor":1.0},{"not_picked":["Leap","Redo"],"picked":"Streamline","floor":2.0},{"not_picked":["Recycle","Force Field"],"picked":"Chaos","floor":4.0},{"not_picked":["Scrape","Go for the Eyes"],"picked":"Stack","floor":8.0},{"not_picked":["Blizzard","Reinforced Body"],"picked":"Glacier","floor":10.0},{"not_picked":["Leap","Ball Lightning"],"picked":"Gash","floor":11.0},{"not_picked":["Auto Shields","Rebound"],"picked":"Cold Snap","floor":13.0},{"not_picked":["Hyperbeam","Amplify"],"picked":"Biased Cognition","floor":16.0},{"not_picked":["Conserve Battery","Sweeping Beam"],"picked":"Self Repair","floor":18.0},{"not_picked":["Streamline+1","Ball Lightning"],"picked":"Defragment+1","floor":21.0}],"player_experience":1094977,"relics_obtained":[{"floor":8.0,"key":"Blue Candle"},{"floor":9.0,"key":"Shuriken"},{"floor":13.0,"key":"Odd Mushroom"}],"event_choices":[{"event_name":"Living Wall","player_choice":"Grow","floor":5.0,"damage_taken":0.0},{"event_name":"The Cleric","player_choice":"Leave","floor":7.0,"damage_taken":0.0},{"event_name":"Mushrooms","player_choice":"Fought Mushrooms","floor":13.0,"damage_taken":0.0},{"event_name":"Forgotten Altar","player_choice":"Smashed Altar","floor":19.0,"damage_taken":0.0},{"event_name":"Upgrade Shrine","player_choice":"Upgraded","floor":20.0,"damage_taken":0.0},{"event_name":"Back to Basics","player_choice":"Simplicity","floor":22.0,"damage_taken":0.0}],"is_beta":false,"boss_relics":[{"not_picked":["Velvet Choker","Astrolabe"],"picked":"Sozu"}],"items_purged_floors":[],"is_endless":false,"potions_floor_spawned":[8,11,16,18],"killed_by":"Gremlin Leader","ascension_level":17}