{"gold_per_floor":[118,135,135,65,65,84,84,84,110,110,126,126,142,171,171,271,271,287,87,87,104,120,120,134,56,82,102,118,118,118],"floor_reached":30,"playtime":3030,"items_purged":[],"score":232,"play_id":"6998fe04-bb1c-4e66-bef5-372f6ec7ec59","local_time":"20190525163940","is_ascension_mode":false,"campfire_choices":[{"data":"Demon Form","floor":7,"key":"SMITH"},{"data":"Immolate","floor":10,"key":"SMITH"},{"data":"Battle Trance","floor":12,"key":"SMITH"},{"data":"Bash","floor":15,"key":"SMITH"},{"data":"Armaments","floor":23,"key":"SMITH"},{"floor":29,"key":"RECALL"}],"neow_cost":"CURSE","seed_source_timestamp":167734476799548,"circlet_count":0,"master_deck":["Strike_R","Strike_R","Strike_R","Strike_R","Defend_R","Defend_R","Defend_R","Defend_R","Bash+1","Demon Form+1","Battle Trance+1","Perfected Strike","Immolate+1","Strike_B","Whirlwind","Reaper","Heavy Blade","Offering","Bash","Barricade","Armaments+1","Immolate","Immolate","Armaments+1"],"relics":["Burning Blood","Incense Burner","Anchor","Oddly Smooth Stone","Sozu"],"potions_floor_usage":[14,16],"damage_taken":[{"damage":9,"enemies":"Jaw Worm","floor":1,"turns":5},{"damage":3,"enemies":"Cultist","floor":2,"turns":4},{"damage":7,"enemies":"Small Slimes","floor":6,"turns":3},{"damage":8,"enemies":"Red Slaver","floor":11,"turns":3},{"damage":4,"enemies":"Exordium Thugs","floor":13,"turns":4},{"damage":16,"enemies":"Lagavulin","floor":14,"turns":5},{"damage":44,"enemies":"The Guardian","floor":16,"turns":9},{"damage":6,"enemies":"Chosen","floor":18,"turns":4},{"damage":17,"enemies":"Spheric Guardian","floor":21,"turns":5},{"damage":2,"enemies":"Snecko","floor":22,"turns":4},{"damage":35,"enemies":"Shelled Parasite and Fungi","floor":24,"turns":4},{"damage":24,"enemies":"Snake Plant","floor":27,"turns":4},{"damage":8,"enemies":"Centurion and Healer","floor":28,"turns":3},{"damage":38,"enemies":"Book of Stabbing","floor":30,"turns":4}],"seed_played":"4969411261322810140","potions_obtained":[{"floor":6,"key":"Energy Potion"},{"floor":14,"key":"Swift Potion"}],"is_trial":false,"path_per_floor":["M","M","?","$","T","M","R","?","T","R","M","R","M","E","R","B",null,"M","$","?","M","M","R","M","$","T","M","M","R","E"],"character_chosen":"IRONCLAD","items_purchased":["Immolate","Heavy Blade","Offering","Immolate"],"campfire_rested":0,"item_purchase_floors":[4,19,19,25],"current_hp_per_floor":[77,80,80,80,80,79,79,79,79,79,77,77,79,69,69,31,80,80,80,80,69,73,73,44,44,44,26,34,34,0],"gold":118,"neow_bonus":"THREE_RARE_CARDS","is_prod":false,"is_daily":false,"chose_seed":false,"campfire_upgraded":5,"win_rate":0,"timestamp":1558813180,"path_taken":["M","M","?","$","?","M","R","?","T","R","M","R","?","E","R","BOSS","M","$","?","M","M","R","M","?","T","M","M","R","E"],"build_version":"2019-01-23","purchased_purges":0,"victory":false,"max_hp_per_floor":[80,80,80,80,80,80,80,80,80,80,80,80,80,80,80,80,80,80,80,80,80,80,80,80,80,80,80,80,80,80],"card_choices":[{"not_picked":["Offering","Reaper"],"picked":"Demon Form","floor":0},{"not_picked":["Havoc","Anger"],"picked":"Battle Trance","floor":1},{"not_picked":["Pummel","Clothesline","Heavy Blade"],"picked":"SKIP","floor":2},{"not_picked":["Clothesline","Twin Strike","Bludgeon"],"picked":"SKIP","floor":6},{"not_picked":["Shrug It Off","Headbutt"],"picked":"Whirlwind","floor":11},{"not_picked":["Clothesline","Flex","Pummel"],"picked":"SKIP","floor":13},{"not_picked":["Dropkick","Clothesline","Sword Boomerang"],"picked":"SKIP","floor":14},{"not_picked":["Impervious","Dark Embrace"],"picked":"Reaper","floor":16},{"not_picked":["Burning Pact+1","Havoc+1","True Grit"],"picked":"SKIP","floor":18},{"not_picked":["Anger","Twin Strike"],"picked":"Armaments","floor":21},{"not_picked":["Heavy Blade+1","Infernal Blade","Corruption+1"],"picked":"SKIP","floor":22},{"not_picked":["Sword Boomerang","Heavy Blade","Thunderclap"],"picked":"SKIP","floor":24},{"not_picked":["Havoc","Corruption"],"picked":"Immolate","floor":27},{"not_picked":["Sentinel+1","Havoc"],"picked":"Armaments+1","floor":28}],"player_experience":149528,"relics_obtained":[{"floor":5,"key":"Incense Burner"},{"floor":9,"key":"Anchor"},{"floor":14,"key":"Oddly Smooth Stone"}],"event_choices":[{"damage_healed":0,"gold_gain":0,"cards_transformed":["Strike_R"],"player_choice":"Transformed","damage_taken":0,"max_hp_gain":0,"max_hp_loss":0,"event_name":"Transmorgrifier","floor":3,"gold_loss":0,"cards_obtained":["Perfected Strike"]},{"cards_removed":["Decay"],"damage_healed":0,"gold_gain":0,"player_choice":"Took Card","damage_taken":0,"max_hp_gain":0,"max_hp_loss":0,"event_name":"NoteForYourself","floor":8,"gold_loss":0,"cards_obtained":["Strike_B"]},{"damage_healed":0,"gold_gain":0,"player_choice":"2 cards matched","damage_taken":0,"max_hp_gain":0,"max_hp_loss":0,"event_name":"Match and Keep!","floor":20,"gold_loss":0,"cards_obtained":["Bash","Barricade"]}],"is_beta":false,"boss_relics":[{"not_picked":["Runic Pyramid","Eternal Feather"],"picked":"Sozu"}],"items_purged_floors":[],"is_endless":false,"potions_floor_spawned":[6,14,18,22,28],"killed_by":"Book of Stabbing","ascension_level":0}