{"gold_per_floor":[10,85,96,109,129,129,129,164,187,218,242,17,17,42,42,42],"floor_reached":16,"playtime":437,"items_purged":[],"score":190,"play_id":"6a253821-d78f-463b-8d60-3a97c6a653a9","local_time":"20190523205541","is_ascension_mode":true,"campfire_choices":[{"data":"A Thousand Cuts","floor":6,"key":"SMITH"},{"floor":15,"key":"REST"}],"neow_cost":"NO_GOLD","seed_source_timestamp":279995247291144,"circlet_count":0,"master_deck":["AscendersBane","Defend_G","Defend_G","Defend_G","Defend_G","Defend_G","Strike_G","Strike_G","Strike_G","Strike_G","Strike_G","Survivor","Neutralize","A Thousand Cuts+1","Leg Sweep","Heel Hook","Backstab","Cloak And Dagger","Cloak And Dagger","Slice","Infinite Blades","Infinite Blades","Blade Dance"],"relics":["Ring of the Snake","GremlinMask","PreservedInsect","MawBank","Membership Card","Juzu Bracelet"],"potions_floor_usage":[4,8,10,11],"damage_taken":[{"damage":0,"enemies":"Small Slimes","floor":1,"turns":3},{"damage":1,"enemies":"Cultist","floor":3,"turns":4},{"damage":0,"enemies":"Jaw Worm","floor":4,"turns":4},{"damage":19,"enemies":"Large Slime","floor":5,"turns":8},{"damage":14,"enemies":"Lagavulin","floor":8,"turns":8},{"damage":11,"enemies":"Lots of Slimes","floor":10,"turns":7},{"damage":9,"enemies":"2 Fungi Beasts","floor":11,"turns":4},{"damage":23,"enemies":"Gremlin Nob","floor":14,"turns":4},{"damage":30,"enemies":"Slime Boss","floor":16,"turns":3}],"seed_played":"-7448309185318707848","potions_obtained":[{"floor":1,"key":"SkillPotion"},{"floor":3,"key":"SpeedPotion"},{"floor":5,"key":"Ancient Potion"},{"floor":8,"key":"Block Potion"},{"floor":10,"key":"Regen Potion"}],"is_trial":false,"path_per_floor":["M","?","M","M","M","R","?","E","T","M","M","$","?","E","R","B"],"character_chosen":"THE_SILENT","items_purchased":["Membership Card","Infinite Blades"],"campfire_rested":1,"item_purchase_floors":[12,12],"current_hp_per_floor":[59,48,47,47,28,28,28,14,14,3,6,6,28,5,24,0],"gold":42,"neow_bonus":"THREE_RARE_CARDS","is_prod":false,"is_daily":false,"chose_seed":false,"campfire_upgraded":1,"win_rate":0,"timestamp":1558637741,"path_taken":["M","?","M","M","M","R","?","E","T","?","?","?","?","E","R","BOSS"],"build_version":"2019-01-23","purchased_purges":0,"victory":false,"max_hp_per_floor":[66,66,66,66,66,66,66,66,66,66,66,66,66,66,66,66],"card_choices":[{"not_picked":["Phantasmal Killer","Wraith Form v2"],"picked":"A Thousand Cuts","floor":0},{"not_picked":["Quick Slash","Expertise"],"picked":"Leg Sweep","floor":1},{"not_picked":["Acrobatics","Sucker Punch"],"picked":"Heel Hook","floor":3},{"not_picked":["Backstab","Dash","Outmaneuver"],"picked":"SKIP","floor":4},{"not_picked":["Dash","Outmaneuver"],"picked":"Backstab","floor":4},{"not_picked":["Prepared","Endless Agony"],"picked":"Cloak And Dagger","floor":5},{"not_picked":["Catalyst","Malaise"],"picked":"Cloak And Dagger","floor":8},{"not_picked":["Poisoned Stab","Backflip"],"picked":"Slice","floor":10},{"not_picked":["Deadly Poison","Outmaneuver"],"picked":"Infinite Blades","floor":11},{"not_picked":["Underhanded Strike","Quick Slash"],"picked":"Blade Dance","floor":14}],"player_experience":238968,"relics_obtained":[{"floor":8,"key":"PreservedInsect"},{"floor":9,"key":"MawBank"},{"floor":14,"key":"Juzu Bracelet"}],"event_choices":[{"damage_healed":0,"gold_gain":75,"player_choice":"Gather Gold","damage_taken":11,"max_hp_gain":0,"max_hp_loss":0,"event_name":"World of Goop","floor":2,"gold_loss":0},{"damage_healed":0,"gold_gain":0,"player_choice":"Trade","damage_taken":0,"relics_obtained":["GremlinMask"],"max_hp_gain":0,"max_hp_loss":0,"event_name":"FaceTrader","floor":7,"gold_loss":0},{"damage_healed":22,"gold_gain":0,"player_choice":"Banana","damage_taken":0,"max_hp_gain":0,"max_hp_loss":0,"event_name":"Big Fish","floor":13,"gold_loss":0}],"is_beta":false,"boss_relics":[],"items_purged_floors":[],"is_endless":false,"potions_floor_spawned":[1,3,5,8,10],"killed_by":"Slime Boss","ascension_level":14}