{"gold_per_floor":[144,144,144,189,189,189,234,324,349,349,394,394,439,413,413,713,713,758,758,758,118,118,118,78,18],"floor_reached":25,"playtime":1404,"items_purged":[],"score":222,"play_id":"29305705-1e84-49c0-b24b-e8e980ad9cbe","local_time":"20190331211033","daily_mods":["Shiny","Flight","Midas"],"is_ascension_mode":false,"campfire_choices":[{"floor":6.0,"key":"REST"},{"floor":10.0,"key":"REST"},{"floor":15.0,"key":"REST"},{"floor":23,"key":"REST"}],"neow_cost":"","seed_source_timestamp":0,"circlet_count":0,"master_deck":["Venomology","Corpse Explosion","Malaise","Phantasmal Killer","Die Die Die+1","Adrenaline","Envenom","Doppelganger+1","Burst","Wraith Form v2+1","Tools of the Trade","Night Terror","Unload","After Image","Bullet Time","Storm of Steel","Glass Knife","A Thousand Cuts","Grand Finale","Sucker Punch","Cloak And Dagger","Neutralize","Cloak And Dagger","Unload","Infinite Blades","Blade Dance","Burst","Skewer","Die Die Die","PiercingWail","Flying Knee","Outmaneuver","Footwork","The Bomb","Discovery","Regret"],"special_seed":17983,"relics":["Ring of the Snake","The Specimen","Darkstone Periapt","Strawberry","Cursed Key","MutagenicStrength","Kunai"],"potions_floor_usage":[],"damage_taken":[{"damage":0.0,"enemies":"Small Slimes","floor":1.0,"turns":3.0},{"damage":0.0,"enemies":"2 Louse","floor":4.0,"turns":1.0},{"damage":0.0,"enemies":"Cultist","floor":7.0,"turns":4.0},{"damage":33.0,"enemies":"3 Sentries","floor":8.0,"turns":4.0},{"damage":0.0,"enemies":"Large Slime","floor":11.0,"turns":3.0},{"damage":50.0,"enemies":"Gremlin Gang","floor":13.0,"turns":4.0},{"damage":41.0,"enemies":"The Guardian","floor":16.0,"turns":9.0},{"damage":41,"enemies":"3 Byrds","floor":18,"turns":6},{"damage":32,"enemies":"Colosseum Slavers","floor":20,"turns":3},{"damage":37,"enemies":"2 Thieves","floor":25,"turns":2}],"seed_played":"8691496002598521880","potions_obtained":[{"floor":4.0,"key":"EntropicBrew"},{"floor":12.0,"key":"EssenceOfSteel"},{"floor":12.0,"key":"Explosive Potion"},{"floor":12.0,"key":"FairyPotion"},{"floor":16.0,"key":"Dexterity Potion"}],"is_trial":false,"path_per_floor":["M","?","?","M","?","R","M","E","T","R","M","?","M","?","R","B",null,"M","?","?","$","T","R","?","M"],"character_chosen":"THE_SILENT","items_purchased":["Die Die Die","PiercingWail","Flying Knee","Outmaneuver","Footwork","The Bomb","Discovery"],"campfire_rested":4,"item_purchase_floors":[21,21,21,21,21,21,21],"current_hp_per_floor":[70,67,53,53,53,70,70,37,44,67,67,67,17,17,40,7,77,36,36,4,4,10,34,34,0],"gold":18,"neow_bonus":"","is_prod":false,"is_daily":true,"chose_seed":false,"campfire_upgraded":0,"win_rate":0.0,"timestamp":1554059433,"path_taken":["M","?","?","M","?","R","M","E","T","R","?","?","?","?","R","BOSS","M","?","?","$","?","R","?","?"],"build_version":"2019-01-23","purchased_purges":0,"victory":false,"max_hp_per_floor":[70,70,70,70,70,70,70,70,77,77,77,77,77,77,77,77,77,77,77,77,77,83,83,83,83],"card_choices":[{"not_picked":["Setup","Footwork"],"picked":"Sucker Punch","floor":1.0},{"not_picked":["Flying Knee","PiercingWail"],"picked":"Cloak And Dagger","floor":4.0},{"not_picked":["Deadly Poison","Setup"],"picked":"Cloak And Dagger","floor":7.0},{"not_picked":["Noxious Fumes","Setup"],"picked":"Unload","floor":8.0},{"not_picked":["Escape Plan","Bane"],"picked":"Infinite Blades","floor":11.0},{"not_picked":["Underhanded Strike","PiercingWail"],"picked":"Blade Dance","floor":13.0},{"not_picked":["Malaise","Unload"],"picked":"Burst","floor":16.0},{"not_picked":["Outmaneuver","Slice"],"picked":"Skewer","floor":18}],"player_experience":25989,"relics_obtained":[{"floor":8.0,"key":"Darkstone Periapt"},{"floor":9.0,"key":"Strawberry"},{"floor":22,"key":"Kunai"}],"event_choices":[{"damage_healed":0.0,"max_hp_gain":0.0,"max_hp_loss":0.0,"gold_gain":0.0,"event_name":"Scrap Ooze","player_choice":"Success","floor":2.0,"gold_loss":0.0,"damage_taken":3.0,"relics_obtained":["The Specimen"]},{"damage_healed":0.0,"max_hp_gain":0.0,"max_hp_loss":0.0,"gold_gain":0.0,"event_name":"Shining Light","player_choice":"Entered Light","floor":3.0,"gold_loss":0.0,"damage_taken":14.0,"cards_upgraded":["Wraith Form v2","Doppelganger"]},{"damage_healed":0.0,"max_hp_gain":0.0,"max_hp_loss":0.0,"gold_gain":0.0,"event_name":"Match and Keep!","player_choice":"1 cards matched","floor":5.0,"gold_loss":0.0,"damage_taken":0.0,"cards_obtained":["Neutralize"]},{"damage_healed":0.0,"max_hp_gain":0.0,"max_hp_loss":0.0,"gold_gain":0.0,"event_name":"Lab","player_choice":"Got Potions","floor":12.0,"gold_loss":0.0,"damage_taken":0.0},{"damage_healed":0.0,"max_hp_gain":0.0,"max_hp_loss":0.0,"gold_gain":0.0,"event_name":"World of Goop","player_choice":"Left Gold","floor":14.0,"gold_loss":26.0,"damage_taken":0.0},{"damage_healed":0,"gold_gain":0,"player_choice":"Inject Mutagens","damage_taken":0,"relics_obtained":["MutagenicStrength"],"max_hp_gain":0,"max_hp_loss":0,"event_name":"Drug Dealer","floor":19,"gold_loss":0},{"damage_healed":0,"gold_gain":0,"player_choice":"Fight","damage_taken":0,"max_hp_gain":0,"max_hp_loss":0,"event_name":"Colosseum","floor":20,"gold_loss":0},{"damage_healed":0,"gold_gain":0,"player_choice":"Fled From Nobs","damage_taken":0,"max_hp_gain":0,"max_hp_loss":0,"event_name":"Colosseum","floor":20,"gold_loss":0},{"damage_healed":0,"gold_gain":0,"player_choice":"Upgrade","damage_taken":0,"max_hp_gain":0,"max_hp_loss":0,"event_name":"Designer","floor":24,"gold_loss":40,"cards_upgraded":["Die Die Die"]}],"is_beta":false,"boss_relics":[{"not_picked":["Ectoplasm","Velvet Choker"],"picked":"Cursed Key"}],"items_purged_floors":[],"is_endless":false,"potions_floor_spawned":[4,16,18],"killed_by":"2 Thieves","ascension_level":0}