{"gold_per_floor":[114,125,200,30,30,30,46,46,100,120,151,24,24,39,39,39],"floor_reached":16,"playtime":1378,"items_purged":["Normality"],"score":100,"play_id":"da8315fe-46ca-4dab-8749-124317938cf9","local_time":"20190525170312","is_ascension_mode":false,"campfire_choices":[{"data":"After Image","floor":6,"key":"SMITH"},{"floor":15,"key":"REST"}],"neow_cost":"CURSE","seed_source_timestamp":170801556628867,"circlet_count":0,"master_deck":["Defend_G","Defend_G","Defend_G","Defend_G","Defend_G","Strike_G","Strike_G","Strike_G","Strike_G","Strike_G","Survivor","Neutralize","After Image+1","Sucker Punch","Blade Dance","Accuracy","Quick Slash","Dash","Injury","Footwork","Accuracy","Footwork","Cloak And Dagger","Dash"],"relics":["Ring of the Snake","Golden Idol","Gremlin Horn"],"potions_floor_usage":[10,16],"damage_taken":[{"damage":0,"enemies":"2 Louse","floor":1,"turns":3},{"damage":2,"enemies":"Small Slimes","floor":2,"turns":4},{"damage":1,"enemies":"Jaw Worm","floor":7,"turns":4},{"damage":4,"enemies":"Exordium Thugs","floor":10,"turns":5},{"damage":50,"enemies":"Gremlin Nob","floor":11,"turns":8},{"damage":0,"enemies":"2 Fungi Beasts","floor":14,"turns":4},{"damage":47,"enemies":"Hexaghost","floor":16,"turns":16}],"seed_played":"7478609314091222631","potions_obtained":[{"floor":7,"key":"FearPotion"},{"floor":10,"key":"Ancient Potion"}],"is_trial":false,"path_per_floor":["M","M","?","$","?","R","M","?","T","M","E","$","?","M","R","B"],"character_chosen":"THE_SILENT","items_purchased":["Accuracy","Quick Slash","Footwork","Cloak And Dagger"],"campfire_rested":1,"item_purchase_floors":[4,4,12,12],"current_hp_per_floor":[70,68,57,57,57,57,56,56,56,52,2,2,25,25,46,0],"gold":39,"neow_bonus":"THREE_RARE_CARDS","is_prod":false,"is_daily":false,"chose_seed":false,"campfire_upgraded":1,"win_rate":0,"timestamp":1558814592,"path_taken":["M","M","?","$","?","R","M","?","T","?","E","?","?","M","R","BOSS"],"build_version":"2019-01-23","purchased_purges":1,"victory":false,"max_hp_per_floor":[70,70,70,70,70,70,70,70,70,70,70,70,70,70,70,70],"card_choices":[{"not_picked":["Malaise","Tools of the Trade"],"picked":"After Image","floor":0},{"not_picked":["Dagger Throw","Flying Knee"],"picked":"Sucker Punch","floor":1},{"not_picked":["Storm of Steel","Outmaneuver"],"picked":"Blade Dance","floor":2},{"not_picked":["Prepared","Outmaneuver"],"picked":"Dash","floor":7},{"not_picked":["Well Laid Plans","Concentrate"],"picked":"Footwork","floor":10},{"not_picked":["Flying Knee","Dagger Throw"],"picked":"Accuracy","floor":11},{"not_picked":["Deflect","Dodge and Roll"],"picked":"Dash","floor":14}],"player_experience":152558,"relics_obtained":[{"floor":11,"key":"Gremlin Horn"}],"event_choices":[{"damage_healed":0,"gold_gain":75,"player_choice":"Gather Gold","damage_taken":11,"max_hp_gain":0,"max_hp_loss":0,"event_name":"World of Goop","floor":3,"gold_loss":0},{"damage_healed":0,"gold_gain":0,"player_choice":"Leave","damage_taken":0,"max_hp_gain":0,"max_hp_loss":0,"event_name":"The Cleric","floor":5,"gold_loss":0},{"damage_healed":0,"gold_gain":0,"player_choice":"Take Wound","damage_taken":0,"relics_obtained":["Golden Idol"],"max_hp_gain":0,"max_hp_loss":0,"event_name":"Golden Idol","floor":8,"gold_loss":0,"cards_obtained":["Injury"]},{"damage_healed":23,"gold_gain":0,"player_choice":"Banana","damage_taken":0,"max_hp_gain":0,"max_hp_loss":0,"event_name":"Big Fish","floor":13,"gold_loss":0}],"is_beta":false,"boss_relics":[],"items_purged_floors":[4],"is_endless":false,"potions_floor_spawned":[7,10],"killed_by":"Hexaghost","ascension_level":0}