{"gold_per_floor":[116,136,152,132,144,176,176,194,194,206,231,231,247,258,258,354,354,319,319,37,37,53,80,80,115,115,115,128,145,145,179,179,282,282,298,312,312,312,312,312,35,60,60,94,109,109,9,20,20,20],"floor_reached":51,"playtime":5839,"items_purged":["Writhe","Pain","Decay"],"score":1065,"play_id":"e7b4bd91-c4b5-40b6-9ba2-305895fcab60","local_time":"20190509193455","is_ascension_mode":true,"campfire_choices":[{"floor":7,"key":"REST"},{"floor":12,"key":"REST"},{"floor":15,"key":"REST"},{"floor":24,"key":"REST"},{"floor":27,"key":"REST"},{"floor":30,"key":"REST"},{"floor":32,"key":"REST"},{"floor":40,"key":"REST"},{"floor":46,"key":"REST"},{"floor":49,"key":"REST"}],"neow_cost":"NONE","seed_source_timestamp":4420079631023450,"circlet_count":0,"master_deck":["Defend_G","Defend_G","Defend_G","Defend_G","Defend_G","Strike_G","Strike_G","Strike_G","Strike_G","Strike_G","Survivor","Neutralize","Infinite Blades","Acrobatics","Blur+1","Calculated Gamble","Expertise","Backflip","Predator","Dodge and Roll","Skewer","Dodge and Roll","Adrenaline","PiercingWail","Caltrops","Necronomicurse","Blade Dance+1","Outmaneuver+1","Wraith Form v2","Reflex+1","PiercingWail+1","Cloak And Dagger+1","Dash","Infinite Blades","After Image","Quick Slash+1","Distraction+1","Madness+1","Madness+1","Setup+1","Footwork","Well Laid Plans","Blind+1","Infinite Blades+1","Corpse Explosion+1","Skewer+1","Leg Sweep+1","Blade Dance+1","Terror+1"],"special_seed":0,"relics":["Ring of the Snake","Mango","The Courier","Bottled Flame","Cursed Key","Bag of Preparation","Kunai","Necronomicon","Dream Catcher","Ninja Scroll","Toxic Egg 2","Snake Skull","Fusion Hammer","War Paint","Bronze Scales","Question Card"],"potions_floor_usage":[6,11,14,16,23,25,33,33,42,45],"damage_taken":[{"damage":6,"enemies":"Cultist","floor":1,"turns":5},{"damage":8,"enemies":"Small Slimes","floor":2,"turns":5},{"damage":1,"enemies":"Jaw Worm","floor":3,"turns":6},{"damage":9,"enemies":"2 Fungi Beasts","floor":5,"turns":6},{"damage":47,"enemies":"Gremlin Nob","floor":6,"turns":5},{"damage":15,"enemies":"Large Slime","floor":8,"turns":9},{"damage":6,"enemies":"3 Louse","floor":10,"turns":6},{"damage":24,"enemies":"3 Sentries","floor":11,"turns":10},{"damage":1,"enemies":"Looter","floor":13,"turns":4},{"damage":4,"enemies":"Gremlin Gang","floor":14,"turns":5},{"damage":39,"enemies":"The Guardian","floor":16,"turns":20},{"damage":24,"enemies":"2 Thieves","floor":18,"turns":5},{"damage":2,"enemies":"Shell Parasite","floor":22,"turns":5},{"damage":12,"enemies":"Gremlin Leader","floor":23,"turns":8},{"damage":27,"enemies":"Slavers","floor":25,"turns":8},{"damage":12,"enemies":"Shelled Parasite and Fungi","floor":28,"turns":7},{"damage":12,"enemies":"3 Cultists","floor":29,"turns":5},{"damage":21,"enemies":"Gremlin Leader","floor":31,"turns":5},{"damage":51,"enemies":"Automaton","floor":33,"turns":11},{"damage":3,"enemies":"3 Darklings","floor":35,"turns":7},{"damage":7,"enemies":"3 Shapes","floor":36,"turns":6},{"damage":20,"enemies":"Reptomancer","floor":42,"turns":9},{"damage":0,"enemies":"Giant Head","floor":44,"turns":9},{"damage":7,"enemies":"Jaw Worm Horde","floor":45,"turns":3},{"damage":0,"enemies":"Sphere and 2 Shapes","floor":48,"turns":5},{"damage":27,"enemies":"Awakened One","floor":50,"turns":14}],"seed_played":"-2153056630800736775","potions_obtained":[{"floor":3,"key":"SneckoOil"},{"floor":4,"key":"FairyPotion"},{"floor":5,"key":"Poison Potion"},{"floor":6,"key":"Swift Potion"},{"floor":10,"key":"LiquidBronze"},{"floor":11,"key":"Explosive Potion"},{"floor":14,"key":"Energy Potion"},{"floor":18,"key":"Block Potion"},{"floor":23,"key":"Strength Potion"},{"floor":31,"key":"Strength Potion"},{"floor":33,"key":"Fire Potion"},{"floor":35,"key":"Fire Potion"},{"floor":44,"key":"GamblersBrew"}],"is_trial":false,"path_per_floor":["M","?","?","?","?","?","?"],"character_chosen":"THE_SILENT","items_purchased":["Kunai","Caltrops","Footwork","Well Laid Plans","Blind+1"],"campfire_rested":10,"item_purchase_floors":[20,20,41,41,41],"current_hp_per_floor":[64,56,55,55,46,21,48,33,33,27,3,30,29,25,52,13,72,48,48,48,32,30,18,45,18,18,45,33,21,48,27,54,3,69,66,59,48,48,48,75,75,55,55,55,48,75,75,75,91,64],"gold":20,"neow_bonus":"TEN_PERCENT_HP_BONUS","is_prod":false,"is_daily":false,"chose_seed":false,"campfire_upgraded":0,"win_rate":0,"timestamp":1557444895,"path_taken":["M","M","?","?","M","E","R","M","T","M","E","R","M","M","R","BOSS","M","?","$","?","M","E","R","E","T","R","M","M","R","E","R","BOSS","M","M","?","?","?","R","$","E","T","E","M","R","$","M","R","BOSS"],"build_version":"2019-01-23","purchased_purges":3,"victory":true,"max_hp_per_floor":[77,77,77,77,77,91,91,91,91,91,91,91,91,91,91,91,91,91,91,91,91,91,91,91,91,91,91,91,91,91,91,91,91,91,91,91,91,91,91,91,91,91,91,91,91,91,91,91,91,91],"card_choices":[{"not_picked":["Dagger Spray","Catalyst"],"picked":"Infinite Blades","floor":1},{"not_picked":["Sucker Punch","Deadly Poison"],"picked":"Acrobatics","floor":2},{"not_picked":["Cloak And Dagger","Bane"],"picked":"Blur","floor":3},{"not_picked":["Deflect","Outmaneuver"],"picked":"Calculated Gamble","floor":5},{"not_picked":["Poisoned Stab","Dagger Throw"],"picked":"Expertise","floor":6},{"not_picked":["Infinite Blades","Deflect"],"picked":"Backflip","floor":8},{"not_picked":["Skewer","Heel Hook"],"picked":"Predator","floor":10},{"not_picked":["Dagger Spray","Glass Knife"],"picked":"Dodge and Roll","floor":11},{"not_picked":["Catalyst","Heel Hook"],"picked":"Skewer","floor":13},{"not_picked":["Poisoned Stab","Blade Dance"],"picked":"Dodge and Roll","floor":14},{"not_picked":["Burst","Venomology"],"picked":"Adrenaline","floor":16},{"not_picked":["Eviscerate","Underhanded Strike"],"picked":"PiercingWail","floor":18},{"not_picked":["Slice","Riddle With Holes"],"picked":"Blade Dance","floor":22},{"not_picked":["Riddle With Holes","Skewer"],"picked":"Outmaneuver+1","floor":23},{"not_picked":["Underhanded Strike","All Out Attack"],"picked":"Wraith Form v2","floor":25},{"not_picked":["Catalyst+1","Bane"],"picked":"Reflex+1","floor":27},{"not_picked":["Bouncing Flask+1","All Out Attack"],"picked":"PiercingWail+1","floor":28},{"not_picked":["Acrobatics+1","Poisoned Stab"],"picked":"Cloak And Dagger+1","floor":29},{"not_picked":["Skewer","Infinite Blades"],"picked":"Die Die Die","floor":30},{"not_picked":["Cloak And Dagger+1","PiercingWail+1"],"picked":"Dash","floor":31},{"not_picked":["Dodge and Roll+1","Backstab"],"picked":"Infinite Blades","floor":32},{"not_picked":["Storm of Steel+1","Adrenaline+1"],"picked":"After Image","floor":33},{"not_picked":["Calculated Gamble+1","Dagger Spray"],"picked":"Quick Slash+1","floor":35},{"not_picked":["Prepared+1","Quick Slash"],"picked":"Distraction+1","floor":36},{"not_picked":["Eviscerate","Underhanded Strike+1"],"picked":"Setup+1","floor":40},{"not_picked":["PiercingWail+1","Acrobatics+1"],"picked":"Infinite Blades+1","floor":42},{"not_picked":["Setup+1","Concentrate+1"],"picked":"Corpse Explosion+1","floor":44},{"not_picked":["Flying Knee","Slice+1","Prepared+1"],"picked":"Skewer+1","floor":45},{"not_picked":["Dagger Spray+1","Backstab","Tactician+1"],"picked":"Leg Sweep+1","floor":46},{"not_picked":["Sucker Punch","Poisoned Stab","Catalyst+1"],"picked":"Blade Dance+1","floor":48},{"not_picked":["Cloak And Dagger+1","Footwork","Blade Dance+1"],"picked":"Terror+1","floor":49}],"player_experience":344305,"relics_obtained":[{"floor":6,"key":"Mango"},{"floor":9,"key":"The Courier"},{"floor":11,"key":"Bottled Flame"},{"floor":21,"key":"Necronomicon"},{"floor":23,"key":"Dream Catcher"},{"floor":25,"key":"Ninja Scroll"},{"floor":26,"key":"Toxic Egg 2"},{"floor":31,"key":"Snake Skull"},{"floor":42,"key":"War Paint"},{"floor":43,"key":"Bronze Scales"},{"floor":44,"key":"Question Card"}],"event_choices":[{"damage_healed":0,"gold_gain":0,"player_choice":"Bought 1 Potion","damage_taken":0,"max_hp_gain":0,"max_hp_loss":0,"event_name":"The Woman in Blue","floor":4,"gold_loss":0},{"damage_healed":0,"gold_gain":0,"player_choice":"Opened","damage_taken":0,"relics_obtained":["Bag of Preparation"],"max_hp_gain":0,"max_hp_loss":0,"event_name":"The Mausoleum","floor":19,"gold_loss":0,"cards_obtained":["Writhe"]},{"damage_healed":0,"gold_gain":0,"player_choice":"Obtained Book","damage_taken":16,"max_hp_gain":0,"max_hp_loss":0,"event_name":"Cursed Tome","floor":21,"gold_loss":0},{"damage_healed":0,"gold_gain":0,"player_choice":"Embrace Madness","damage_taken":11,"max_hp_gain":0,"max_hp_loss":0,"event_name":"Winding Halls","floor":37,"gold_loss":0,"cards_obtained":["Madness","Madness"]},{"damage_healed":0,"gold_gain":0,"player_choice":"Ignored","damage_taken":0,"max_hp_gain":0,"max_hp_loss":0,"event_name":"Tomb of Lord Red Mask","floor":38,"gold_loss":0},{"cards_removed":["Die Die Die"],"damage_healed":0,"gold_gain":0,"player_choice":"Removed Attack","damage_taken":0,"max_hp_gain":0,"max_hp_loss":0,"event_name":"Falling","floor":39,"gold_loss":0}],"is_beta":false,"boss_relics":[{"not_picked":["White Beast Statue","Eternal Feather"],"picked":"Cursed Key"},{"not_picked":["Calling Bell","Coffee Dripper"],"picked":"Fusion Hammer"}],"items_purged_floors":[20,41,47],"is_endless":false,"potions_floor_spawned":[3,5,6,10,11,14,18,23,31,33,35,44],"ascension_level":7}