{"gold_per_floor":[117,130,141,156,167,167,192,192,218,168,203,47,74,93,93,197,197,210,210,210,111,111,111,144,144,193,193,225,238,251,269,269,364,364,383,401,414,414,431,464,464,362,362,159,159,173,173,191,191,191],"floor_reached":51,"playtime":5804,"items_purged":["Purity+1","Survivor"],"score":1106,"play_id":"3b61e645-2099-4541-94ef-7786bd30a12f","local_time":"20191002020904","is_ascension_mode":true,"campfire_choices":[{"data":"Sucker Punch","floor":6.0,"key":"SMITH"},{"data":"Bouncing Flask","floor":8.0,"key":"SMITH"},{"floor":15.0,"key":"REST"},{"data":"Neutralize","floor":23.0,"key":"SMITH"},{"data":"Quick Slash","floor":25.0,"key":"SMITH"},{"floor":27.0,"key":"REST"},{"floor":32.0,"key":"REST"},{"floor":41.0,"key":"REST"},{"floor":45.0,"key":"REST"},{"data":"Well Laid Plans","floor":47.0,"key":"SMITH"},{"data":"Flying Knee","floor":49.0,"key":"SMITH"}],"neow_cost":"NONE","seed_source_timestamp":1995863456312429,"circlet_count":0,"master_deck":["AscendersBane","Defend_G+1","Defend_G+1","Defend_G+1","Defend_G+1","Neutralize+1","Masterful Stab","Bouncing Flask+1","Flying Knee+1","Sucker Punch+1","Well Laid Plans+1","Deadly Poison+1","Quick Slash+1","Dodge and Roll+1","Burst+1","Corpse Explosion+1","Well Laid Plans+1","Malaise+1","Backflip+1","Enlightenment+1","Night Terror+1","PiercingWail+1","Blur+1","Doppelganger+1","Malaise+1","Catalyst+1"],"special_seed":0,"relics":["Velvet Choker","Toxic Egg 2","Blood Vial","Boot","Snake Skull","Strawberry","Astrolabe","Enchiridion","Tingsha","Smiling Mask","Unceasing Top","Empty Cage","Anchor","Potion Belt"],"potions_floor_usage":[50,50,50],"damage_taken":[{"damage":1.0,"enemies":"Jaw Worm","floor":1.0,"turns":6.0},{"damage":1.0,"enemies":"2 Louse","floor":2.0,"turns":3.0},{"damage":1.0,"enemies":"Small Slimes","floor":3.0,"turns":3.0},{"damage":13.0,"enemies":"Gremlin Gang","floor":4.0,"turns":6.0},{"damage":0.0,"enemies":"Exordium Wildlife","floor":5.0,"turns":3.0},{"damage":17.0,"enemies":"Gremlin Nob","floor":7.0,"turns":4.0},{"damage":0.0,"enemies":"3 Sentries","floor":11.0,"turns":8.0},{"damage":19.0,"enemies":"Gremlin Nob","floor":13.0,"turns":4.0},{"damage":0.0,"enemies":"3 Louse","floor":14.0,"turns":2.0},{"damage":12.0,"enemies":"Slime Boss","floor":16.0,"turns":7.0},{"damage":1.0,"enemies":"Chosen","floor":18.0,"turns":6.0},{"damage":12.0,"enemies":"Book of Stabbing","floor":24.0,"turns":5.0},{"damage":14.0,"enemies":"Slavers","floor":28.0,"turns":2.0},{"damage":0.0,"enemies":"Spheric Guardian","floor":29.0,"turns":2.0},{"damage":0.0,"enemies":"Shelled Parasite and Fungi","floor":30.0,"turns":4.0},{"damage":16.0,"enemies":"Centurion and Healer","floor":31.0,"turns":5.0},{"damage":22.0,"enemies":"Collector","floor":33.0,"turns":7.0},{"damage":0.0,"enemies":"3 Shapes","floor":35.0,"turns":4.0},{"damage":0.0,"enemies":"Orb Walker","floor":36.0,"turns":3.0},{"damage":8.0,"enemies":"Jaw Worm Horde","floor":37.0,"turns":4.0},{"damage":13.0,"enemies":"3 Darklings","floor":39.0,"turns":4.0},{"damage":30.0,"enemies":"Giant Head","floor":40.0,"turns":8.0},{"damage":0.0,"enemies":"Transient","floor":46.0,"turns":3.0},{"damage":2.0,"enemies":"Maw","floor":48.0,"turns":6.0},{"damage":27,"enemies":"Donu and Deca","floor":50,"turns":5}],"seed_played":"-8265739450582110702","potions_obtained":[{"floor":3.0,"key":"Swift Potion"},{"floor":5.0,"key":"AttackPotion"},{"floor":11.0,"key":"SpeedPotion"},{"floor":13.0,"key":"SteroidPotion"},{"floor":16.0,"key":"AttackPotion"},{"floor":24.0,"key":"Weak Potion"},{"floor":30.0,"key":"Strength Potion"},{"floor":33.0,"key":"SpeedPotion"},{"floor":35.0,"key":"Explosive Potion"},{"floor":37.0,"key":"GamblersBrew"},{"floor":46.0,"key":"SpeedPotion"}],"is_trial":false,"path_per_floor":["M","M","M","M","M","R","E","R","T","?","E","$","E","M","R","B",null,"M","?","?","$","?","R","E","R","T","R","E","M","M","M","R","B",null,"M","M","M","?","M","E","R","$","T","$","R","M","R","M","R","B",null],"character_chosen":"THE_SILENT","items_purchased":["Snake Skull","Backflip+1","GhostInAJar","Swift Potion","Block Potion","SpeedPotion","Energy Potion"],"campfire_rested":5,"item_purchase_floors":[12,21,21,42,44,44,44],"current_hp_per_floor":[62,61,60,47,47,47,30,30,30,30,32,32,22,24,47,37,67,68,52,52,52,52,52,42,42,42,65,53,55,57,43,66,46,69,71,73,67,67,56,28,51,51,51,51,74,76,76,75,75,50],"gold":191,"neow_bonus":"BOSS_RELIC","is_prod":false,"is_daily":false,"chose_seed":false,"campfire_upgraded":6,"win_rate":0,"timestamp":1569996544,"path_taken":["M","M","M","M","M","R","E","R","T","?","E","$","E","M","R","BOSS","M","?","?","$","?","R","E","R","T","R","E","M","M","M","R","BOSS","M","M","?","?","M","E","R","$","T","$","R","M","R","M","R","BOSS"],"build_version":"2019-07-17","purchased_purges":2,"victory":true,"max_hp_per_floor":[70,70,70,70,70,70,70,70,70,70,70,70,77,77,77,77,77,77,77,77,77,77,77,77,77,77,77,77,77,77,77,77,77,77,77,77,77,77,77,77,77,77,77,77,77,77,77,77,77,77],"card_choices":[{"not_picked":["Sucker Punch","Bane"],"picked":"Masterful Stab","floor":1.0},{"not_picked":["Outmaneuver","Finisher"],"picked":"Bouncing Flask","floor":2.0},{"not_picked":["Prepared","Endless Agony","Underhanded Strike"],"picked":"SKIP","floor":3.0},{"not_picked":["Backflip","Backstab"],"picked":"Flying Knee","floor":4.0},{"not_picked":["Flying Knee","Slice"],"picked":"Sucker Punch","floor":5.0},{"not_picked":["A Thousand Cuts","Caltrops"],"picked":"Well Laid Plans","floor":7.0},{"not_picked":["A Thousand Cuts","Choke"],"picked":"Deadly Poison+1","floor":11.0},{"not_picked":["Cloak And Dagger+1","Dagger Throw"],"picked":"Quick Slash","floor":13.0},{"not_picked":["Deadly Poison+1","Reflex+1"],"picked":"Dodge and Roll+1","floor":14.0},{"not_picked":["Venomology+1","Glass Knife"],"picked":"Burst+1","floor":16.0},{"not_picked":["Choke","Backstab","Slice"],"picked":"SKIP","floor":18.0},{"not_picked":["Predator","Night Terror+1"],"picked":"Blur+1","floor":24.0},{"not_picked":["Bullet Time+1","Riddle With Holes+1"],"picked":"Doppelganger+1","floor":28.0},{"not_picked":["Outmaneuver+1","Prepared+1","Blade Dance+1"],"picked":"SKIP","floor":29.0},{"not_picked":["Well Laid Plans","Infinite Blades","Heel Hook+1"],"picked":"SKIP","floor":30.0},{"not_picked":["Backstab+1","Skewer","Deadly Poison+1"],"picked":"SKIP","floor":31.0},{"not_picked":["Burst+1","A Thousand Cuts"],"picked":"Malaise+1","floor":33.0},{"not_picked":["Predator+1","Prepared+1","Finisher+1"],"picked":"SKIP","floor":35.0},{"not_picked":["Predator+1","Prepared+1","Finisher+1"],"picked":"SKIP","floor":35.0},{"not_picked":["Dodge and Roll+1","All Out Attack+1","Dagger Throw"],"picked":"SKIP","floor":36.0},{"not_picked":["Quick Slash","Flying Knee"],"picked":"Catalyst+1","floor":37.0},{"not_picked":["Swift Strike","Deep Breath+1"],"picked":"Purity+1","floor":38.0},{"not_picked":["Dodge and Roll+1","Outmaneuver+1","Cloak And Dagger+1"],"picked":"SKIP","floor":39.0},{"not_picked":["Grand Finale","Blade Dance+1","Slice+1"],"picked":"SKIP","floor":40.0},{"not_picked":["Flying Knee","Outmaneuver+1","Setup+1"],"picked":"SKIP","floor":46.0},{"not_picked":["Sucker Punch","Masterful Stab","Bane"],"picked":"SKIP","floor":48.0}],"player_experience":602283,"relics_obtained":[{"floor":7.0,"key":"Toxic Egg 2"},{"floor":9.0,"key":"Blood Vial"},{"floor":11.0,"key":"Boot"},{"floor":13.0,"key":"Strawberry"},{"floor":19.0,"key":"Enchiridion"},{"floor":24.0,"key":"Tingsha"},{"floor":26.0,"key":"Smiling Mask"},{"floor":28.0,"key":"Unceasing Top"},{"floor":40.0,"key":"Anchor"},{"floor":43.0,"key":"Potion Belt"}],"event_choices":[{"cards_removed":["Strike_G"],"damage_healed":0.0,"max_hp_gain":0.0,"max_hp_loss":0.0,"gold_gain":0.0,"event_name":"The Cleric","player_choice":"Card Removal","floor":10.0,"gold_loss":50.0,"damage_taken":0.0},{"damage_healed":0.0,"max_hp_gain":0.0,"max_hp_loss":0.0,"gold_gain":0.0,"event_name":"Cursed Tome","player_choice":"Obtained Book","floor":19.0,"gold_loss":0.0,"damage_taken":16.0},{"damage_healed":0.0,"max_hp_gain":0.0,"max_hp_loss":0.0,"gold_gain":0.0,"event_name":"Back to Basics","player_choice":"Simplicity","floor":20.0,"gold_loss":0.0,"damage_taken":0.0,"cards_upgraded":["Strike_G","Defend_G","Defend_G","Defend_G","Defend_G","Defend_G"]},{"damage_healed":0.0,"max_hp_gain":0.0,"max_hp_loss":0.0,"gold_gain":0.0,"event_name":"Match and Keep!","player_choice":"3 cards matched","floor":22.0,"gold_loss":0.0,"damage_taken":0.0,"cards_obtained":["Enlightenment","Night Terror","PiercingWail"]},{"damage_healed":0.0,"max_hp_gain":0.0,"max_hp_loss":0.0,"gold_gain":0.0,"event_name":"SensoryStone","player_choice":"Memory 1","floor":38.0,"gold_loss":0.0,"damage_taken":0.0}],"is_beta":false,"boss_relics":[{"not_picked":["Tiny House","Eternal Feather"],"picked":"Astrolabe"},{"not_picked":["Coffee Dripper","Snecko Eye"],"picked":"Empty Cage"}],"items_purged_floors":[42,44],"is_endless":false,"potions_floor_spawned":[3,5,11,13,16,24,30,33,35,37,46],"ascension_level":10}