{"gold_per_floor":[118,34,34,34,45,45,56,87,87,99,117,135,135,166,166,266,266,283,59,74,74,94,94,122,142,142,142],"floor_reached":27,"playtime":1305,"items_purged":[],"score":368,"play_id":"101a5d3c-d11f-419f-bf6a-ee3ae4ca564f","local_time":"20190912232700","is_ascension_mode":true,"campfire_choices":[{"data":"Body Slam","floor":6,"key":"SMITH"},{"floor":13,"key":"REST"},{"data":"Infernal Blade","floor":15,"key":"SMITH"},{"floor":23,"key":"REST"}],"neow_cost":"NONE","seed_source_timestamp":18144599352900,"circlet_count":0,"master_deck":["AscendersBane","Strike_R","Strike_R","Strike_R","Strike_R","Defend_R","Defend_R","Defend_R","Bash","Armaments","Enlightenment","Body Slam+1","Headbutt","Heavy Blade","Ghostly Armor","Metallicize","Dropkick","Infernal Blade+1","Impervious","Ghostly Armor","Seeing Red","Havoc","Bash","Rage","Dropkick","Anger+1","Searing Blow+1","Thunderclap"],"relics":["Burning Blood","NeowsBlessing","Singing Bowl","Dream Catcher","Paper Frog","Lizard Tail","Vajra","Lantern","Frozen Egg 2"],"potions_floor_usage":[16,16,20,20,25,27],"damage_taken":[{"damage":0,"enemies":"Cultist","floor":1,"turns":1},{"damage":0,"enemies":"2 Louse","floor":5,"turns":1},{"damage":0,"enemies":"Small Slimes","floor":7,"turns":1},{"damage":21,"enemies":"Gremlin Nob","floor":8,"turns":4},{"damage":13,"enemies":"Exordium Thugs","floor":10,"turns":4},{"damage":18,"enemies":"Large Slime","floor":11,"turns":5},{"damage":12,"enemies":"3 Louse","floor":12,"turns":3},{"damage":9,"enemies":"Lagavulin","floor":14,"turns":6},{"damage":41,"enemies":"Slime Boss","floor":16,"turns":8},{"damage":47,"enemies":"Spheric Guardian","floor":18,"turns":8},{"damage":0,"enemies":"Chosen","floor":20,"turns":4},{"damage":26,"enemies":"3 Cultists","floor":22,"turns":6},{"damage":45,"enemies":"Slavers","floor":24,"turns":8},{"damage":17,"enemies":"Centurion and Healer","floor":25,"turns":4},{"damage":33,"enemies":"Gremlin Leader","floor":27,"turns":2}],"seed_played":"3888638728219514921","potions_obtained":[{"floor":8,"key":"Ancient Potion"},{"floor":11,"key":"SpeedPotion"},{"floor":12,"key":"Fire Potion"},{"floor":14,"key":"GamblersBrew"},{"floor":18,"key":"Swift Potion"},{"floor":24,"key":"FearPotion"},{"floor":25,"key":"PowerPotion"}],"is_trial":false,"path_per_floor":["M","$","?","?","M","R","M","E","T","M","M","M","R","E","R","B",null,"M","$","M","?","M","R","E","M","T","E"],"character_chosen":"IRONCLAD","items_purchased":["Enlightenment","Vajra","Seeing Red"],"campfire_rested":2,"item_purchase_floors":[2,19,19],"current_hp_per_floor":[78,78,71,71,77,77,80,67,67,60,48,44,69,66,66,31,71,30,30,36,36,16,41,44,33,33,0],"gold":142,"neow_bonus":"THREE_ENEMY_KILL","is_prod":false,"is_daily":false,"chose_seed":false,"campfire_upgraded":2,"win_rate":0,"timestamp":1568345220,"path_taken":["M","?","?","?","M","R","M","E","T","?","M","M","R","E","R","BOSS","M","$","M","?","M","R","E","M","T","E"],"build_version":"2019-07-17","purchased_purges":0,"victory":false,"max_hp_per_floor":[80,80,80,80,80,80,80,82,82,82,82,84,84,84,84,84,84,84,84,84,84,84,84,84,84,84,84],"card_choices":[{"not_picked":["Rampage","Sever Soul"],"picked":"Armaments","floor":1},{"not_picked":["Sword Boomerang","Body Slam"],"picked":"Headbutt","floor":5},{"not_picked":["Rage","Warcry"],"picked":"Heavy Blade","floor":7},{"not_picked":["Rampage","Headbutt","Searing Blow"],"picked":"Singing Bowl","floor":8},{"not_picked":["Feel No Pain","Anger"],"picked":"Ghostly Armor","floor":10},{"not_picked":["Warcry","Berserk"],"picked":"Metallicize","floor":11},{"not_picked":["Whirlwind","Heavy Blade","Wild Strike"],"picked":"Singing Bowl","floor":12},{"not_picked":["Perfected Strike","Evolve"],"picked":"Dropkick","floor":13},{"not_picked":["Blood for Blood","Wild Strike"],"picked":"Infernal Blade","floor":14},{"not_picked":["Exhume","Brutality"],"picked":"Impervious","floor":16},{"not_picked":["Power Through","Wild Strike+1"],"picked":"Ghostly Armor","floor":18},{"not_picked":["Rage+1","Pommel Strike"],"picked":"Havoc","floor":20},{"not_picked":["Shrug It Off","Twin Strike+1"],"picked":"Dropkick","floor":22},{"not_picked":["Searing Blow","True Grit"],"picked":"Anger+1","floor":23},{"not_picked":["Hemokinesis","Thunderclap"],"picked":"Searing Blow+1","floor":24},{"not_picked":["Cleave","Heavy Blade"],"picked":"Thunderclap","floor":25}],"player_experience":584627,"relics_obtained":[{"floor":8,"key":"Singing Bowl"},{"floor":9,"key":"Dream Catcher"},{"floor":14,"key":"Paper Frog"},{"floor":24,"key":"Lantern"},{"floor":26,"key":"Frozen Egg 2"}],"event_choices":[{"cards_removed":["Defend_R"],"damage_healed":0,"gold_gain":0,"player_choice":"Card Removal","damage_taken":7,"max_hp_gain":0,"max_hp_loss":0,"event_name":"Golden Wing","floor":3,"gold_loss":0},{"damage_healed":0,"gold_gain":0,"cards_transformed":["Strike_R"],"player_choice":"Transformed","damage_taken":0,"max_hp_gain":0,"max_hp_loss":0,"event_name":"Transmorgrifier","floor":4,"gold_loss":0,"cards_obtained":["Body Slam"]},{"damage_healed":0,"gold_gain":0,"player_choice":"2 cards matched","damage_taken":0,"max_hp_gain":0,"max_hp_loss":0,"event_name":"Match and Keep!","floor":21,"gold_loss":0,"cards_obtained":["Bash","Rage"]}],"is_beta":false,"boss_relics":[{"not_picked":["Runic Cube","Sozu"],"picked":"Lizard Tail"}],"items_purged_floors":[],"is_endless":false,"potions_floor_spawned":[8,11,12,14,18,24,25],"killed_by":"Gremlin Leader","ascension_level":10}