{"gold_per_floor":[118,68,68,80,155,187,187,187,187,200,230,69,85,97,97,97],"floor_reached":16,"playtime":940,"items_purged":["Strike_R"],"score":121,"play_id":"b883a5ab-727a-4b3f-8240-3da04825d424","local_time":"20181223234915","is_ascension_mode":true,"campfire_choices":[{"data":"Infernal Blade","floor":7,"key":"SMITH"},{"floor":15,"key":"REST"}],"neow_cost":"NONE","seed_source_timestamp":283951281337541,"circlet_count":0,"master_deck":["Strike_R","Strike_R+1","Strike_R","Strike_R","Defend_R","Defend_R","Defend_R","Bash+1","Limit Break","True Grit","Infernal Blade+1","Dropkick","Immolate","Flex","Purity","Havoc"],"relics":["Burning Blood","NlothsMask","Ancient Tea Set","Ornamental Fan","Whetstone"],"potions_floor_usage":[6,11,11,14],"damage_taken":[{"damage":6,"enemies":"Cultist","floor":1,"turns":3},{"damage":7,"enemies":"2 Louse","floor":4,"turns":3},{"damage":44,"enemies":"Lagavulin","floor":6,"turns":6},{"damage":5,"enemies":"Jaw Worm","floor":10,"turns":3},{"damage":11,"enemies":"3 Sentries","floor":11,"turns":4},{"damage":1,"enemies":"3 Louse","floor":13,"turns":3},{"damage":6,"enemies":"Exordium Thugs","floor":14,"turns":3},{"damage":39,"enemies":"Hexaghost","floor":16,"turns":8}],"seed_played":"6970083518676474640","potions_obtained":[{"floor":1,"key":"Block Potion"},{"floor":4,"key":"Swift Potion"},{"floor":10,"key":"Swift Potion"},{"floor":11,"key":"Energy Potion"}],"is_trial":false,"path_per_floor":["M","?","?","M","?","E","R","?","T","M","E","$","M","M","R","B"],"character_chosen":"IRONCLAD","items_purchased":["Purity"],"campfire_rested":1,"item_purchase_floors":[12],"current_hp_per_floor":[80,80,80,79,68,30,30,12,12,13,8,8,13,13,37,0],"gold":97,"neow_bonus":"ONE_RANDOM_RARE_CARD","is_prod":false,"is_daily":false,"chose_seed":false,"campfire_upgraded":1,"win_rate":0,"timestamp":1545626955,"path_taken":["M","?","?","?","?","E","R","?","T","?","E","$","M","M","R","BOSS"],"build_version":"2018-12-20","purchased_purges":1,"victory":false,"max_hp_per_floor":[80,80,80,80,80,80,80,80,80,80,80,80,80,80,80,80],"card_choices":[{"not_picked":["Feel No Pain","Twin Strike"],"picked":"True Grit","floor":1},{"not_picked":["True Grit","Flex"],"picked":"Infernal Blade","floor":4},{"not_picked":["Feel No Pain","True Grit"],"picked":"Dropkick","floor":6},{"not_picked":["Headbutt","Whirlwind"],"picked":"Immolate","floor":10},{"not_picked":["Iron Wave","True Grit"],"picked":"Flex","floor":11},{"not_picked":["Pommel Strike","Clothesline","Body Slam"],"picked":"SKIP","floor":13},{"not_picked":["Evolve","Armaments"],"picked":"Havoc","floor":14}],"player_experience":104893,"relics_obtained":[{"floor":6,"key":"Ancient Tea Set"},{"floor":11,"key":"Whetstone"}],"event_choices":[{"cards_removed":["Defend_R"],"damage_healed":0,"gold_gain":0,"player_choice":"Card Removal","damage_taken":0,"max_hp_gain":0,"max_hp_loss":0,"event_name":"The Cleric","floor":2,"gold_loss":50},{"damage_healed":0,"gold_gain":0,"player_choice":"Trade","damage_taken":0,"relics_obtained":["NlothsMask"],"max_hp_gain":0,"max_hp_loss":0,"event_name":"FaceTrader","floor":3,"gold_loss":0},{"damage_healed":0,"gold_gain":75,"player_choice":"Gather Gold","damage_taken":11,"max_hp_gain":0,"max_hp_loss":0,"event_name":"World of Goop","floor":5,"gold_loss":0},{"damage_healed":0,"gold_gain":0,"player_choice":"Success","damage_taken":18,"relics_obtained":["Ornamental Fan"],"max_hp_gain":0,"max_hp_loss":0,"event_name":"Scrap Ooze","floor":8,"gold_loss":0}],"is_beta":false,"boss_relics":[],"items_purged_floors":[12],"is_endless":false,"potions_floor_spawned":[1,4,10,11],"killed_by":"Hexaghost","ascension_level":2}