{"gold_per_floor":[119,37,37,47,47,73,73,102,102,102,135,60,60,70,70,70],"floor_reached":16,"playtime":533,"items_purged":["Strike_G"],"score":212,"play_id":"f7adf6d6-86bd-470d-927d-a1c929ffd63b","local_time":"20190927233638","is_ascension_mode":true,"campfire_choices":[{"data":"Dash","floor":7,"key":"SMITH"},{"floor":10,"key":"REST"},{"data":"Strike_G","floor":13,"key":"PURGE"},{"data":"Deadly Poison","floor":15,"key":"SMITH"}],"neow_cost":"NONE","seed_source_timestamp":38534663083398,"circlet_count":0,"master_deck":["AscendersBane","Strike_G+1","Strike_G","Strike_G","Defend_G","Defend_G+1","Defend_G","Defend_G","Defend_G","Survivor","Neutralize+1","Poisoned Stab","Dash+1","Deadly Poison+1","Poisoned Stab","Poisoned Stab","Bane","Backflip"],"relics":["Ring of the Snake","NeowsBlessing","Frozen Egg 2","Peace Pipe","Dream Catcher","Singing Bowl"],"potions_floor_usage":[],"damage_taken":[{"damage":0,"enemies":"Small Slimes","floor":1,"turns":1},{"damage":0,"enemies":"Cultist","floor":4,"turns":1},{"damage":0,"enemies":"Lagavulin","floor":6,"turns":1},{"damage":18,"enemies":"Gremlin Nob","floor":8,"turns":5},{"damage":17,"enemies":"Lagavulin","floor":11,"turns":5},{"damage":0,"enemies":"2 Louse","floor":14,"turns":2},{"damage":44,"enemies":"Slime Boss","floor":16,"turns":9}],"seed_played":"-486591692864092172","potions_obtained":[{"floor":8,"key":"Swift Potion"},{"floor":11,"key":"SpeedPotion"},{"floor":14,"key":"Dexterity Potion"}],"is_trial":false,"path_per_floor":["M","$","?","M","?","E","R","E","T","R","E","$","R","M","R","B"],"character_chosen":"THE_SILENT","items_purchased":["Dash"],"campfire_rested":1,"item_purchase_floors":[2],"current_hp_per_floor":[63,63,49,49,49,49,49,31,31,52,35,35,35,37,37,0],"gold":70,"neow_bonus":"THREE_ENEMY_KILL","is_prod":false,"is_daily":false,"chose_seed":false,"campfire_upgraded":2,"win_rate":0,"timestamp":1569620198,"path_taken":["M","$","?","M","?","E","R","E","T","R","E","$","R","?","R","BOSS"],"build_version":"2019-07-17","purchased_purges":1,"victory":false,"max_hp_per_floor":[70,70,70,70,70,70,70,70,70,70,70,70,70,72,72,72],"card_choices":[{"not_picked":["Dagger Spray","Riddle With Holes"],"picked":"Poisoned Stab","floor":1},{"not_picked":["Acrobatics","Cloak And Dagger"],"picked":"Deadly Poison","floor":4},{"not_picked":["Bullet Time","Deadly Poison"],"picked":"Poisoned Stab","floor":6},{"not_picked":["Dodge and Roll","Outmaneuver"],"picked":"Poisoned Stab","floor":8},{"not_picked":["Underhanded Strike","Dash"],"picked":"Bane","floor":10},{"not_picked":["Backstab","Setup"],"picked":"Backflip","floor":11},{"not_picked":["Flying Knee","Quick Slash","Infinite Blades+1"],"picked":"Singing Bowl","floor":14}],"player_experience":415071,"relics_obtained":[{"floor":6,"key":"Frozen Egg 2"},{"floor":8,"key":"Peace Pipe"},{"floor":9,"key":"Dream Catcher"},{"floor":11,"key":"Singing Bowl"}],"event_choices":[{"damage_healed":0,"gold_gain":0,"player_choice":"Entered Light","damage_taken":14,"max_hp_gain":0,"max_hp_loss":0,"event_name":"Shining Light","floor":3,"gold_loss":0,"cards_upgraded":["Defend_G","Strike_G"]},{"damage_healed":0,"gold_gain":0,"player_choice":"Upgraded","damage_taken":0,"max_hp_gain":0,"max_hp_loss":0,"event_name":"Upgrade Shrine","floor":5,"gold_loss":0,"cards_upgraded":["Neutralize"]}],"is_beta":false,"boss_relics":[],"items_purged_floors":[12],"is_endless":false,"potions_floor_spawned":[8,11,14],"killed_by":"Slime Boss","ascension_level":10}