{"gold_per_floor":[115,125,125,140,152,178,178,206,229,229],"floor_reached":10,"playtime":369,"items_purged":[],"score":125,"play_id":"d710e018-50fd-4581-ab84-5d10d8fc5178","local_time":"20190921221359","is_ascension_mode":true,"campfire_choices":[{"floor":7,"key":"REST"}],"neow_cost":"CURSE","seed_source_timestamp":360736808068200,"circlet_count":0,"master_deck":["AscendersBane","Strike_R","Strike_R","Strike_R","Strike_R","Strike_R","Defend_R","Defend_R","Defend_R","Defend_R","Bash","Writhe","Pummel","Havoc","Flex","Pummel","Anger","Warcry"],"relics":["Burning Blood","Turnip","Lantern","Orichalcum","Bronze Scales"],"potions_floor_usage":[6,8],"damage_taken":[{"damage":14,"enemies":"Jaw Worm","floor":1,"turns":3},{"damage":1,"enemies":"Cultist","floor":2,"turns":4},{"damage":5,"enemies":"Small Slimes","floor":4,"turns":4},{"damage":19,"enemies":"Blue Slaver","floor":5,"turns":5},{"damage":41,"enemies":"Gremlin Nob","floor":6,"turns":5},{"damage":67,"enemies":"Lagavulin","floor":8,"turns":7},{"damage":13,"enemies":"Large Slime","floor":10,"turns":3}],"seed_played":"3807015061760850294","potions_obtained":[{"floor":2,"key":"Regen Potion"},{"floor":4,"key":"PowerPotion"}],"is_trial":false,"path_per_floor":["M","M","?","M","M","E","R","E","T","M"],"character_chosen":"IRONCLAD","items_purchased":[],"campfire_rested":1,"item_purchase_floors":[],"current_hp_per_floor":[64,69,80,80,67,32,56,10,10,0],"gold":229,"neow_bonus":"ONE_RARE_RELIC","is_prod":false,"is_daily":false,"chose_seed":false,"campfire_upgraded":0,"win_rate":0,"timestamp":1569118439,"path_taken":["M","M","?","?","M","E","R","E","T","M"],"build_version":"2019-07-17","purchased_purges":0,"victory":false,"max_hp_per_floor":[80,80,80,80,80,80,80,80,80,80],"card_choices":[{"not_picked":["Flex","Dual Wield"],"picked":"Pummel","floor":1},{"not_picked":["Iron Wave","Clothesline"],"picked":"Havoc","floor":2},{"not_picked":["Twin Strike","Hemokinesis"],"picked":"Flex","floor":4},{"not_picked":["Clothesline","Bloodletting"],"picked":"Pummel","floor":5},{"not_picked":["Body Slam","Wild Strike"],"picked":"Anger","floor":6},{"not_picked":["Body Slam","Whirlwind"],"picked":"Warcry","floor":8}],"player_experience":705253,"relics_obtained":[{"floor":6,"key":"Lantern"},{"floor":8,"key":"Orichalcum"},{"floor":9,"key":"Bronze Scales"}],"event_choices":[{"damage_healed":11,"gold_gain":0,"player_choice":"Full Heal","damage_taken":0,"max_hp_gain":0,"max_hp_loss":0,"event_name":"Wheel of Change","floor":3,"gold_loss":0}],"is_beta":false,"boss_relics":[],"items_purged_floors":[],"is_endless":false,"potions_floor_spawned":[2,4],"killed_by":"Large Slime","ascension_level":12}