{"gold_per_floor":[139,139,64,78,93,127,27,56,82,107,107,127,138,149,149,247,247,266,284,209,124,137,137],"floor_reached":23,"playtime":3278,"items_purged":["Decay","Defend_G"],"score":213,"play_id":"9ae9e4c9-c91f-4483-b095-207e766c4bca","local_time":"20180702192851","is_ascension_mode":false,"campfire_choices":[{"data":"Footwork","floor":11,"key":"SMITH"},{"data":"Footwork","floor":15,"key":"SMITH"}],"neow_cost":"","seed_source_timestamp":0,"circlet_count":0,"master_deck":["Defend_G","Defend_G","Defend_G","Defend_G","Strike_G","Strike_G","Strike_G","Strike_G","Survivor+1","Neutralize","Dagger Throw","Backflip","Escape Plan","Underhanded Strike","Deflect","Footwork+1","Footwork+1","Quick Slash","Dagger Throw","Crippling Poison","Die Die Die","Flying Knee","Outmaneuver","Slice"],"special_seed":0,"relics":["Tiny House","Anchor","Lantern","Regal Pillow","Question Card","Runic Pyramid","Pen Nib"],"potions_floor_usage":[10,14],"damage_taken":[{"damage":1.0,"enemies":"Jaw Worm","floor":1.0,"turns":5.0},{"damage":0.0,"enemies":"Cultist","floor":4.0,"turns":3.0},{"damage":0.0,"enemies":"2 Louse","floor":5.0,"turns":3.0},{"damage":4.0,"enemies":"Lagavulin","floor":6.0,"turns":8.0},{"damage":40.0,"enemies":"Gremlin Nob","floor":8.0,"turns":6.0},{"damage":12,"enemies":"3 Sentries","floor":10,"turns":8},{"damage":0,"enemies":"Blue Slaver","floor":12,"turns":4},{"damage":0,"enemies":"Exordium Wildlife","floor":13,"turns":3},{"damage":3,"enemies":"2 Fungi Beasts","floor":14,"turns":3},{"damage":13,"enemies":"The Guardian","floor":16,"turns":20},{"damage":0,"enemies":"Shell Parasite","floor":18,"turns":6},{"damage":0,"enemies":"3 Byrds","floor":19,"turns":6},{"damage":24,"enemies":"3 Cultists","floor":22,"turns":7},{"damage":52,"enemies":"Slavers","floor":23,"turns":4}],"seed_played":"7244472960564434567","potions_obtained":[{"floor":0.0,"key":"Block Potion"},{"floor":1.0,"key":"GhostInAJar"},{"floor":8,"key":"LiquidBronze"},{"floor":12,"key":"SpeedPotion"},{"floor":13,"key":"Explosive Potion"},{"floor":22,"key":"Strength Potion"}],"is_trial":false,"path_per_floor":["M","?","$","M","M","E","$","E","T","E","R","M","M","M","R","B",null,"M","M","?","?","M"],"character_chosen":"THE_SILENT","items_purchased":[],"campfire_rested":0,"item_purchase_floors":[],"current_hp_per_floor":[74,74,74,74,74,70,70,30,30,18,18,18,18,15,15,2,75,75,75,75,75,51,0],"gold":137,"neow_bonus":"","is_prod":false,"is_daily":false,"chose_seed":false,"campfire_upgraded":2,"win_rate":0.0,"timestamp":1530556131,"path_taken":["M","?","$","M","M","E","$","E","T","E","R","M","M","M","R","BOSS","M","M","?","?","M","E"],"build_version":"2018-06-29","purchased_purges":2,"victory":false,"max_hp_per_floor":[75,75,75,75,75,75,75,75,75,75,75,75,75,75,75,75,75,75,75,75,75,75,75],"card_choices":[{"not_picked":["Dodge and Roll","Acrobatics"],"picked":"Dagger Throw","floor":0.0},{"not_picked":["Flying Knee","Sucker Punch"],"picked":"Backflip","floor":1.0},{"not_picked":["Terror","Dodge and Roll"],"picked":"Escape Plan","floor":4.0},{"not_picked":["Sucker Punch","Malaise"],"picked":"Underhanded Strike","floor":5.0},{"not_picked":["Deadly Poison","Quick Slash"],"picked":"Deflect","floor":6.0},{"not_picked":["Heel Hook","Catalyst"],"picked":"Footwork","floor":8},{"not_picked":["Bane","Blur"],"picked":"Footwork","floor":10},{"not_picked":["Venomology","Well Laid Plans","Leg Sweep"],"picked":"Quick Slash","floor":12},{"not_picked":["Leg Sweep","Bane","Backflip"],"picked":"Dagger Throw","floor":13},{"not_picked":["Dagger Spray","Poisoned Stab","Predator"],"picked":"Crippling Poison","floor":14},{"not_picked":["Night Terror","Doppelganger","Envenom"],"picked":"Die Die Die","floor":16},{"not_picked":["Poisoned Stab","Dodge and Roll","PiercingWail"],"picked":"Flying Knee","floor":18},{"not_picked":["Crippling Poison","Deflect","Blade Dance+1"],"picked":"Outmaneuver","floor":19},{"not_picked":["Outmaneuver","Dash","Deflect"],"picked":"Slice","floor":22}],"player_experience":27265,"relics_obtained":[{"floor":6.0,"key":"Anchor"},{"floor":8,"key":"Lantern"},{"floor":9,"key":"Regal Pillow"},{"floor":10,"key":"Question Card"}],"event_choices":[{"event_name":"Wheel of Change","player_choice":"Curse","floor":2.0,"damage_taken":0.0},{"event_name":"Beggar","player_choice":"Gave Gold","floor":20,"damage_taken":0},{"event_name":"Addict","player_choice":"Obtained Relic","floor":21,"damage_taken":0}],"boss_relics":[{"not_picked":["White Beast Statue","Eternal Feather"],"picked":"Runic Pyramid"}],"items_purged_floors":[],"is_endless":false,"potions_floor_spawned":[1,8,12,13,22],"killed_by":"Slavers","ascension_level":0}