{"gold_per_floor":[116,134,144,159,179,194,225,225],"floor_reached":8,"playtime":1130,"items_purged":[],"score":84,"play_id":"d2f445b8-f11b-4a86-b5ad-b95d142044c9","local_time":"20190907230656","is_ascension_mode":true,"campfire_choices":[],"neow_cost":"PERCENT_DAMAGE","seed_source_timestamp":107346399340500,"circlet_count":0,"master_deck":["Strike_R","Strike_R","Strike_R","Strike_R","Strike_R","Defend_R","Defend_R","Defend_R","Defend_R","Bash","Armaments","Metallicize","Carnage","Demon Form","Perfected Strike","Flex","Flex"],"relics":["Burning Blood","Shovel","Gremlin Horn"],"potions_floor_usage":[6,7],"damage_taken":[{"damage":11,"enemies":"Cultist","floor":1,"turns":4},{"damage":10,"enemies":"Jaw Worm","floor":2,"turns":8},{"damage":3,"enemies":"Small Slimes","floor":3,"turns":4},{"damage":11,"enemies":"3 Louse","floor":4,"turns":4},{"damage":13,"enemies":"Blue Slaver","floor":5,"turns":6},{"damage":4,"enemies":"Large Slime","floor":6,"turns":5},{"damage":33,"enemies":"Lagavulin","floor":7,"turns":7},{"damage":12,"enemies":"Lots of Slimes","floor":8,"turns":1}],"seed_played":"8615255938646565480","potions_obtained":[{"floor":4,"key":"Ancient Potion"},{"floor":5,"key":"Fire Potion"},{"floor":6,"key":"FearPotion"},{"floor":7,"key":"EssenceOfSteel"}],"is_trial":false,"path_per_floor":["M","M","M","M","M","M","E","M"],"character_chosen":"IRONCLAD","items_purchased":[],"campfire_rested":0,"item_purchase_floors":[],"current_hp_per_floor":[46,42,45,40,33,35,8,0],"gold":225,"neow_bonus":"ONE_RARE_RELIC","is_prod":false,"is_daily":false,"chose_seed":false,"campfire_upgraded":0,"win_rate":0,"timestamp":1567912016,"path_taken":["M","?","M","M","M","M","E","M"],"build_version":"2019-07-17","purchased_purges":0,"victory":false,"max_hp_per_floor":[80,80,80,80,80,80,80,80],"card_choices":[{"not_picked":["Warcry","Body Slam"],"picked":"Armaments","floor":1},{"not_picked":["Pommel Strike","Warcry"],"picked":"Metallicize","floor":2},{"not_picked":["Twin Strike","Combust"],"picked":"Carnage","floor":3},{"not_picked":["Flex","Shockwave"],"picked":"Demon Form","floor":4},{"not_picked":["Clash","Headbutt"],"picked":"Perfected Strike","floor":5},{"not_picked":["Warcry","Shrug It Off"],"picked":"Flex","floor":6},{"not_picked":["Sword Boomerang","Sentinel"],"picked":"Flex","floor":7}],"player_experience":503873,"relics_obtained":[{"floor":7,"key":"Gremlin Horn"}],"event_choices":[],"is_beta":false,"boss_relics":[],"items_purged_floors":[],"is_endless":false,"potions_floor_spawned":[4,5,6,7],"killed_by":"Lots of Slimes","ascension_level":7}