{"gold_per_floor":[117,117,130,150,164,164,192,208,208,208,226,245,257,284,284,385,385,403,418,418,27,44,77,89,89,89,89],"floor_reached":27,"playtime":2323,"items_purged":[],"score":336,"play_id":"1011ee98-46ed-47ab-bf50-e96ae47db96b","local_time":"20190909224417","is_ascension_mode":true,"campfire_choices":[{"data":"Blade Dance","floor":6,"key":"SMITH"},{"floor":10,"key":"REST"},{"floor":15,"key":"REST"},{"floor":25,"key":"REST"}],"neow_cost":"NONE","seed_source_timestamp":277599651013900,"circlet_count":0,"master_deck":["Strike_G","Strike_G","Strike_G","Strike_G","Defend_G","Defend_G","Defend_G","Defend_G","Defend_G","Survivor","Neutralize","Blade Dance+1","Deadly Poison","Bouncing Flask","Cloak And Dagger","Dagger Spray","Distraction","Sucker Punch","Glass Knife","Leg Sweep","PiercingWail","Sucker Punch","After Image","Quick Slash+1","Prepared","Infinite Blades","Dash","Slice","Accuracy","Accuracy"],"relics":["Ring of the Snake","NeowsBlessing","Bottled Flame","Happy Flower","Boot","White Beast Statue","Kunai","Shuriken","Bottled Tornado","StoneCalendar"],"potions_floor_usage":[7,14,16,19,23,24,27],"damage_taken":[{"damage":0,"enemies":"Cultist","floor":1,"turns":1},{"damage":0,"enemies":"Jaw Worm","floor":3,"turns":1},{"damage":0,"enemies":"Small Slimes","floor":4,"turns":1},{"damage":3,"enemies":"Red Slaver","floor":5,"turns":4},{"damage":27,"enemies":"Lagavulin","floor":7,"turns":5},{"damage":5,"enemies":"Blue Slaver","floor":8,"turns":4},{"damage":3,"enemies":"Looter","floor":11,"turns":3},{"damage":1,"enemies":"3 Louse","floor":12,"turns":4},{"damage":9,"enemies":"Exordium Wildlife","floor":13,"turns":4},{"damage":18,"enemies":"Gremlin Nob","floor":14,"turns":3},{"damage":4,"enemies":"Hexaghost","floor":16,"turns":9},{"damage":9,"enemies":"Shell Parasite","floor":18,"turns":7},{"damage":30,"enemies":"2 Thieves","floor":19,"turns":5},{"damage":2,"enemies":"Snake Plant","floor":22,"turns":6},{"damage":1,"enemies":"Book of Stabbing","floor":23,"turns":6},{"damage":11,"enemies":"Centurion and Healer","floor":24,"turns":6},{"damage":44,"enemies":"Slavers","floor":27,"turns":5}],"seed_played":"-8306726581166829069","potions_obtained":[{"floor":4,"key":"Poison Potion"},{"floor":7,"key":"SpeedPotion"},{"floor":8,"key":"Block Potion"},{"floor":12,"key":"Poison Potion"},{"floor":13,"key":"EssenceOfSteel"},{"floor":18,"key":"AttackPotion"},{"floor":19,"key":"Ancient Potion"},{"floor":22,"key":"Ancient Potion"},{"floor":23,"key":"FearPotion"},{"floor":24,"key":"FairyPotion"}],"is_trial":false,"path_per_floor":["M","?","M","M","M","R","E","M","T","R","M","M","M","E","R","B",null,"M","M","?","$","M","E","M","R","T","E"],"character_chosen":"THE_SILENT","items_purchased":["Shuriken","Infinite Blades","Dash"],"campfire_rested":3,"item_purchase_floors":[21,21,21],"current_hp_per_floor":[63,63,63,63,60,60,33,28,28,49,46,45,36,18,39,35,61,52,22,22,22,20,19,8,29,29,0],"gold":89,"neow_bonus":"THREE_ENEMY_KILL","is_prod":false,"is_daily":false,"chose_seed":false,"campfire_upgraded":1,"win_rate":0,"timestamp":1568083457,"path_taken":["M","?","M","M","M","R","E","M","T","R","M","M","M","E","R","BOSS","M","M","?","?","M","E","M","R","T","E"],"build_version":"2019-07-17","purchased_purges":0,"victory":false,"max_hp_per_floor":[70,70,70,70,70,70,70,70,70,70,70,70,70,70,70,70,70,70,70,70,70,70,70,70,70,70,70],"card_choices":[{"not_picked":["Acrobatics","Dodge and Roll"],"picked":"Blade Dance","floor":1},{"not_picked":["Bane","Outmaneuver"],"picked":"Bouncing Flask","floor":3},{"not_picked":["Bane","Deflect"],"picked":"Cloak And Dagger","floor":4},{"not_picked":["Concentrate","All Out Attack"],"picked":"Dagger Spray","floor":5},{"not_picked":["Dodge and Roll","Blade Dance"],"picked":"Distraction","floor":7},{"not_picked":["Poisoned Stab","Outmaneuver"],"picked":"Sucker Punch","floor":8},{"not_picked":["Acrobatics","All Out Attack"],"picked":"Glass Knife","floor":11},{"not_picked":["Sucker Punch","Skewer"],"picked":"Leg Sweep","floor":12},{"not_picked":["Concentrate","Quick Slash"],"picked":"PiercingWail","floor":13},{"not_picked":["Well Laid Plans","Terror"],"picked":"Sucker Punch","floor":14},{"not_picked":["Die Die Die","Doppelganger"],"picked":"After Image","floor":16},{"not_picked":["Slice","Deflect+1"],"picked":"Quick Slash+1","floor":18},{"not_picked":["Masterful Stab+1","Malaise"],"picked":"Prepared","floor":19},{"not_picked":["Terror+1","All Out Attack"],"picked":"Slice","floor":22},{"not_picked":["Finisher","Flying Knee+1"],"picked":"Accuracy","floor":23},{"not_picked":["Caltrops","Reflex"],"picked":"Accuracy","floor":24}],"player_experience":521652,"relics_obtained":[{"floor":7,"key":"Bottled Flame"},{"floor":9,"key":"Happy Flower"},{"floor":14,"key":"Boot"},{"floor":20,"key":"Kunai"},{"floor":23,"key":"Bottled Tornado"},{"floor":26,"key":"StoneCalendar"}],"event_choices":[{"damage_healed":0,"gold_gain":0,"cards_transformed":["Strike_G"],"player_choice":"Change","damage_taken":0,"max_hp_gain":0,"max_hp_loss":0,"event_name":"Living Wall","floor":2,"gold_loss":0,"cards_obtained":["Deadly Poison"]},{"damage_healed":0,"gold_gain":0,"player_choice":"Relic","damage_taken":0,"max_hp_gain":0,"max_hp_loss":0,"event_name":"Wheel of Change","floor":20,"gold_loss":0}],"is_beta":false,"boss_relics":[{"not_picked":["HoveringKite","Runic Dome"],"picked":"White Beast Statue"}],"items_purged_floors":[],"is_endless":false,"potions_floor_spawned":[4,7,8,12,13,18,19,22,23,24],"killed_by":"Slavers","ascension_level":7}