{"gold_per_floor":[118,68,81,156,166,193,205,205,252,252,284,297,322,497,497,497],"floor_reached":16,"playtime":758,"items_purged":[],"score":120,"play_id":"3ad3cf81-2a0d-4b97-905b-ff20b7ef6926","local_time":"20181218181627","is_ascension_mode":false,"campfire_choices":[{"data":"Cloak And Dagger","floor":8,"key":"SMITH"},{"data":"Neutralize","floor":15,"key":"SMITH"}],"neow_cost":"NONE","seed_source_timestamp":195031318192737,"circlet_count":0,"master_deck":["Defend_G","Defend_G","Defend_G","Defend_G","Defend_G","Strike_G","Strike_G","Strike_G","Strike_G","Survivor","Neutralize+1","Dash","Cloak And Dagger+1","Escape Plan","Slice","Doubt"],"relics":["WristBlade","Bottled Lightning","Pen Nib","Ninja Scroll","Ice Cream"],"potions_floor_usage":[6,15],"damage_taken":[{"damage":0,"enemies":"2 Louse","floor":1,"turns":3},{"damage":0,"enemies":"Small Slimes","floor":3,"turns":6},{"damage":2,"enemies":"Jaw Worm","floor":5,"turns":6},{"damage":27,"enemies":"Lagavulin","floor":6,"turns":9},{"damage":0,"enemies":"2 Fungi Beasts","floor":7,"turns":3},{"damage":4,"enemies":"Gremlin Nob","floor":11,"turns":4},{"damage":0,"enemies":"Large Slime","floor":12,"turns":5},{"damage":5,"enemies":"Lagavulin","floor":13,"turns":5},{"damage":22,"enemies":"Hexaghost","floor":16,"turns":9}],"seed_played":"-1354614156287489074","potions_obtained":[{"floor":5,"key":"FearPotion"},{"floor":7,"key":"Explosive Potion"},{"floor":12,"key":"Fruit Juice"}],"is_trial":false,"path_per_floor":["M","?","M","?","M","E","M","R","T","?","E","M","E","?","R","B"],"character_chosen":"THE_SILENT","items_purchased":[],"campfire_rested":0,"item_purchase_floors":[],"current_hp_per_floor":[70,70,70,59,57,30,30,30,30,23,19,19,14,14,19,0],"gold":497,"neow_bonus":"BOSS_RELIC","is_prod":false,"is_daily":false,"chose_seed":false,"campfire_upgraded":2,"win_rate":0,"timestamp":1545156987,"path_taken":["M","?","M","?","M","E","M","R","T","?","E","M","E","?","R","BOSS"],"build_version":"2018-12-17","purchased_purges":0,"victory":false,"max_hp_per_floor":[70,70,70,70,70,70,70,70,70,70,70,70,70,70,75,75],"card_choices":[{"not_picked":["Deflect","Underhanded Strike","Choke"],"picked":"SKIP","floor":1},{"not_picked":["Skewer","Outmaneuver"],"picked":"Dash","floor":3},{"not_picked":["Quick Slash","Choke"],"picked":"Cloak And Dagger","floor":5},{"not_picked":["Slice","Blur"],"picked":"Escape Plan","floor":6},{"not_picked":["Noxious Fumes","Glass Knife","Prepared"],"picked":"SKIP","floor":7},{"not_picked":["Flying Knee","Caltrops","Finisher"],"picked":"SKIP","floor":11},{"not_picked":["Deadly Poison","Dodge and Roll","PiercingWail"],"picked":"SKIP","floor":12},{"not_picked":["Calculated Gamble","Caltrops"],"picked":"Slice","floor":13}],"player_experience":223380,"relics_obtained":[{"floor":6,"key":"Bottled Lightning"},{"floor":11,"key":"Ninja Scroll"},{"floor":13,"key":"Ice Cream"}],"event_choices":[{"cards_removed":["Strike_G"],"damage_healed":0,"gold_gain":0,"player_choice":"Card Removal","damage_taken":0,"max_hp_gain":0,"max_hp_loss":0,"event_name":"The Cleric","floor":2,"gold_loss":50},{"damage_healed":0,"gold_gain":75,"player_choice":"Gather Gold","damage_taken":11,"max_hp_gain":0,"max_hp_loss":0,"event_name":"World of Goop","floor":4,"gold_loss":0},{"damage_healed":0,"gold_gain":0,"player_choice":"Success","damage_taken":7,"relics_obtained":["Pen Nib"],"max_hp_gain":0,"max_hp_loss":0,"event_name":"Scrap Ooze","floor":10,"gold_loss":0},{"damage_healed":0,"gold_gain":175,"player_choice":"AGREE","damage_taken":0,"max_hp_gain":0,"max_hp_loss":0,"event_name":"Liars Game","floor":14,"gold_loss":0,"cards_obtained":["Doubt"]}],"is_beta":true,"boss_relics":[],"items_purged_floors":[],"is_endless":false,"potions_floor_spawned":[5,7,12],"killed_by":"Hexaghost","ascension_level":0}