{"gold_per_floor":[113,124,134,134,134,134,147,163,163,182,263,301,315,41,41,162,162,178,202,117,130,130],"floor_reached":22,"playtime":1817,"items_purged":["Strike_G"],"score":190,"play_id":"14e7d966-e822-4e1f-af45-f5fbda1c04ee","local_time":"20181124170804","is_ascension_mode":false,"campfire_choices":[{"data":"Neutralize","floor":6,"key":"SMITH"},{"floor":15,"key":"REST"}],"neow_cost":"NONE","seed_source_timestamp":0,"circlet_count":0,"master_deck":["Defend_G","Defend_G","Defend_G+1","Defend_G","Defend_G","Strike_G","Strike_G","Survivor","Neutralize+1","Quick Slash+1","Noxious Fumes","Corpse Explosion","Cloak And Dagger","Prepared","Deadly Poison","Crippling Poison","Bouncing Flask","Envenom","Footwork","Catalyst","Well Laid Plans"],"special_seed":0,"relics":["Ring of the Snake","Golden Idol","Bag of Preparation","Mummified Hand","Oddly Smooth Stone","Toy Ornithopter","Empty Cage","The Courier"],"potions_floor_usage":[12,16,16,16],"damage_taken":[{"damage":2,"enemies":"Cultist","floor":1,"turns":5},{"damage":1,"enemies":"Jaw Worm","floor":2,"turns":4},{"damage":0,"enemies":"Small Slimes","floor":3,"turns":3},{"damage":7,"enemies":"3 Louse","floor":7,"turns":4},{"damage":7,"enemies":"Lots of Slimes","floor":8,"turns":4},{"damage":1,"enemies":"Looter","floor":10,"turns":4},{"damage":16,"enemies":"Lagavulin","floor":12,"turns":5},{"damage":3,"enemies":"2 Fungi Beasts","floor":13,"turns":3},{"damage":6,"enemies":"Hexaghost","floor":16,"turns":7},{"damage":6,"enemies":"3 Byrds","floor":18,"turns":3},{"damage":3,"enemies":"Spheric Guardian","floor":19,"turns":6},{"damage":8,"enemies":"Shelled Parasite and Fungi","floor":21,"turns":7},{"damage":22,"enemies":"Colosseum Slavers","floor":22,"turns":4},{"damage":45,"enemies":"Colosseum Nobs","floor":22,"turns":3}],"seed_played":"-9059954702452276396","potions_obtained":[{"floor":2,"key":"SteroidPotion"},{"floor":3,"key":"PowerPotion"},{"floor":10,"key":"Strength Potion"},{"floor":13,"key":"Strength Potion"},{"floor":19,"key":"SteroidPotion"}],"is_trial":false,"path_per_floor":["M","M","M","?","?","R","M","M","T","M","T","E","M","$","R","B",null,"M","M","?","M","?"],"character_chosen":"THE_SILENT","items_purchased":["Toy Ornithopter"],"campfire_rested":1,"item_purchase_floors":[14],"current_hp_per_floor":[75,74,74,59,40,40,33,26,26,25,25,9,6,6,29,38,77,71,68,68,60,0],"gold":130,"neow_bonus":"TEN_PERCENT_HP_BONUS","is_prod":false,"is_daily":false,"chose_seed":false,"campfire_upgraded":1,"win_rate":0,"timestamp":1543079284,"path_taken":["M","?","M","?","?","R","M","M","T","M","?","E","M","$","R","BOSS","M","M","?","M","?"],"build_version":"2018-11-15","purchased_purges":1,"victory":false,"max_hp_per_floor":[77,77,77,77,77,77,77,77,77,77,77,77,77,77,77,77,77,77,77,77,77,77],"card_choices":[{"not_picked":["Poisoned Stab","Catalyst"],"picked":"Quick Slash","floor":1},{"not_picked":["Backstab","Reflex"],"picked":"Noxious Fumes","floor":2},{"not_picked":["Underhanded Strike","Escape Plan"],"picked":"Corpse Explosion","floor":3},{"not_picked":["PiercingWail","Accuracy"],"picked":"Cloak And Dagger","floor":7},{"not_picked":["Cloak And Dagger","Sucker Punch"],"picked":"Prepared","floor":8},{"not_picked":["Flechettes","Predator"],"picked":"Deadly Poison","floor":10},{"not_picked":["Cloak And Dagger","After Image"],"picked":"Crippling Poison","floor":12},{"not_picked":["Backflip","All Out Attack"],"picked":"Bouncing Flask","floor":13},{"not_picked":["Doppelganger","Phantasmal Killer"],"picked":"Envenom","floor":16},{"not_picked":["Acrobatics","Dodge and Roll"],"picked":"Footwork","floor":18},{"not_picked":["Backflip+1","Acrobatics"],"picked":"Catalyst","floor":19},{"not_picked":["Predator","Tactician+1"],"picked":"Well Laid Plans","floor":21}],"player_experience":81207,"relics_obtained":[{"floor":9,"key":"Bag of Preparation"},{"floor":11,"key":"Mummified Hand"},{"floor":12,"key":"Oddly Smooth Stone"}],"event_choices":[{"damage_healed":0,"gold_gain":0,"player_choice":"Entered Light","damage_taken":15,"max_hp_gain":0,"max_hp_loss":0,"event_name":"Shining Light","floor":4,"gold_loss":0,"cards_upgraded":["Defend_G","Quick Slash"]},{"damage_healed":0,"gold_gain":0,"player_choice":"Take Damage","damage_taken":19,"relics_obtained":["Golden Idol"],"max_hp_gain":0,"max_hp_loss":0,"event_name":"Golden Idol","floor":5,"gold_loss":0},{"damage_healed":0,"gold_gain":0,"player_choice":"Obtained Relic","damage_taken":0,"relics_obtained":["The Courier"],"max_hp_gain":0,"max_hp_loss":0,"event_name":"Addict","floor":20,"gold_loss":85},{"damage_healed":0,"gold_gain":0,"player_choice":"Fight","damage_taken":0,"max_hp_gain":0,"max_hp_loss":0,"event_name":"Colosseum","floor":22,"gold_loss":0},{"damage_healed":0,"gold_gain":0,"player_choice":"Fought Nobs","damage_taken":0,"max_hp_gain":0,"max_hp_loss":0,"event_name":"Colosseum","floor":22,"gold_loss":0}],"is_beta":true,"boss_relics":[{"not_picked":["Eternal Feather","Runic Dome"],"picked":"Empty Cage"}],"items_purged_floors":[14],"is_endless":false,"potions_floor_spawned":[2,3,10,13,19],"killed_by":"Colosseum Nobs","ascension_level":0}