{"gold_per_floor":[10,24,44,119,119,119,149,149,149,164,11,11,45,61,61,160,160,176,188,188,207,59,59,93,93,93,104,124,124,134,59,59,157,157,175,31,46,46,46,46,78,78,78,78],"floor_reached":44,"playtime":5298,"items_purged":["Chaos+1"],"score":466,"play_id":"10666db1-2135-432c-9714-a91c960d2196","local_time":"20190914221140","is_ascension_mode":false,"campfire_choices":[{"floor":6,"key":"REST"},{"floor":8,"key":"REST"},{"floor":15,"key":"REST"},{"data":"Dualcast","floor":23,"key":"SMITH"},{"floor":25,"key":"REST"},{"floor":29,"key":"REST"},{"data":"Fusion","floor":32,"key":"SMITH"},{"floor":40,"key":"REST"},{"floor":42,"key":"REST"}],"neow_cost":"NO_GOLD","seed_source_timestamp":560968698632238,"circlet_count":0,"master_deck":["Strike_B","Strike_B+1","Defend_B+1","Defend_B+1","Defend_B","Dualcast+1","Sweeping Beam","Lockon","Go for the Eyes","Double Energy","Ball Lightning+1","Doom and Gloom+1","FTL+1","Beam Cell+1","Ball Lightning+1","Electrodynamics","Coolheaded+1","Melter+1","Streamline+1","Go for the Eyes+1","Capacitor","Fusion+1","Loop+1","Redo+1","Barrage+1","Multi-Cast","Conserve Battery","Redo","Storm+1"],"relics":["Cracked Core","CaptainsWheel","Vajra","Molten Egg 2","Gambling Chip","Astrolabe","Toolbox","Ancient Tea Set","Question Card","Frozen Eye","Dodecahedron","Mummified Hand"],"potions_floor_usage":[7,16,19,30,33,33,41,44],"damage_taken":[{"damage":3,"enemies":"Jaw Worm","floor":1,"turns":3},{"damage":7,"enemies":"Small Slimes","floor":2,"turns":2},{"damage":1,"enemies":"Cultist","floor":3,"turns":3},{"damage":20,"enemies":"3 Sentries","floor":7,"turns":6},{"damage":7,"enemies":"3 Louse","floor":10,"turns":2},{"damage":7,"enemies":"Gremlin Nob","floor":13,"turns":3},{"damage":6,"enemies":"Exordium Wildlife","floor":14,"turns":2},{"damage":8,"enemies":"Slime Boss","floor":16,"turns":6},{"damage":3,"enemies":"3 Byrds","floor":18,"turns":3},{"damage":0,"enemies":"Chosen","floor":19,"turns":3},{"damage":18,"enemies":"Centurion and Healer","floor":21,"turns":4},{"damage":20,"enemies":"Slavers","floor":24,"turns":2},{"damage":6,"enemies":"Cultist and Chosen","floor":27,"turns":4},{"damage":11,"enemies":"Snecko","floor":28,"turns":5},{"damage":5,"enemies":"Sentry and Sphere","floor":30,"turns":3},{"damage":61,"enemies":"Automaton","floor":33,"turns":7},{"damage":6,"enemies":"3 Shapes","floor":35,"turns":4},{"damage":13,"enemies":"3 Darklings","floor":37,"turns":4},{"damage":50,"enemies":"Reptomancer","floor":41,"turns":5},{"damage":55,"enemies":"2 Orb Walkers","floor":44,"turns":3}],"seed_played":"6926075973373088043","potions_obtained":[{"floor":2,"key":"Swift Potion"},{"floor":7,"key":"FairyPotion"},{"floor":13,"key":"Block Potion"},{"floor":14,"key":"FocusPotion"},{"floor":18,"key":"SkillPotion"},{"floor":24,"key":"Energy Potion"},{"floor":30,"key":"Dexterity Potion"},{"floor":33,"key":"Energy Potion"},{"floor":37,"key":"Explosive Potion"}],"is_trial":false,"path_per_floor":["M","M","M","?","?","R","E","R","T","M","$","?","E","M","R","B",null,"M","M","?","M","$","R","E","R","T","M","M","R","M","$","R","B",null,"M","$","M","?","$","R","E","R","T","?"],"character_chosen":"DEFECT","items_purchased":["Doom and Gloom+1","FTL+1","Toolbox","Frozen Eye"],"campfire_rested":7,"item_purchase_floors":[11,11,22,36],"current_hp_per_floor":[72,65,64,53,38,60,40,62,62,55,55,55,48,42,64,56,75,72,72,72,54,54,54,34,56,56,50,39,61,56,56,56,22,75,69,69,56,56,56,75,25,47,47,0],"gold":78,"neow_bonus":"ONE_RARE_RELIC","is_prod":false,"is_daily":false,"chose_seed":false,"campfire_upgraded":2,"win_rate":0.0,"timestamp":1568463100,"path_taken":["M","M","M","?","?","R","E","R","T","M","$","?","E","M","R","BOSS","M","M","?","M","$","R","E","R","T","M","M","R","M","$","R","BOSS","M","$","M","?","?","R","E","R","T","?"],"build_version":"2019-09-12","purchased_purges":1,"victory":false,"max_hp_per_floor":[75,75,75,75,75,75,75,75,75,75,75,75,75,75,75,75,75,75,75,75,75,75,75,75,75,75,75,75,75,75,75,75,75,75,75,75,75,75,75,75,75,75,75,75],"card_choices":[{"not_picked":["Steam","Coolheaded"],"picked":"Sweeping Beam","floor":1},{"not_picked":["Compile Driver","Hologram"],"picked":"Lockon","floor":2},{"not_picked":["Compile Driver","Gash"],"picked":"Go for the Eyes","floor":3},{"not_picked":["Genetic Algorithm","Seek"],"picked":"Double Energy","floor":7},{"not_picked":["Redo","Stack"],"picked":"Ball Lightning+1","floor":10},{"not_picked":["Ball Lightning+1","All For One+1"],"picked":"Beam Cell+1","floor":13},{"not_picked":["Storm","Steam"],"picked":"Ball Lightning+1","floor":14},{"not_picked":["Amplify","Biased Cognition"],"picked":"Electrodynamics","floor":16},{"not_picked":["Loop+1","Leap+1"],"picked":"Streamline+1","floor":18},{"not_picked":["Barrage+1","Melter+1"],"picked":"Go for the Eyes+1","floor":19},{"not_picked":["Storm","Go for the Eyes+1"],"picked":"Capacitor","floor":21},{"not_picked":["Capacitor","Genetic Algorithm"],"picked":"Fusion","floor":24},{"not_picked":["Hologram+1","Force Field+1","Skim"],"picked":"Loop+1","floor":27},{"not_picked":["Aggregate","Coolheaded","Barrage+1"],"picked":"Redo+1","floor":28},{"not_picked":["Lockon+1","Compile Driver+1","Beam Cell+1"],"picked":"Barrage+1","floor":30},{"not_picked":["Electrodynamics","Rainbow","Thunder Strike+1"],"picked":"Multi-Cast","floor":33},{"not_picked":["Stack","Streamline+1","Ball Lightning+1"],"picked":"Conserve Battery","floor":35},{"not_picked":["Ball Lightning+1","Conserve Battery","Beam Cell+1"],"picked":"Redo","floor":37},{"not_picked":["Lockon+1","Heatsinks+1","Rip and Tear+1"],"picked":"Storm+1","floor":41}],"player_experience":19404,"relics_obtained":[{"floor":7,"key":"Vajra"},{"floor":9,"key":"Molten Egg 2"},{"floor":13,"key":"Gambling Chip"},{"floor":24,"key":"Ancient Tea Set"},{"floor":26,"key":"Question Card"},{"floor":41,"key":"Dodecahedron"},{"floor":43,"key":"Mummified Hand"}],"event_choices":[{"damage_healed":0,"gold_gain":75,"player_choice":"Gather Gold","damage_taken":11,"max_hp_gain":0,"max_hp_loss":0,"event_name":"World of Goop","floor":4,"gold_loss":0},{"damage_healed":0,"gold_gain":0,"player_choice":"Entered Light","damage_taken":15,"max_hp_gain":0,"max_hp_loss":0,"event_name":"Shining Light","floor":5,"gold_loss":0,"cards_upgraded":["Strike_B","Defend_B"]},{"cards_removed":["Strike_B"],"damage_healed":0,"gold_gain":0,"player_choice":"Forget","damage_taken":0,"max_hp_gain":0,"max_hp_loss":0,"event_name":"Living Wall","floor":12,"gold_loss":0},{"damage_healed":0,"gold_gain":0,"player_choice":"Ignored","damage_taken":0,"max_hp_gain":0,"max_hp_loss":0,"event_name":"Vampires","floor":20,"gold_loss":0},{"damage_healed":0,"gold_gain":0,"player_choice":"Forge","damage_taken":0,"max_hp_gain":0,"max_hp_loss":0,"event_name":"Accursed Blacksmith","floor":38,"gold_loss":0,"cards_upgraded":["Defend_B"]},{"damage_healed":0,"gold_gain":0,"player_choice":"Fight","damage_taken":0,"max_hp_gain":0,"max_hp_loss":0,"event_name":"Mysterious Sphere","floor":44,"gold_loss":0}],"is_beta":true,"boss_relics":[{"not_picked":["Calling Bell","Empty Cage"],"picked":"Astrolabe"},{"not_picked":["Runic Dome","Cursed Key","Busted Crown"]}],"items_purged_floors":[31],"is_endless":false,"potions_floor_spawned":[2,7,13,14,18,24,30,33,37],"killed_by":"2 Orb Walkers","ascension_level":0}