{"gold_per_floor":[115,127,52,52,69,126,136,146,146,175,350,350,350,368,368,472,472,490,508,518,518,518],"floor_reached":22,"playtime":1633,"items_purged":["Strike_R"],"score":198,"play_id":"793e6afb-cae4-4085-8d94-c0c8747663bd","local_time":"20181124210702","is_ascension_mode":false,"campfire_choices":[{"floor":12,"key":"RECALL"},{"data":"Spot Weakness","floor":15,"key":"SMITH"}],"neow_cost":"NONE","seed_source_timestamp":265630324648920,"circlet_count":0,"master_deck":["Strike_R","Strike_R","Strike_R","Defend_R","Defend_R","Defend_R","Defend_R","Bash","Impatience","Inflame","Spot Weakness+1","Seeing Red","Heavy Blade","Metallicize","Clothesline","Twin Strike","Doubt","Flex","Limit Break","Warcry+1","True Grit+1","Iron Wave+1"],"relics":["Burning Blood","Tiny Chest","Sundial","Matryoshka","Mark of Pain"],"potions_floor_usage":[6,6,16,19,20,22,22],"damage_taken":[{"damage":1,"enemies":"Cultist","floor":1,"turns":3},{"damage":9,"enemies":"2 Louse","floor":2,"turns":3},{"damage":0,"enemies":"Small Slimes","floor":5,"turns":3},{"damage":12,"enemies":"3 Sentries","floor":6,"turns":9},{"damage":4,"enemies":"Blue Slaver","floor":7,"turns":3},{"damage":15,"enemies":"Gremlin Gang","floor":8,"turns":8},{"damage":21,"enemies":"Lagavulin","floor":10,"turns":6},{"damage":9,"enemies":"Large Slime","floor":14,"turns":6},{"damage":38,"enemies":"The Guardian","floor":16,"turns":9},{"damage":21,"enemies":"Spheric Guardian","floor":18,"turns":5},{"damage":21,"enemies":"2 Thieves","floor":19,"turns":4},{"damage":56,"enemies":"Chosen and Byrds","floor":20,"turns":11},{"damage":16,"enemies":"Snake Plant","floor":22,"turns":1}],"seed_played":"-1724646506429714915","potions_obtained":[{"floor":1,"key":"Energy Potion"},{"floor":5,"key":"LiquidBronze"},{"floor":10,"key":"BloodPotion"},{"floor":14,"key":"SpeedPotion"},{"floor":16,"key":"FearPotion"},{"floor":19,"key":"BloodPotion"},{"floor":20,"key":"SteroidPotion"}],"is_trial":false,"path_per_floor":["M","M","$","?","M","E","M","M","T","E","?","R","T","M","R","B",null,"M","M","M","?","M"],"character_chosen":"IRONCLAD","items_purchased":[],"campfire_rested":0,"item_purchase_floors":[],"current_hp_per_floor":[80,77,77,70,76,70,72,63,63,48,48,48,48,45,45,13,80,65,50,8,8,0],"gold":518,"neow_bonus":"RANDOM_COLORLESS","is_prod":false,"is_daily":false,"chose_seed":false,"campfire_upgraded":1,"win_rate":0,"timestamp":1543093622,"path_taken":["M","?","$","?","M","E","M","M","T","E","?","R","?","M","R","BOSS","M","M","?","?","M"],"build_version":"2018-11-15","purchased_purges":1,"victory":false,"max_hp_per_floor":[80,80,80,80,80,80,80,80,80,80,80,80,80,80,80,80,80,80,80,80,80,80],"card_choices":[{"not_picked":["Perfected Strike","Reckless Charge"],"picked":"Inflame","floor":1},{"not_picked":["Feel No Pain","Seeing Red"],"picked":"Spot Weakness","floor":2},{"not_picked":["Rampage","Blood for Blood"],"picked":"Seeing Red","floor":5},{"not_picked":["Blood for Blood","Power Through"],"picked":"Heavy Blade","floor":6},{"not_picked":["Warcry","Dropkick"],"picked":"Metallicize","floor":7},{"not_picked":["Wild Strike","Corruption"],"picked":"Clothesline","floor":8},{"not_picked":["Clothesline","Power Through"],"picked":"Twin Strike","floor":10},{"not_picked":["Thunderclap","Offering"],"picked":"Flex","floor":14},{"not_picked":["Exhume","Demon Form"],"picked":"Limit Break","floor":16},{"not_picked":["Rage","Burning Pact"],"picked":"Warcry+1","floor":18},{"not_picked":["Combust","Headbutt"],"picked":"True Grit+1","floor":19},{"not_picked":["Shrug It Off+1","Sentinel"],"picked":"Iron Wave+1","floor":20}],"player_experience":94109,"relics_obtained":[{"floor":6,"key":"Tiny Chest"},{"floor":10,"key":"Sundial"},{"floor":13,"key":"Matryoshka"}],"event_choices":[{"cards_removed":["Strike_R"],"damage_healed":0,"gold_gain":0,"player_choice":"Card Removal","damage_taken":7,"max_hp_gain":0,"max_hp_loss":0,"event_name":"Golden Wing","floor":4,"gold_loss":0},{"damage_healed":0,"gold_gain":175,"player_choice":"AGREE","damage_taken":0,"max_hp_gain":0,"max_hp_loss":0,"event_name":"Liars Game","floor":11,"gold_loss":0,"cards_obtained":["Doubt"]},{"damage_healed":0,"gold_gain":0,"player_choice":"Ignored","damage_taken":0,"max_hp_gain":0,"max_hp_loss":0,"event_name":"Ghosts","floor":21,"gold_loss":0}],"is_beta":true,"boss_relics":[{"not_picked":["Busted Crown","Black Blood"],"picked":"Mark of Pain"}],"items_purged_floors":[3],"is_endless":false,"potions_floor_spawned":[1,5,10,14,16,19,20],"killed_by":"Snake Plant","ascension_level":0}