{"gold_per_floor":[112,128,11,11,11,38,38,50,50,62,149,178,190,232,244,355,367,396,424,455,477,51,51,81,81,81,113,133,148,148,160,160,265,265,283,294,294,8,18,49,65,95,95,95],"floor_reached":44,"playtime":3551,"items_purged":[],"score":706,"play_id":"9e7c454d-059e-4174-b153-43dab176f289","local_time":"20190105141956","is_ascension_mode":true,"campfire_choices":[{"data":"Footwork","floor":7,"key":"SMITH"},{"data":"Footwork","floor":10,"key":"SMITH"},{"floor":13,"key":"REST"},{"data":"Noxious Fumes","floor":15,"key":"SMITH"},{"data":"Footwork","floor":23,"key":"SMITH"},{"data":"Adrenaline","floor":25,"key":"SMITH"},{"floor":32,"key":"REST"}],"neow_cost":"NONE","seed_source_timestamp":146717641351356,"circlet_count":0,"master_deck":["Survivor","Neutralize","Footwork+1","Cloak And Dagger","Footwork+1","After Image","Prepared","Tactician","Dagger Throw","Noxious Fumes+1","Adrenaline+1","Infinite Blades","Cloak And Dagger","Footwork+1","Dagger Throw+1","Accuracy","Blade Dance","Cloak And Dagger","Leg Sweep","Dodge and Roll+1","RitualDagger","Bouncing Flask+1","Malaise","Endless Agony","Sucker Punch","Bullet Time","Acrobatics","Finisher","Cloak And Dagger","Terror","Sucker Punch","Flying Knee+1","Dodge and Roll+1","Eviscerate","Apotheosis","Well Laid Plans","Cloak And Dagger","Parasite","Dagger Spray+1","Glass Knife","Deflect+1","Reflex"],"relics":["Ring of the Snake","NeowsBlessing","Ornamental Fan","Centennial Puzzle","MawBank","Happy Flower","Eternal Feather","Mercury Hourglass","Lantern","Unceasing Top","Orichalcum","Pandora\u0027s Box","Nunchaku","Paper Crane","Molten Egg 2"],"potions_floor_usage":[14,20,27,27,31,33,33,33,35,35,35,41,42],"damage_taken":[{"damage":0,"enemies":"Small Slimes","floor":1,"turns":1},{"damage":0,"enemies":"2 Louse","floor":2,"turns":1},{"damage":0,"enemies":"3 Sentries","floor":6,"turns":1},{"damage":0,"enemies":"Cultist","floor":8,"turns":6},{"damage":12,"enemies":"3 Louse","floor":12,"turns":6},{"damage":0,"enemies":"Lagavulin","floor":14,"turns":12},{"damage":2,"enemies":"The Guardian","floor":16,"turns":14},{"damage":12,"enemies":"3 Byrds","floor":18,"turns":6},{"damage":0,"enemies":"Shell Parasite","floor":19,"turns":8},{"damage":2,"enemies":"Snake Plant","floor":20,"turns":7},{"damage":18,"enemies":"Snecko","floor":21,"turns":9},{"damage":21,"enemies":"Book of Stabbing","floor":24,"turns":7},{"damage":7,"enemies":"Gremlin Leader","floor":27,"turns":8},{"damage":17,"enemies":"Centurion and Healer","floor":28,"turns":5},{"damage":0,"enemies":"Snake Plant","floor":29,"turns":6},{"damage":8,"enemies":"3 Cultists","floor":31,"turns":5},{"damage":3,"enemies":"Automaton","floor":33,"turns":12},{"damage":1,"enemies":"3 Darklings","floor":35,"turns":7},{"damage":6,"enemies":"Orb Walker","floor":36,"turns":5},{"damage":22,"enemies":"Writhing Mass","floor":39,"turns":6},{"damage":10,"enemies":"Giant Head","floor":40,"turns":7},{"damage":13,"enemies":"Sphere and 2 Shapes","floor":41,"turns":4},{"damage":1,"enemies":"Reptomancer","floor":42,"turns":3},{"damage":21,"enemies":"Jaw Worm Horde","floor":44,"turns":3}],"seed_played":"-1199287886521404031","potions_obtained":[{"floor":2,"key":"SteroidPotion"},{"floor":8,"key":"Regen Potion"},{"floor":12,"key":"GhostInAJar"},{"floor":18,"key":"Energy Potion"},{"floor":21,"key":"Energy Potion"},{"floor":27,"key":"Swift Potion"},{"floor":29,"key":"Energy Potion"},{"floor":31,"key":"Block Potion"},{"floor":33,"key":"EntropicBrew"},{"floor":35,"key":"SteroidPotion"},{"floor":40,"key":"Energy Potion"},{"floor":42,"key":"SteroidPotion"}],"is_trial":false,"path_per_floor":["M","M","$","?","?","E","R","M","T","R","?","M","R","E","R","B",null,"M","M","M","M","$","R","E","R","T","E","M","M","?","M","R","B",null,"M","M","?","$","M","E","M","E","T","M"],"character_chosen":"THE_SILENT","items_purchased":["Footwork","SkillPotion","Mercury Hourglass","Lantern","Accuracy","Apotheosis","Well Laid Plans","Cloak And Dagger"],"campfire_rested":2,"item_purchase_floors":[3,3,22,22,22,38,38,38],"current_hp_per_floor":[70,70,70,58,58,58,58,58,58,58,51,39,60,60,60,58,70,58,58,56,38,38,53,32,47,47,40,23,23,17,9,48,60,70,69,63,63,63,41,31,18,17,17,0],"gold":95,"neow_bonus":"THREE_ENEMY_KILL","is_prod":false,"is_daily":false,"chose_seed":false,"campfire_upgraded":5,"win_rate":0,"timestamp":1546715996,"path_taken":["M","M","$","?","?","E","R","?","T","R","?","M","R","E","R","BOSS","M","M","?","?","$","R","E","R","T","E","M","M","?","M","R","BOSS","M","M","?","$","M","E","M","E","T","M"],"build_version":"2019-01-03v4","purchased_purges":0,"victory":false,"max_hp_per_floor":[70,70,70,70,70,70,70,70,70,70,70,70,70,70,70,70,70,70,70,70,70,70,70,70,70,70,70,70,70,70,70,70,70,70,70,70,70,70,70,70,70,70,70,70],"card_choices":[{"not_picked":["Dagger Spray","Catalyst"],"picked":"Footwork","floor":1},{"not_picked":["Reflex","Outmaneuver"],"picked":"Cloak And Dagger","floor":2},{"not_picked":["Dagger Spray","Finisher"],"picked":"Prepared","floor":6},{"not_picked":["Finisher","Riddle With Holes"],"picked":"Tactician","floor":8},{"not_picked":["Outmaneuver","Poisoned Stab"],"picked":"Dagger Throw","floor":12},{"not_picked":["Quick Slash","Expertise"],"picked":"Noxious Fumes","floor":14},{"not_picked":["Storm of Steel","Night Terror"],"picked":"Adrenaline","floor":16},{"not_picked":["Sucker Punch","Quick Slash"],"picked":"Infinite Blades","floor":18},{"not_picked":["Flying Knee","Deadly Poison+1"],"picked":"Cloak And Dagger","floor":19},{"not_picked":["Prepared","Phantasmal Killer"],"picked":"Footwork","floor":20},{"not_picked":["Underhanded Strike","Quick Slash+1"],"picked":"Dagger Throw+1","floor":21},{"not_picked":["Heel Hook","Acrobatics"],"picked":"Blade Dance","floor":24},{"not_picked":["Sucker Punch","Acrobatics"],"picked":"Cloak And Dagger","floor":27},{"not_picked":["Accuracy+1","All Out Attack"],"picked":"Leg Sweep","floor":28},{"not_picked":["Accuracy","Quick Slash"],"picked":"Dodge and Roll+1","floor":29},{"not_picked":["Calculated Gamble+1","Dagger Throw"],"picked":"Bouncing Flask+1","floor":31},{"not_picked":["Bullet Time","Doppelganger"],"picked":"Malaise","floor":33},{"not_picked":["Deflect","Setup+1"],"picked":"Flying Knee+1","floor":35},{"not_picked":["Terror+1","Underhanded Strike"],"picked":"Dodge and Roll+1","floor":36},{"not_picked":["Grand Finale","Poisoned Stab+1"],"picked":"Dagger Spray+1","floor":39},{"not_picked":["Burst","Catalyst"],"picked":"Glass Knife","floor":40},{"not_picked":["Outmaneuver","Setup+1"],"picked":"Deflect+1","floor":41},{"not_picked":["Backflip","Acrobatics+1"],"picked":"Reflex","floor":42}],"player_experience":327386,"relics_obtained":[{"floor":6,"key":"Centennial Puzzle"},{"floor":9,"key":"MawBank"},{"floor":14,"key":"Happy Flower"},{"floor":24,"key":"Unceasing Top"},{"floor":27,"key":"Orichalcum"},{"floor":40,"key":"Nunchaku"},{"floor":42,"key":"Paper Crane"},{"floor":43,"key":"Molten Egg 2"}],"event_choices":[{"damage_healed":0,"gold_gain":0,"player_choice":"Success","damage_taken":12,"relics_obtained":["Ornamental Fan"],"max_hp_gain":0,"max_hp_loss":0,"event_name":"Scrap Ooze","floor":4,"gold_loss":0},{"damage_healed":0,"gold_gain":0,"cards_transformed":["Strike_G"],"player_choice":"Transformed","damage_taken":0,"max_hp_gain":0,"max_hp_loss":0,"event_name":"Transmorgrifier","floor":5,"gold_loss":0,"cards_obtained":["After Image"]},{"damage_healed":0,"gold_gain":75,"player_choice":"Touch","damage_taken":7,"max_hp_gain":0,"max_hp_loss":0,"event_name":"FaceTrader","floor":11,"gold_loss":0},{"damage_healed":0,"gold_gain":0,"player_choice":"Joined the Cult","damage_taken":6,"max_hp_gain":0,"max_hp_loss":0,"event_name":"Nest","floor":30,"gold_loss":0,"cards_obtained":["RitualDagger"]},{"damage_healed":0,"gold_gain":0,"cards_transformed":["Masterful Stab"],"player_choice":"Transformed","damage_taken":0,"max_hp_gain":0,"max_hp_loss":0,"event_name":"Transmorgrifier","floor":37,"gold_loss":0,"cards_obtained":["Eviscerate"]}],"is_beta":false,"boss_relics":[{"not_picked":["Fusion Hammer","Snecko Eye"],"picked":"Eternal Feather"},{"not_picked":["HoveringKite","Busted Crown"],"picked":"Pandora\u0027s Box"}],"items_purged_floors":[],"is_endless":false,"potions_floor_spawned":[2,8,12,18,21,27,29,31,33,35,40,42],"killed_by":"Jaw Worm Horde","ascension_level":3}