{"gold_per_floor":[18,33,33,33,43,43,368,368,368,368,395,407,426,438,438,542,542,556,556,570,570,581,581,581,581,581,581,594,609,69,97,97,199,199,213,213,229,246,246,246,258,178,202,202,202,233,233,193,193,193],"floor_reached":51,"playtime":2705,"items_purged":["Defend_B","Strike_B"],"score":826,"play_id":"d29c3806-8c99-49e5-8e3a-74397413ba6e","local_time":"20190411225249","is_ascension_mode":true,"campfire_choices":[{"data":"Zap","floor":6,"key":"SMITH"},{"data":"Dualcast","floor":8,"key":"SMITH"},{"data":"Finesse","floor":10,"key":"SMITH"},{"data":"Static Discharge","floor":15,"key":"SMITH"},{"data":"Storm","floor":23,"key":"SMITH"},{"data":"Self Repair","floor":25,"key":"SMITH"},{"data":"Defragment","floor":32,"key":"SMITH"},{"data":"Capacitor","floor":40,"key":"SMITH"},{"floor":45,"key":"REST"},{"data":"Heatsinks","floor":47,"key":"SMITH"},{"data":"Rip and Tear","floor":49,"key":"SMITH"}],"neow_cost":"NO_GOLD","seed_source_timestamp":47638088573240,"circlet_count":0,"master_deck":["Strike_B","Defend_B","Defend_B+1","Zap+1","Dualcast+1","Rip and Tear+1","Self Repair+1","Static Discharge+1","Force Field+1","Finesse+1","Storm+1","Hello World","Ghostly","Ghostly","Ghostly","Ghostly","Ghostly","Melter+1","Reboot","Loop+1","Storm","Capacitor+1","Defragment+1","Heatsinks+1","Electrodynamics","Storm","Machine Learning","Redo+1","Madness","Madness","Streamline+1"],"relics":["Cracked Core","The Courier","Cables","Philosopher\u0027s Stone","Nloth\u0027s Gift","Bird Faced Urn","Kunai","Inserter","Bag of Marbles","War Paint","Omamori"],"potions_floor_usage":[7,16,33,37,41,50,50],"damage_taken":[{"damage":1,"enemies":"2 Louse","floor":1,"turns":2},{"damage":6,"enemies":"Jaw Worm","floor":2,"turns":3},{"damage":1,"enemies":"Cultist","floor":5,"turns":3},{"damage":13,"enemies":"Lagavulin","floor":7,"turns":5},{"damage":6,"enemies":"Gremlin Nob","floor":11,"turns":3},{"damage":4,"enemies":"2 Fungi Beasts","floor":12,"turns":3},{"damage":10,"enemies":"3 Louse","floor":13,"turns":2},{"damage":21,"enemies":"Gremlin Gang","floor":14,"turns":4},{"damage":5,"enemies":"The Guardian","floor":16,"turns":7},{"damage":13,"enemies":"3 Byrds","floor":18,"turns":2},{"damage":2,"enemies":"Chosen","floor":20,"turns":4},{"damage":3,"enemies":"Snake Plant","floor":22,"turns":4},{"damage":0,"enemies":"Centurion and Healer","floor":28,"turns":7},{"damage":6,"enemies":"3 Cultists","floor":29,"turns":5},{"damage":1,"enemies":"Book of Stabbing","floor":31,"turns":5},{"damage":0,"enemies":"Collector","floor":33,"turns":5},{"damage":31,"enemies":"3 Darklings","floor":35,"turns":2},{"damage":5,"enemies":"3 Shapes","floor":37,"turns":2},{"damage":42,"enemies":"3 Darklings","floor":38,"turns":4},{"damage":23,"enemies":"Writhing Mass","floor":41,"turns":4},{"damage":3,"enemies":"Giant Head","floor":46,"turns":7},{"damage":4,"enemies":"Donu and Deca","floor":50,"turns":4}],"seed_played":"1659256940910039498","potions_obtained":[{"floor":5,"key":"AttackPotion"},{"floor":11,"key":"Ancient Potion"},{"floor":12,"key":"Strength Potion"},{"floor":16,"key":"FocusPotion"},{"floor":20,"key":"Energy Potion"},{"floor":22,"key":"EssenceOfSteel"},{"floor":37,"key":"SneckoOil"},{"floor":48,"key":"Strength Potion"},{"floor":48,"key":"Explosive Potion"},{"floor":48,"key":"FocusPotion"}],"is_trial":false,"path_per_floor":["M","M","?","?","M","R","E","R","T","R","E","M","M","M","R","B",null,"M","?","M","?","M","R","?","R","T","?","M","M","$","E","R","B",null,"M","?","M","M","?","R","M","$","T","T","R","E","R","?","R","B",null],"character_chosen":"DEFECT","items_purchased":["Loop","Storm","Capacitor","Defragment","Heatsinks","Electrodynamics","Storm"],"campfire_rested":1,"item_purchase_floors":[30,30,30,30,30,30,30],"current_hp_per_floor":[75,75,68,68,74,74,68,68,68,68,69,72,69,55,55,57,75,62,37,37,37,37,37,37,37,37,47,47,47,47,47,47,47,47,32,32,33,19,13,13,16,16,16,16,30,47,47,47,47,47],"gold":193,"neow_bonus":"TRANSFORM_TWO_CARDS","is_prod":false,"is_daily":false,"chose_seed":false,"campfire_upgraded":10,"win_rate":0,"timestamp":1555019569,"path_taken":["M","M","?","?","?","R","E","R","T","R","E","M","M","M","R","BOSS","M","?","M","?","?","R","?","R","T","?","?","M","$","E","R","BOSS","M","?","M","?","?","R","M","$","T","?","R","E","R","?","R","BOSS"],"build_version":"2019-01-23","purchased_purges":2,"victory":true,"max_hp_per_floor":[75,75,75,75,75,75,75,75,75,75,75,75,75,75,75,75,75,75,37,37,37,37,37,37,37,37,47,47,47,47,47,47,47,47,47,47,47,47,47,47,47,47,47,47,47,47,47,47,47,47],"card_choices":[{"not_picked":["Steam","Loop"],"picked":"Static Discharge","floor":1},{"not_picked":["Streamline","Hologram"],"picked":"Force Field","floor":2},{"not_picked":["Leap","Rebound"],"picked":"Storm","floor":5},{"not_picked":["Stack","Redo","Steam"],"picked":"SKIP","floor":7},{"not_picked":["Consume","Fission","Coolheaded"],"picked":"SKIP","floor":11},{"not_picked":["Consume","Streamline","BootSequence"],"picked":"SKIP","floor":12},{"not_picked":["Sunder","Go for the Eyes","Streamline"],"picked":"SKIP","floor":13},{"not_picked":["Turbo","Rebound","Streamline"],"picked":"SKIP","floor":14},{"not_picked":["Rainbow","Biased Cognition"],"picked":"Seek","floor":16},{"not_picked":["Hologram","Sweeping Beam"],"picked":"Hello World","floor":18},{"not_picked":["Hologram","Ball Lightning","Conserve Battery+1"],"picked":"SKIP","floor":20},{"not_picked":["Steam","Gash+1"],"picked":"Melter+1","floor":22},{"not_picked":["FTL","Cold Snap"],"picked":"Reboot","floor":28},{"not_picked":["Compile Driver","Scrape","Stack"],"picked":"SKIP","floor":29},{"not_picked":["Fusion","Rainbow","Melter+1"],"picked":"SKIP","floor":31},{"not_picked":["Rainbow","Seek"],"picked":"Machine Learning","floor":33},{"not_picked":["Go for the Eyes+1","Ball Lightning+1","Hello World"],"picked":"SKIP","floor":35},{"not_picked":["FTL+1","BootSequence+1","Undo"],"picked":"SKIP","floor":37},{"not_picked":["Steam Power","Rainbow"],"picked":"Redo+1","floor":38},{"not_picked":["Beam Cell+1","Steam+1"],"picked":"Streamline+1","floor":41},{"not_picked":["Multi-Cast","Coolheaded","Beam Cell+1"],"picked":"SKIP","floor":46}],"player_experience":145962,"relics_obtained":[{"floor":7,"key":"Old Coin"},{"floor":9,"key":"The Courier"},{"floor":11,"key":"Cables"},{"floor":26,"key":"Bird Faced Urn"},{"floor":31,"key":"Kunai"},{"floor":43,"key":"Bag of Marbles"},{"floor":44,"key":"War Paint"},{"floor":46,"key":"Omamori"}],"event_choices":[{"cards_removed":["Strike_B"],"damage_healed":0,"gold_gain":0,"player_choice":"Card Removal","damage_taken":7,"max_hp_gain":0,"max_hp_loss":0,"event_name":"Golden Wing","floor":3,"gold_loss":0},{"damage_healed":0,"gold_gain":0,"player_choice":"1 cards matched","damage_taken":0,"max_hp_gain":0,"max_hp_loss":0,"event_name":"Match and Keep!","floor":4,"gold_loss":0,"cards_obtained":["Finesse"]},{"damage_healed":0,"gold_gain":0,"player_choice":"Became a Ghost","damage_taken":0,"max_hp_gain":0,"max_hp_loss":38,"event_name":"Ghosts","floor":19,"gold_loss":0,"cards_obtained":["Ghostly","Ghostly","Ghostly","Ghostly","Ghostly"]},{"damage_healed":0,"gold_gain":0,"player_choice":"Traded Relic","damage_taken":0,"relics_obtained":["Nloth\u0027s Gift"],"max_hp_gain":0,"max_hp_loss":0,"event_name":"N\u0027loth","floor":21,"relics_lost":["Old Coin"],"gold_loss":0},{"damage_healed":0,"gold_gain":0,"player_choice":"Ignored","damage_taken":0,"max_hp_gain":0,"max_hp_loss":0,"event_name":"Vampires","floor":24,"gold_loss":0},{"cards_removed":["Seek"],"damage_healed":0,"gold_gain":0,"player_choice":"Offered Rare","damage_taken":0,"max_hp_gain":10,"max_hp_loss":0,"event_name":"Bonfire Elementals","floor":27,"gold_loss":0},{"damage_healed":0,"gold_gain":0,"player_choice":"Upgraded","damage_taken":0,"max_hp_gain":0,"max_hp_loss":0,"event_name":"Upgrade Shrine","floor":36,"gold_loss":0,"cards_upgraded":["Loop"]},{"damage_healed":0,"gold_gain":0,"player_choice":"Embrace Madness","damage_taken":6,"max_hp_gain":0,"max_hp_loss":0,"event_name":"Winding Halls","floor":39,"gold_loss":0,"cards_obtained":["Madness","Madness"]},{"damage_healed":0,"gold_gain":0,"player_choice":"Bought 3 Potions","damage_taken":0,"max_hp_gain":0,"max_hp_loss":0,"event_name":"The Woman in Blue","floor":48,"gold_loss":0}],"is_beta":false,"boss_relics":[{"not_picked":["Empty Cage","Astrolabe"],"picked":"Philosopher\u0027s Stone"},{"not_picked":["Lizard Tail","Tiny House"],"picked":"Inserter"}],"items_purged_floors":[30,42],"is_endless":false,"potions_floor_spawned":[5,11,12,16,20,22,31,37],"ascension_level":2}