{"gold_per_floor":[368,88,88,102,120,120,147,74,99,99,99,109,109,123,123,228,278,294,56,56,56,56,86,86,111,111,129,129,147,47,64,64,64],"floor_reached":33,"playtime":1176,"items_purged":["Defend_B","Defend_B"],"score":297,"play_id":"04e35673-303b-4b1c-a5bf-45406a169ddc","local_time":"20190909133123","is_ascension_mode":true,"campfire_choices":[{"data":"Biased Cognition","floor":6,"key":"SMITH"},{"data":"Static Discharge","floor":11,"key":"SMITH"},{"floor":13,"key":"REST"},{"data":"Zap","floor":15,"key":"SMITH"},{"floor":24,"key":"REST"},{"data":"Sword Boomerang","floor":28,"key":"SMITH"},{"data":"Cloak And Dagger","floor":32,"key":"SMITH"}],"neow_cost":"PERCENT_DAMAGE","seed_source_timestamp":3459748059267212,"circlet_count":0,"master_deck":["Strike_B+1","Strike_B","Strike_B+1","Defend_B+1","Zap+1","Dualcast","Biased Cognition+1","Gash","Static Discharge+1","Flash of Steel","Juggernaut","Dodge and Roll","Sword Boomerang+1","Coolheaded+1","Cloak And Dagger+1"],"relics":["Cracked Core","PrismaticShard","Happy Flower","Whetstone","Tiny House","Kunai","Shuriken","Art of War","Lantern","Meat on the Bone"],"potions_floor_usage":[16,23,33],"damage_taken":[{"damage":1,"enemies":"Jaw Worm","floor":1,"turns":4},{"damage":0,"enemies":"Cultist","floor":4,"turns":2},{"damage":0,"enemies":"2 Louse","floor":5,"turns":2},{"damage":26,"enemies":"Lagavulin","floor":7,"turns":5},{"damage":10,"enemies":"Exordium Wildlife","floor":12,"turns":3},{"damage":11,"enemies":"Large Slime","floor":14,"turns":2},{"damage":7,"enemies":"Slime Boss","floor":16,"turns":5},{"damage":8,"enemies":"3 Byrds","floor":18,"turns":2},{"damage":18,"enemies":"Gremlin Leader","floor":23,"turns":5},{"damage":10,"enemies":"Book of Stabbing","floor":25,"turns":3},{"damage":3,"enemies":"Shell Parasite","floor":27,"turns":3},{"damage":13,"enemies":"Chosen and Byrds","floor":29,"turns":6},{"damage":16,"enemies":"Shelled Parasite and Fungi","floor":31,"turns":4},{"damage":55,"enemies":"Collector","floor":33,"turns":7}],"seed_played":"1921703268194066683","potions_obtained":[{"floor":1,"key":"SpeedPotion"},{"floor":14,"key":"PowerPotion"},{"floor":17,"key":"Swift Potion"},{"floor":23,"key":"Fire Potion"},{"floor":25,"key":"FearPotion"}],"is_trial":false,"path_per_floor":["M","$","?","M","M","R","E","$","T","?","R","M","R","M","R","B",null,"M","$","?","?","?","E","R","E","T","M","R","M","$","M","R","B"],"character_chosen":"DEFECT","items_purchased":["PrismaticShard","Static Discharge","Kunai"],"campfire_rested":2,"item_purchase_floors":[2,8,19],"current_hp_per_floor":[53,53,53,53,53,53,27,27,27,27,27,17,39,28,28,21,80,72,72,72,57,57,39,64,54,54,51,51,50,50,46,46,0],"gold":64,"neow_bonus":"TWO_FIFTY_GOLD","is_prod":false,"is_daily":false,"chose_seed":false,"campfire_upgraded":5,"win_rate":0,"timestamp":1568014283,"path_taken":["M","$","?","?","M","R","E","$","T","?","R","M","R","M","R","BOSS","M","$","?","?","?","E","R","E","T","M","R","M","?","M","R","BOSS"],"build_version":"2019-07-17","purchased_purges":2,"victory":false,"max_hp_per_floor":[75,75,75,75,75,75,75,75,75,75,75,75,75,75,75,75,80,80,80,80,85,85,85,85,85,85,85,85,85,85,85,85,85],"card_choices":[{"not_picked":["Steam","Streamline","FTL"],"picked":"SKIP","floor":1},{"not_picked":["Flying Knee","Go for the Eyes"],"picked":"Gash","floor":4},{"not_picked":["Havoc","Bouncing Flask","Infernal Blade"],"picked":"SKIP","floor":5},{"not_picked":["Conserve Battery","Underhanded Strike","Barrage"],"picked":"SKIP","floor":7},{"not_picked":["Setup","Outmaneuver","Gash"],"picked":"SKIP","floor":12},{"not_picked":["Magnetism","Catalyst"],"picked":"Flash of Steel","floor":14},{"not_picked":["Mayhem","Magnetism"],"picked":"Juggernaut","floor":16},{"not_picked":["Thunderclap","Leap"],"picked":"Dodge and Roll","floor":17},{"not_picked":["Bouncing Flask+1","Redo","Perfected Strike"],"picked":"SKIP","floor":18},{"not_picked":["Clash","Recycle"],"picked":"Sword Boomerang","floor":23},{"not_picked":["Pummel","Heavy Blade+1"],"picked":"Coolheaded+1","floor":25},{"not_picked":["Deflect+1","Brutality","Sword Boomerang"],"picked":"SKIP","floor":27},{"not_picked":["Bane","Distraction","Beam Cell+1"],"picked":"SKIP","floor":29},{"not_picked":["Heavy Blade","Forethought"],"picked":"Cloak And Dagger","floor":31}],"player_experience":1728107,"relics_obtained":[{"floor":7,"key":"Happy Flower"},{"floor":9,"key":"Whetstone"},{"floor":23,"key":"Art of War"},{"floor":25,"key":"Lantern"},{"floor":26,"key":"Meat on the Bone"}],"event_choices":[{"damage_healed":0,"gold_gain":0,"cards_transformed":["Defend_B"],"player_choice":"Transformed","damage_taken":0,"max_hp_gain":0,"max_hp_loss":0,"event_name":"Transmorgrifier","floor":3,"gold_loss":0,"cards_obtained":["Biased Cognition"]},{"damage_healed":0,"gold_gain":0,"player_choice":"Ignored","damage_taken":0,"max_hp_gain":0,"max_hp_loss":0,"event_name":"Liars Game","floor":10,"gold_loss":0},{"damage_healed":0,"gold_gain":0,"player_choice":"Opened","damage_taken":0,"relics_obtained":["Shuriken"],"max_hp_gain":0,"max_hp_loss":0,"event_name":"The Mausoleum","floor":20,"gold_loss":0},{"damage_healed":0,"gold_gain":0,"player_choice":"Shed Blood","damage_taken":20,"max_hp_gain":5,"max_hp_loss":0,"event_name":"Forgotten Altar","floor":21,"gold_loss":0},{"cards_removed":["Strike_B"],"damage_healed":0,"gold_gain":0,"player_choice":"Elegance","damage_taken":0,"max_hp_gain":0,"max_hp_loss":0,"event_name":"Back to Basics","floor":22,"gold_loss":0}],"is_beta":false,"boss_relics":[{"not_picked":["Ectoplasm","Lizard Tail"],"picked":"Tiny House"}],"items_purged_floors":[2,30],"is_endless":false,"potions_floor_spawned":[1,14,23,25,27],"killed_by":"Collector","ascension_level":1}