{"gold_per_floor":[110,110,110,11,29,29,64,64,90,265,265,283,297,328,328,454,454,472,472,23,39,62,62],"floor_reached":23,"playtime":1495,"items_purged":["Defend_R","Defend_R"],"score":209,"play_id":"173d7f2b-0752-431a-b273-e8cc11350264","local_time":"20181222204313","is_ascension_mode":true,"campfire_choices":[{"data":"Bash","floor":6,"key":"SMITH"},{"data":"Seeing Red","floor":8,"key":"SMITH"},{"floor":11,"key":"REST"},{"data":"Demon Form","floor":15,"key":"SMITH"}],"neow_cost":"NONE","seed_source_timestamp":185821214229614,"circlet_count":0,"master_deck":["Strike_R","Strike_R","Strike_R","Strike_R","Strike_R","Defend_R","Bash+1","Headbutt","Seeing Red+1","Heavy Blade","Carnage","Flex","Doubt","Flex","Demon Form+1","Rampage","Double Tap","Heavy Blade","Cleave","Seeing Red+1","Cleave+1","Spot Weakness"],"relics":["Burning Blood","Golden Idol","Ice Cream","Pen Nib","Mark of Pain","DollysMirror","Bronze Scales"],"potions_floor_usage":[7,16,16,22,23],"damage_taken":[{"damage":6,"enemies":"Jaw Worm","floor":1,"turns":3},{"damage":0,"enemies":"Cultist","floor":5,"turns":2},{"damage":27,"enemies":"Gremlin Nob","floor":7,"turns":4},{"damage":1,"enemies":"2 Louse","floor":12,"turns":2},{"damage":8,"enemies":"Lots of Slimes","floor":13,"turns":4},{"damage":18,"enemies":"Lagavulin","floor":14,"turns":4},{"damage":14,"enemies":"Slime Boss","floor":16,"turns":5},{"damage":37,"enemies":"3 Byrds","floor":18,"turns":6},{"damage":15,"enemies":"Chosen","floor":21,"turns":3},{"damage":38,"enemies":"Shelled Parasite and Fungi","floor":22,"turns":3},{"damage":12,"enemies":"Gremlin Leader","floor":23,"turns":1}],"seed_played":"5513017716303919862","potions_obtained":[{"floor":1,"key":"LiquidBronze"},{"floor":5,"key":"Strength Potion"},{"floor":13,"key":"SkillPotion"},{"floor":14,"key":"Block Potion"},{"floor":21,"key":"LiquidBronze"},{"floor":22,"key":"GamblersBrew"}],"is_trial":false,"path_per_floor":["M","?","?","$","M","R","E","R","T","?","R","M","M","E","R","B",null,"M","?","$","M","M","E"],"character_chosen":"IRONCLAD","items_purchased":["Heavy Blade","DollysMirror","Bronze Scales"],"campfire_rested":1,"item_purchase_floors":[4,20,20],"current_hp_per_floor":[80,60,53,53,59,59,38,38,38,38,62,67,65,53,53,45,80,49,49,49,40,8,0],"gold":62,"neow_bonus":"THREE_CARDS","is_prod":false,"is_daily":false,"chose_seed":false,"campfire_upgraded":3,"win_rate":0,"timestamp":1545529393,"path_taken":["M","?","?","?","?","R","E","R","T","?","R","M","M","E","R","BOSS","M","?","$","M","?","E"],"build_version":"2018-12-20","purchased_purges":2,"victory":false,"max_hp_per_floor":[80,80,80,80,80,80,80,80,80,80,80,80,80,80,80,80,80,80,80,80,80,80,80],"card_choices":[{"not_picked":["Armaments","Body Slam"],"picked":"Headbutt","floor":0},{"not_picked":["True Grit","Fire Breathing"],"picked":"Seeing Red","floor":1},{"not_picked":["Thunderclap","Pommel Strike"],"picked":"Carnage","floor":5},{"not_picked":["Pummel","Headbutt"],"picked":"Flex","floor":7},{"not_picked":["Hemokinesis","Perfected Strike"],"picked":"Flex","floor":12},{"not_picked":["Hemokinesis","Flex"],"picked":"Demon Form","floor":13},{"not_picked":["Impervious","Perfected Strike"],"picked":"Rampage","floor":14},{"not_picked":["Demon Form","Dark Embrace"],"picked":"Double Tap","floor":16},{"not_picked":["Perfected Strike","Carnage"],"picked":"Heavy Blade","floor":18},{"not_picked":["True Grit","Iron Wave+1"],"picked":"Cleave+1","floor":21},{"not_picked":["Armaments","Ghostly Armor"],"picked":"Spot Weakness","floor":22}],"player_experience":60950,"relics_obtained":[{"floor":7,"key":"Ice Cream"},{"floor":14,"key":"Pen Nib"}],"event_choices":[{"damage_healed":0,"gold_gain":0,"player_choice":"Take Damage","damage_taken":20,"relics_obtained":["Golden Idol"],"max_hp_gain":0,"max_hp_loss":0,"event_name":"Golden Idol","floor":2,"gold_loss":0},{"cards_removed":["Defend_R"],"damage_healed":0,"gold_gain":0,"player_choice":"Card Removal","damage_taken":7,"max_hp_gain":0,"max_hp_loss":0,"event_name":"Golden Wing","floor":3,"gold_loss":0},{"damage_healed":0,"gold_gain":175,"player_choice":"AGREE","damage_taken":0,"max_hp_gain":0,"max_hp_loss":0,"event_name":"Liars Game","floor":10,"gold_loss":0,"cards_obtained":["Doubt"]},{"damage_healed":0,"gold_gain":0,"player_choice":"1 cards matched","damage_taken":0,"max_hp_gain":0,"max_hp_loss":0,"event_name":"Match and Keep!","floor":19,"gold_loss":0,"cards_obtained":["Cleave"]}],"is_beta":false,"boss_relics":[{"not_picked":["Coffee Dripper","Sozu"],"picked":"Mark of Pain"}],"items_purged_floors":[4,20],"is_endless":false,"potions_floor_spawned":[1,5,13,14,21,22],"killed_by":"Gremlin Leader","ascension_level":1}