{"gold_per_floor":[113,127,140,154,167,200,200,200,200,200,200],"floor_reached":11,"playtime":671,"items_purged":[],"score":75,"play_id":"04fe8762-c9d0-41f6-ad01-42ce8f130215","local_time":"20181116120111","is_ascension_mode":false,"campfire_choices":[{"data":"Searing Blow","floor":7,"key":"SMITH"}],"neow_cost":"NONE","seed_source_timestamp":151019427061144,"circlet_count":0,"master_deck":["Strike_R","Strike_R","Strike_R","Strike_R","Strike_R","Defend_R","Defend_R","Defend_R","Defend_R","Bash","Purity","Searing Blow+2","Headbutt","Heavy Blade","Anger","Warcry","Reaper","Injury"],"relics":["Burning Blood","Vajra","Golden Idol","Shuriken"],"potions_floor_usage":[6],"damage_taken":[{"damage":3,"enemies":"Small Slimes","floor":1,"turns":4},{"damage":10,"enemies":"Cultist","floor":2,"turns":4},{"damage":6,"enemies":"Jaw Worm","floor":3,"turns":3},{"damage":37,"enemies":"Gremlin Gang","floor":4,"turns":5},{"damage":10,"enemies":"Looter","floor":5,"turns":3},{"damage":33,"enemies":"Lagavulin","floor":6,"turns":6},{"damage":33,"enemies":"Gremlin Nob","floor":11,"turns":3}],"seed_played":"3854576633740912584","potions_obtained":[{"floor":2,"key":"Dexterity Potion"},{"floor":3,"key":"Dexterity Potion"}],"is_trial":false,"path_per_floor":["M","M","M","M","M","E","R","?","T","?","E"],"character_chosen":"IRONCLAD","items_purchased":[],"campfire_rested":0,"item_purchase_floors":[],"current_hp_per_floor":[80,76,76,45,41,14,14,14,14,14,0],"gold":200,"neow_bonus":"RANDOM_COLORLESS","is_prod":false,"is_daily":false,"chose_seed":false,"campfire_upgraded":1,"win_rate":0,"timestamp":1542369671,"path_taken":["M","M","M","M","M","E","R","?","T","?","E"],"build_version":"2018-11-15","purchased_purges":0,"victory":false,"max_hp_per_floor":[80,80,80,80,80,80,80,80,80,80,80],"card_choices":[{"not_picked":["Thunderclap","Perfected Strike"],"picked":"Searing Blow","floor":1},{"not_picked":["Body Slam","Carnage"],"picked":"Headbutt","floor":2},{"not_picked":["Searing Blow","Reckless Charge"],"picked":"Heavy Blade","floor":3},{"not_picked":["Twin Strike","Cleave"],"picked":"Anger","floor":4},{"not_picked":["Clothesline","Reckless Charge"],"picked":"Warcry","floor":5},{"not_picked":["Intimidate","Feel No Pain"],"picked":"Reaper","floor":6}],"player_experience":68471,"relics_obtained":[{"floor":6,"key":"Vajra"},{"floor":9,"key":"Shuriken"}],"event_choices":[{"damage_healed":0,"gold_gain":0,"player_choice":"Take Wound","damage_taken":0,"relics_obtained":["Golden Idol"],"max_hp_gain":0,"max_hp_loss":0,"event_name":"Golden Idol","floor":8,"gold_loss":0,"cards_obtained":["Injury"]},{"damage_healed":0,"gold_gain":0,"player_choice":"Grow","damage_taken":0,"max_hp_gain":0,"max_hp_loss":0,"event_name":"Living Wall","floor":10,"gold_loss":0,"cards_upgraded":["Searing Blow"]}],"is_beta":true,"boss_relics":[],"items_purged_floors":[],"is_endless":false,"potions_floor_spawned":[2,3],"killed_by":"Gremlin Nob","ascension_level":0}