{"gold_per_floor":[110,285,301,301,74,74,103,103,103,51,126,126,138,168,168,168],"floor_reached":16,"playtime":667,"items_purged":["Doubt"],"score":197,"play_id":"b5690295-cbf0-4c79-8ea3-d8477ed68917","local_time":"20190823234504","is_ascension_mode":true,"campfire_choices":[{"data":"Skewer","floor":6,"key":"SMITH"},{"data":"Neutralize","floor":8,"key":"SMITH"},{"data":"Quick Slash","floor":12,"key":"SMITH"},{"data":"PiercingWail","floor":15,"key":"SMITH"}],"neow_cost":"NONE","seed_source_timestamp":9118085666180,"circlet_count":0,"master_deck":["AscendersBane","Strike_G","Strike_G","Strike_G","Strike_G","Strike_G","Defend_G","Defend_G","Defend_G","Defend_G","Defend_G","Survivor","Neutralize+1","PiercingWail+1","Skewer+1","Quick Slash+1"],"relics":["Ring of the Snake","Bag of Preparation","PreservedInsect","Oddly Smooth Stone","Gambling Chip"],"potions_floor_usage":[14,16],"damage_taken":[{"damage":1,"enemies":"Small Slimes","floor":1,"turns":3},{"damage":1,"enemies":"Jaw Worm","floor":3,"turns":8},{"damage":15,"enemies":"Lagavulin","floor":7,"turns":8},{"damage":0,"enemies":"2 Louse","floor":13,"turns":2},{"damage":0,"enemies":"Gremlin Nob","floor":14,"turns":2},{"damage":43,"enemies":"Hexaghost","floor":16,"turns":14}],"seed_played":"8207668663845516298","potions_obtained":[{"floor":1,"key":"Block Potion"},{"floor":7,"key":"Energy Potion"}],"is_trial":false,"path_per_floor":["M","?","M","T","$","R","E","R","T","$","?","R","M","E","R","B"],"character_chosen":"THE_SILENT","items_purchased":["PreservedInsect","Quick Slash"],"campfire_rested":0,"item_purchase_floors":[5,10],"current_hp_per_floor":[69,69,68,68,68,68,53,53,53,53,42,42,42,42,42,0],"gold":168,"neow_bonus":"TEN_PERCENT_HP_BONUS","is_prod":false,"is_daily":false,"chose_seed":false,"campfire_upgraded":4,"win_rate":0,"timestamp":1566596704,"path_taken":["M","?","M","?","$","R","E","R","T","?","?","R","M","E","R","BOSS"],"build_version":"2019-07-17","purchased_purges":1,"victory":false,"max_hp_per_floor":[77,77,77,77,77,77,77,77,77,77,77,77,77,77,77,77],"card_choices":[{"not_picked":["Caltrops","Reflex"],"picked":"PiercingWail","floor":1},{"not_picked":["All Out Attack","Underhanded Strike"],"picked":"Skewer","floor":3},{"not_picked":["Underhanded Strike","Masterful Stab","Outmaneuver"],"picked":"SKIP","floor":7},{"not_picked":["Flying Knee","Acrobatics","Underhanded Strike"],"picked":"SKIP","floor":13},{"not_picked":["Expertise","Heel Hook","Bouncing Flask"],"picked":"SKIP","floor":14}],"player_experience":283245,"relics_obtained":[{"floor":4,"key":"Bag of Preparation"},{"floor":7,"key":"Oddly Smooth Stone"},{"floor":14,"key":"Gambling Chip"}],"event_choices":[{"damage_healed":0,"gold_gain":175,"player_choice":"AGREE","damage_taken":0,"max_hp_gain":0,"max_hp_loss":0,"event_name":"Liars Game","floor":2,"gold_loss":0,"cards_obtained":["Doubt"]},{"damage_healed":0,"gold_gain":75,"player_choice":"Gather Gold","damage_taken":11,"max_hp_gain":0,"max_hp_loss":0,"event_name":"World of Goop","floor":11,"gold_loss":0}],"is_beta":false,"boss_relics":[],"items_purged_floors":[5],"is_endless":false,"potions_floor_spawned":[1,7],"killed_by":"Hexaghost","ascension_level":10}