{"gold_per_floor":[113,388,401,401,413,413,445,445,468,499,512,512],"floor_reached":12,"playtime":673,"items_purged":[],"score":106,"play_id":"224dffdb-7bb9-422b-9f7d-8a7ce958bfbb","local_time":"20181227223806","is_ascension_mode":true,"campfire_choices":[{"data":"Flame Barrier","floor":6,"key":"SMITH"},{"floor":8,"key":"REST"}],"neow_cost":"NONE","seed_source_timestamp":625560396879027,"circlet_count":0,"master_deck":["Strike_R","Strike_R","Strike_R","Strike_R","Strike_R","Defend_R","Defend_R+1","Defend_R","Defend_R+1","Bash","Shockwave","Regret","Feel No Pain","Flame Barrier+1","Sentinel","Iron Wave","Armaments"],"relics":["Burning Blood","NeowsBlessing","Red Skull","Vajra"],"potions_floor_usage":[7,10],"damage_taken":[{"damage":0,"enemies":"2 Louse","floor":1,"turns":1},{"damage":0,"enemies":"Cultist","floor":3,"turns":1},{"damage":2,"enemies":"Small Slimes","floor":5,"turns":2},{"damage":67,"enemies":"Lagavulin","floor":7,"turns":13},{"damage":27,"enemies":"3 Sentries","floor":10,"turns":7},{"damage":6,"enemies":"Blue Slaver","floor":11,"turns":4},{"damage":17,"enemies":"Exordium Thugs","floor":12,"turns":4}],"seed_played":"-4682446854033021124","potions_obtained":[{"floor":3,"key":"SkillPotion"},{"floor":7,"key":"LiquidBronze"},{"floor":11,"key":"Weak Potion"}],"is_trial":false,"path_per_floor":["M","?","M","?","M","R","E","R","T","E","M","M"],"character_chosen":"IRONCLAD","items_purchased":[],"campfire_rested":1,"item_purchase_floors":[],"current_hp_per_floor":[80,80,80,64,68,68,7,31,31,10,10,0],"gold":512,"neow_bonus":"THREE_ENEMY_KILL","is_prod":false,"is_daily":false,"chose_seed":false,"campfire_upgraded":1,"win_rate":0,"timestamp":1545968286,"path_taken":["M","?","?","?","M","R","E","R","T","E","M","M"],"build_version":"2018-12-20","purchased_purges":0,"victory":false,"max_hp_per_floor":[80,80,80,80,80,80,80,80,80,80,80,80],"card_choices":[{"not_picked":["Twin Strike","Sword Boomerang"],"picked":"Shockwave","floor":1},{"not_picked":["Cleave","Anger"],"picked":"Feel No Pain","floor":3},{"not_picked":["Battle Trance","Inflame"],"picked":"Flame Barrier","floor":5},{"not_picked":["Limit Break","True Grit"],"picked":"Sentinel","floor":7},{"not_picked":["Seeing Red","Rupture"],"picked":"Iron Wave","floor":10},{"not_picked":["Searing Blow","Rage"],"picked":"Armaments","floor":11}],"player_experience":227213,"relics_obtained":[{"floor":7,"key":"Red Skull"},{"floor":10,"key":"Vajra"}],"event_choices":[{"damage_healed":0,"gold_gain":275,"player_choice":"Desecrate","damage_taken":0,"max_hp_gain":0,"max_hp_loss":0,"event_name":"Golden Shrine","floor":2,"gold_loss":0,"cards_obtained":["Regret"]},{"damage_healed":0,"gold_gain":0,"player_choice":"Entered Light","damage_taken":16,"max_hp_gain":0,"max_hp_loss":0,"event_name":"Shining Light","floor":4,"gold_loss":0,"cards_upgraded":["Defend_R","Defend_R"]}],"is_beta":false,"boss_relics":[],"items_purged_floors":[],"is_endless":false,"potions_floor_spawned":[3,7,11],"killed_by":"Exordium Thugs","ascension_level":4}