{"gold_per_floor":[110,123,139,159,61,95,114,114,137,150,150,10,22,52,52,152,152,170,170,185,203,51,51,51],"floor_reached":24,"playtime":1092,"items_purged":["Strike_B","Strike_B"],"score":361,"play_id":"0549211b-e051-4b1e-950a-faac2dd21cc2","local_time":"20191001124254","is_ascension_mode":true,"campfire_choices":[{"floor":8,"key":"REST"},{"floor":11,"key":"REST"},{"floor":15,"key":"REST"},{"floor":23,"key":"REST"}],"neow_cost":"NONE","seed_source_timestamp":1189755846005800,"circlet_count":0,"master_deck":["AscendersBane","Strike_B","Strike_B","Defend_B","Defend_B","Defend_B","Defend_B","Zap","Dualcast","Glacier","Cold Snap","Cold Snap","Sweeping Beam","Go for the Eyes","Loop","Cold Snap+1","Cold Snap+1","Genetic Algorithm","Capacitor","Ball Lightning+1","Echo Form","Decay","Doubt","Regret","Gash+1","RitualDagger+1","Hologram","Sweeping Beam+1"],"relics":["Cracked Core","Molten Egg 2","Lantern","Calling Bell","Oddly Smooth Stone","Gremlin Horn","Ginger","Blood Vial"],"potions_floor_usage":[14,18,21,24],"damage_taken":[{"damage":1,"enemies":"Cultist","floor":1,"turns":3},{"damage":2,"enemies":"Jaw Worm","floor":2,"turns":3},{"damage":0,"enemies":"Small Slimes","floor":3,"turns":3},{"damage":4,"enemies":"Blue Slaver","floor":4,"turns":5},{"damage":29,"enemies":"Gremlin Nob","floor":6,"turns":5},{"damage":14,"enemies":"Exordium Wildlife","floor":7,"turns":4},{"damage":10,"enemies":"Red Slaver","floor":10,"turns":3},{"damage":2,"enemies":"2 Fungi Beasts","floor":13,"turns":2},{"damage":13,"enemies":"Lagavulin","floor":14,"turns":7},{"damage":18,"enemies":"Hexaghost","floor":16,"turns":13},{"damage":16,"enemies":"Chosen","floor":18,"turns":7},{"damage":23,"enemies":"Spheric Guardian","floor":20,"turns":5},{"damage":26,"enemies":"Snecko","floor":21,"turns":6},{"damage":35,"enemies":"Slavers","floor":24,"turns":1}],"seed_played":"-876180873273747748","potions_obtained":[{"floor":4,"key":"Dexterity Potion"},{"floor":7,"key":"Strength Potion"},{"floor":16,"key":"SkillPotion"},{"floor":18,"key":"SteroidPotion"}],"is_trial":false,"path_per_floor":["M","M","M","M","$","E","M","R","T","M","R","$","M","E","R","B",null,"M","?","M","M","$","R","E"],"character_chosen":"DEFECT","items_purchased":["Go for the Eyes","Genetic Algorithm","Blood Vial"],"campfire_rested":4,"item_purchase_floors":[5,12,22],"current_hp_per_floor":[74,72,72,68,68,39,25,49,49,39,63,63,61,48,72,54,75,59,53,30,4,4,28,0],"gold":51,"neow_bonus":"TEN_PERCENT_HP_BONUS","is_prod":false,"is_daily":false,"chose_seed":false,"campfire_upgraded":0,"win_rate":0,"timestamp":1569948174,"path_taken":["M","M","M","M","?","E","M","R","T","M","R","$","?","E","R","BOSS","M","?","M","M","$","R","E"],"build_version":"2019-07-17","purchased_purges":2,"victory":false,"max_hp_per_floor":[82,82,82,82,82,82,82,82,82,82,82,82,82,82,82,82,82,82,82,82,82,82,82,82],"card_choices":[{"not_picked":["Ball Lightning","Hologram"],"picked":"Glacier","floor":1},{"not_picked":["Beam Cell","Hologram"],"picked":"Cold Snap","floor":2},{"not_picked":["Conserve Battery","Beam Cell"],"picked":"Cold Snap","floor":3},{"not_picked":["Rebound","Consume"],"picked":"Sweeping Beam","floor":4},{"not_picked":["Reprogram","Beam Cell"],"picked":"Loop","floor":6},{"not_picked":["White Noise","Rebound+1"],"picked":"Cold Snap+1","floor":7},{"not_picked":["Blizzard+1","Compile Driver+1"],"picked":"Cold Snap+1","floor":10},{"not_picked":["Amplify","Hologram"],"picked":"Capacitor","floor":13},{"not_picked":["Storm","Amplify"],"picked":"Ball Lightning+1","floor":14},{"not_picked":["Rainbow","Buffer"],"picked":"Echo Form","floor":16},{"not_picked":["Ball Lightning+1","Turbo"],"picked":"Gash+1","floor":18},{"not_picked":["Genetic Algorithm","Rebound+1"],"picked":"Hologram","floor":20},{"not_picked":["Leap","Reinforced Body"],"picked":"Sweeping Beam+1","floor":21}],"player_experience":754974,"relics_obtained":[{"floor":6,"key":"Molten Egg 2"},{"floor":14,"key":"Lantern"},{"floor":17,"key":"Oddly Smooth Stone"},{"floor":17,"key":"Gremlin Horn"},{"floor":17,"key":"Ginger"}],"event_choices":[{"damage_healed":0,"gold_gain":0,"player_choice":"Joined the Cult","damage_taken":6,"max_hp_gain":0,"max_hp_loss":0,"event_name":"Nest","floor":19,"gold_loss":0,"cards_obtained":["RitualDagger"]}],"is_beta":false,"boss_relics":[{"not_picked":["Velvet Choker","Fusion Hammer"],"picked":"Calling Bell"}],"items_purged_floors":[5,12],"is_endless":false,"potions_floor_spawned":[4,7,13,16,18],"killed_by":"Slavers","ascension_level":12}