{"gold_per_floor":[109,128,128,140,158,188,200,219,242,242,274,294,314,329,329,429,429,448,448,462,8,8,8,39,57,84,119,131,163,163,175,175,275,275,291,311,311,311,326,351,351,369,369,403,403,434,161,44,44,44,44,44,44,78,78],"floor_reached":55,"playtime":6606,"items_purged":[],"score":1138,"play_id":"966d12a3-63b4-480b-8991-40567ee52482","local_time":"20190916003404","is_ascension_mode":true,"campfire_choices":[{"floor":10,"key":"REST"},{"floor":15,"key":"REST"},{"floor":23,"key":"REST"},{"floor":32,"key":"RECALL"},{"floor":41,"key":"REST"},{"data":"After Image","floor":45,"key":"SMITH"},{"data":"After Image","floor":49,"key":"SMITH"},{"data":"Tools of the Trade","floor":52,"key":"SMITH"}],"neow_cost":"PERCENT_DAMAGE","seed_source_timestamp":276064287514400,"circlet_count":0,"master_deck":["Strike_G","Strike_G+1","Strike_G","Strike_G+1","Defend_G","Defend_G","Defend_G","Defend_G","Defend_G","Survivor","Neutralize","Poisoned Stab","Poisoned Stab","Adrenaline","Quick Slash","PiercingWail","After Image+1","PiercingWail","Blade Dance","Dagger Spray","Tools of the Trade+1","Footwork","Glass Knife","Crippling Poison+1","Slice+1","Escape Plan","Heel Hook+1","Bane+1","Backstab","Cloak And Dagger","Dodge and Roll+1","Storm of Steel","Cloak And Dagger+1","Escape Plan+1","Footwork+1","After Image+1","Sucker Punch+1","Leg Sweep","Well Laid Plans"],"relics":["Ring of the Snake","PreservedInsect","Whetstone","Omamori","Eternal Feather","Toy Ornithopter","Kunai","Nilry\u0027s Codex","Smiling Mask","Bag of Marbles","Mummified Hand","Ice Cream","Runic Pyramid","Question Card","Singing Bowl","Ancient Tea Set","MawBank","Oddly Smooth Stone","Lantern","Ornamental Fan"],"potions_floor_usage":[7,11,12,16,16,19,19,25,27,29,29,42,44,54,55,55],"damage_taken":[{"damage":2,"enemies":"Jaw Worm","floor":1,"turns":5},{"damage":1,"enemies":"Cultist","floor":2,"turns":3},{"damage":0,"enemies":"Small Slimes","floor":4,"turns":3},{"damage":1,"enemies":"Blue Slaver","floor":5,"turns":4},{"damage":34,"enemies":"Gremlin Nob","floor":6,"turns":4},{"damage":0,"enemies":"Red Slaver","floor":7,"turns":3},{"damage":2,"enemies":"Looter","floor":8,"turns":3},{"damage":6,"enemies":"Lagavulin","floor":11,"turns":5},{"damage":0,"enemies":"Gremlin Gang","floor":12,"turns":2},{"damage":0,"enemies":"Exordium Thugs","floor":13,"turns":3},{"damage":0,"enemies":"2 Fungi Beasts","floor":14,"turns":2},{"damage":19,"enemies":"Slime Boss","floor":16,"turns":10},{"damage":3,"enemies":"Chosen","floor":18,"turns":6},{"damage":24,"enemies":"2 Thieves","floor":20,"turns":5},{"damage":11,"enemies":"Slavers","floor":24,"turns":5},{"damage":8,"enemies":"Snake Plant","floor":25,"turns":4},{"damage":21,"enemies":"Book of Stabbing","floor":27,"turns":5},{"damage":23,"enemies":"Chosen and Byrds","floor":28,"turns":7},{"damage":0,"enemies":"Gremlin Leader","floor":29,"turns":3},{"damage":2,"enemies":"3 Cultists","floor":31,"turns":4},{"damage":49,"enemies":"Champ","floor":33,"turns":15},{"damage":3,"enemies":"3 Shapes","floor":35,"turns":4},{"damage":4,"enemies":"Orb Walker","floor":36,"turns":3},{"damage":19,"enemies":"Jaw Worm Horde","floor":39,"turns":6},{"damage":14,"enemies":"Reptomancer","floor":40,"turns":7},{"damage":17,"enemies":"Sphere and 2 Shapes","floor":42,"turns":8},{"damage":3,"enemies":"Nemesis","floor":44,"turns":7},{"damage":8,"enemies":"Reptomancer","floor":46,"turns":8},{"damage":47,"enemies":"Awakened One","floor":50,"turns":22},{"damage":23,"enemies":"Shield and Spear","floor":54,"turns":7},{"damage":91,"enemies":"The Heart","floor":55,"turns":6}],"seed_played":"-7039967577163474936","potions_obtained":[{"floor":4,"key":"Energy Potion"},{"floor":5,"key":"Explosive Potion"},{"floor":6,"key":"GhostInAJar"},{"floor":13,"key":"Weak Potion"},{"floor":14,"key":"SteroidPotion"},{"floor":19,"key":"Strength Potion"},{"floor":19,"key":"Fruit Juice"},{"floor":19,"key":"Fruit Juice"},{"floor":24,"key":"Regen Potion"},{"floor":27,"key":"AttackPotion"},{"floor":28,"key":"Regen Potion"},{"floor":35,"key":"GhostInAJar"},{"floor":36,"key":"PowerPotion"},{"floor":39,"key":"Energy Potion"},{"floor":44,"key":"LiquidBronze"}],"is_trial":false,"path_per_floor":["M","M","?","M","M","E","M","M","T","R","E","M","M","M","R","B",null,"M","?","M","$","?","R","E","M","T","E","M","E","T","M","R","B",null,"M","M","?","?","M","E","R","M","T","E","R","E","$","?","R","B",null,"R","$","E","B"],"character_chosen":"THE_SILENT","items_purchased":["Toy Ornithopter","Kunai","Oddly Smooth Stone","Well Laid Plans","SteroidPotion"],"campfire_rested":4,"item_purchase_floors":[21,21,47,47,47],"current_hp_per_floor":[57,56,56,56,55,21,21,19,19,44,38,38,38,38,63,44,74,71,81,57,57,41,84,73,84,84,68,45,64,64,62,80,31,78,75,71,71,71,52,38,87,75,75,79,96,88,88,88,96,49,84,96,96,75,0],"gold":78,"neow_bonus":"TWENTY_PERCENT_HP_BONUS","is_prod":false,"is_daily":false,"chose_seed":false,"campfire_upgraded":3,"win_rate":0,"timestamp":1568608444,"path_taken":["M","M","?","M","M","E","M","M","T","R","E","M","M","M","R","BOSS","M","?","?","$","?","R","E","M","T","E","M","E","?","M","R","BOSS","M","M","?","?","?","E","R","M","T","E","R","E","$","?","R","BOSS","R","$","E","BOSS"],"build_version":"2019-07-17","purchased_purges":0,"victory":false,"max_hp_per_floor":[84,84,84,84,84,84,84,84,84,84,84,84,84,84,84,84,84,84,94,94,94,94,94,94,94,94,94,94,94,94,94,94,94,94,94,94,94,94,94,94,94,94,94,96,96,96,96,96,96,96,96,96,96,98,98],"card_choices":[{"not_picked":["Setup","PiercingWail"],"picked":"Poisoned Stab","floor":1},{"not_picked":["Underhanded Strike","Quick Slash"],"picked":"Poisoned Stab","floor":2},{"not_picked":["Skewer","PiercingWail"],"picked":"Adrenaline","floor":4},{"not_picked":["Dagger Spray","Deflect"],"picked":"Quick Slash","floor":5},{"not_picked":["Blade Dance","Acrobatics"],"picked":"PiercingWail","floor":6},{"not_picked":["Poisoned Stab","Terror"],"picked":"After Image","floor":7},{"not_picked":["Flying Knee","Endless Agony"],"picked":"PiercingWail","floor":8},{"not_picked":["Underhanded Strike","Accuracy"],"picked":"Blade Dance","floor":11},{"not_picked":["Infinite Blades","Backflip"],"picked":"Dagger Spray","floor":12},{"not_picked":["Sucker Punch","Flying Knee"],"picked":"Tools of the Trade","floor":13},{"not_picked":["Outmaneuver","Setup"],"picked":"Footwork","floor":14},{"not_picked":["Night Terror","Corpse Explosion"],"picked":"Glass Knife","floor":16},{"not_picked":["Blade Dance","Blur"],"picked":"Crippling Poison+1","floor":18},{"not_picked":["PiercingWail","Dagger Spray"],"picked":"Slice+1","floor":20},{"not_picked":["Skewer","Finisher"],"picked":"Escape Plan","floor":24},{"not_picked":["Flying Knee","Tools of the Trade"],"picked":"Heel Hook+1","floor":25},{"not_picked":["Blur","Blade Dance"],"picked":"Bane+1","floor":27},{"not_picked":["Dagger Spray","All Out Attack"],"picked":"Backstab","floor":28},{"not_picked":["Dodge and Roll+1","Expertise"],"picked":"Cloak And Dagger","floor":29},{"not_picked":["Underhanded Strike","Flechettes"],"picked":"Dodge and Roll+1","floor":31},{"not_picked":["Bullet Time","Burst"],"picked":"Storm of Steel","floor":33},{"not_picked":["Quick Slash+1","Predator+1"],"picked":"Cloak And Dagger+1","floor":35},{"not_picked":["Dagger Throw+1","Choke+1"],"picked":"Escape Plan+1","floor":36},{"not_picked":["Bane+1","Backstab+1"],"picked":"Footwork+1","floor":39},{"not_picked":["Dagger Spray+1","Deadly Poison+1"],"picked":"After Image","floor":40},{"not_picked":["Eviscerate+1","Prepared","Underhanded Strike+1"],"picked":"Sucker Punch+1","floor":42},{"not_picked":["Bane+1","PiercingWail+1","Backflip+1","Reflex+1"],"picked":"Singing Bowl","floor":44},{"not_picked":["Backflip","Prepared","Unload"],"picked":"Leg Sweep","floor":46},{"not_picked":["Underhanded Strike+1","Endless Agony","Finisher+1","Skewer"],"picked":"Singing Bowl","floor":54}],"player_experience":642787,"relics_obtained":[{"floor":6,"key":"PreservedInsect"},{"floor":9,"key":"Whetstone"},{"floor":11,"key":"Omamori"},{"floor":22,"key":"Nilry\u0027s Codex"},{"floor":24,"key":"Smiling Mask"},{"floor":27,"key":"Bag of Marbles"},{"floor":29,"key":"Mummified Hand"},{"floor":30,"key":"Ice Cream"},{"floor":40,"key":"Question Card"},{"floor":43,"key":"Singing Bowl"},{"floor":44,"key":"Ancient Tea Set"},{"floor":46,"key":"MawBank"},{"floor":54,"key":"Ornamental Fan"}],"event_choices":[{"cards_removed":["Strike_G"],"damage_healed":0,"gold_gain":0,"player_choice":"Offered Basic","damage_taken":0,"max_hp_gain":0,"max_hp_loss":0,"event_name":"Bonfire Elementals","floor":3,"gold_loss":0},{"damage_healed":0,"gold_gain":0,"player_choice":"Got Potions","damage_taken":0,"max_hp_gain":0,"max_hp_loss":0,"event_name":"Lab","floor":19,"gold_loss":0},{"damage_healed":0,"gold_gain":0,"player_choice":"Obtained Book","damage_taken":16,"max_hp_gain":0,"max_hp_loss":0,"event_name":"Cursed Tome","floor":22,"gold_loss":0},{"damage_healed":0,"gold_gain":0,"player_choice":"Ignored","damage_taken":0,"max_hp_gain":0,"max_hp_loss":0,"event_name":"Tomb of Lord Red Mask","floor":37,"gold_loss":0},{"damage_healed":0,"gold_gain":0,"player_choice":"Ignored","damage_taken":0,"max_hp_gain":0,"max_hp_loss":0,"event_name":"SecretPortal","floor":38,"gold_loss":0},{"damage_healed":0,"gold_gain":0,"player_choice":"Paid Gold","damage_taken":0,"relics_obtained":["Lantern"],"max_hp_gain":0,"max_hp_loss":0,"event_name":"WeMeetAgain","floor":48,"gold_loss":117}],"is_beta":false,"boss_relics":[{"not_picked":["Cursed Key","Ring of the Serpent"],"picked":"Eternal Feather"},{"not_picked":["Sozu","Runic Dome"],"picked":"Runic Pyramid"}],"items_purged_floors":[],"is_endless":false,"potions_floor_spawned":[4,5,6,13,14,24,27,28,35,36,39,44],"killed_by":"The Heart","ascension_level":7}