{"gold_per_floor":[119,131,149,165,179,205,205,216,269,288,315,315,340,354,354,452,502,512,497,511,525,37,37,57,57],"floor_reached":25,"playtime":1374,"items_purged":[],"score":254,"play_id":"1a189ce2-b179-4ec9-9b80-efd68fe68a59","local_time":"20181228213224","is_ascension_mode":true,"campfire_choices":[{"data":"Dash","floor":7,"key":"SMITH"},{"floor":15,"key":"REST"},{"floor":23,"key":"REST"}],"neow_cost":"NONE","seed_source_timestamp":707321090372735,"circlet_count":0,"master_deck":["Defend_G","Defend_G","Defend_G","Defend_G","Defend_G","Strike_G","Strike_G","Strike_G","Strike_G","Strike_G","Survivor","Neutralize","Flying Knee","Leg Sweep","Dash+1","Poisoned Stab","Crippling Poison","Caltrops","Backstab+1","Choke","Caltrops","PiercingWail","Enlightenment","Unload","PiercingWail","After Image","Flying Knee","Dodge and Roll","Cloak And Dagger+1","Blur","Infinite Blades","Tactician+1","Dash"],"relics":["Ring of the Snake","Boot","Snake Skull","Girya","Singing Bowl","Tiny House","Toxic Egg 2","Pen Nib"],"potions_floor_usage":[6,6,11,21,25],"damage_taken":[{"damage":0,"enemies":"Cultist","floor":1,"turns":4},{"damage":0,"enemies":"Jaw Worm","floor":2,"turns":5},{"damage":0,"enemies":"Small Slimes","floor":3,"turns":3},{"damage":0,"enemies":"Looter","floor":4,"turns":3},{"damage":6,"enemies":"Lots of Slimes","floor":5,"turns":4},{"damage":19,"enemies":"Lagavulin","floor":6,"turns":6},{"damage":0,"enemies":"3 Louse","floor":8,"turns":3},{"damage":1,"enemies":"Exordium Wildlife","floor":10,"turns":3},{"damage":19,"enemies":"3 Sentries","floor":11,"turns":8},{"damage":3,"enemies":"Gremlin Nob","floor":13,"turns":4},{"damage":0,"enemies":"Red Slaver","floor":14,"turns":2},{"damage":38,"enemies":"Slime Boss","floor":16,"turns":13},{"damage":28,"enemies":"Chosen","floor":18,"turns":7},{"damage":17,"enemies":"2 Thieves","floor":19,"turns":4},{"damage":13,"enemies":"Snecko","floor":20,"turns":5},{"damage":11,"enemies":"Snake Plant","floor":21,"turns":3},{"damage":13,"enemies":"Centurion and Healer","floor":24,"turns":8},{"damage":23,"enemies":"Gremlin Leader","floor":25,"turns":2}],"seed_played":"3407227328559396054","potions_obtained":[{"floor":1,"key":"SmokeBomb"},{"floor":2,"key":"FearPotion"},{"floor":5,"key":"Strength Potion"},{"floor":6,"key":"GhostInAJar"},{"floor":16,"key":"GamblersBrew"},{"floor":17,"key":"Poison Potion"},{"floor":19,"key":"Swift Potion"},{"floor":24,"key":"Poison Potion"}],"is_trial":false,"path_per_floor":["M","M","M","M","M","E","R","M","T","M","E","?","E","M","R","B",null,"M","M","M","M","$","R","M","E"],"character_chosen":"THE_SILENT","items_purchased":["Toxic Egg 2","Pen Nib","Infinite Blades","Tactician+1"],"campfire_rested":2,"item_purchase_floors":[22,22,22,22],"current_hp_per_floor":[70,70,70,70,64,45,45,45,45,44,25,25,22,22,43,5,75,47,30,17,8,8,31,18,0],"gold":57,"neow_bonus":"THREE_CARDS","is_prod":false,"is_daily":false,"chose_seed":false,"campfire_upgraded":1,"win_rate":0,"timestamp":1546050744,"path_taken":["M","?","M","M","M","E","R","M","T","M","E","?","E","M","R","BOSS","M","M","M","?","$","R","M","E"],"build_version":"2018-12-20","purchased_purges":0,"victory":false,"max_hp_per_floor":[70,70,70,70,70,70,70,70,70,70,70,70,70,70,70,70,75,75,75,75,77,77,77,77,77],"card_choices":[{"not_picked":["Cloak And Dagger","Bane"],"picked":"Flying Knee","floor":0},{"not_picked":["Escape Plan","Bane"],"picked":"Leg Sweep","floor":1},{"not_picked":["Bane","PiercingWail"],"picked":"Dash","floor":2},{"not_picked":["Cloak And Dagger","Blade Dance"],"picked":"Poisoned Stab","floor":3},{"not_picked":["Setup","Deflect"],"picked":"Crippling Poison","floor":4},{"not_picked":["Dagger Spray","Prepared"],"picked":"Caltrops","floor":5},{"not_picked":["Deadly Poison","Deflect"],"picked":"Backstab","floor":6},{"not_picked":["Masterful Stab","Underhanded Strike"],"picked":"Choke","floor":8},{"not_picked":["Accuracy","Setup"],"picked":"Caltrops","floor":10},{"not_picked":["Prepared","Catalyst"],"picked":"PiercingWail","floor":11},{"not_picked":["Blade Dance","Expertise"],"picked":"Unload","floor":13},{"not_picked":["Sucker Punch","Masterful Stab"],"picked":"PiercingWail","floor":14},{"not_picked":["Grand Finale","Tools of the Trade"],"picked":"After Image","floor":16},{"not_picked":["Backflip","Dagger Spray"],"picked":"Flying Knee","floor":17},{"not_picked":["Acrobatics+1","Outmaneuver+1"],"picked":"Dodge and Roll","floor":18},{"not_picked":["Unload","Bane"],"picked":"Cloak And Dagger+1","floor":19},{"not_picked":["Underhanded Strike+1","Riddle With Holes"],"picked":"Blur","floor":20},{"not_picked":["Outmaneuver+1","Underhanded Strike","Terror+1"],"picked":"Singing Bowl","floor":21},{"not_picked":["Flying Knee","Deflect+1"],"picked":"Dash","floor":24}],"player_experience":256663,"relics_obtained":[{"floor":6,"key":"Boot"},{"floor":9,"key":"Snake Skull"},{"floor":11,"key":"Girya"},{"floor":13,"key":"Singing Bowl"}],"event_choices":[{"damage_healed":0,"gold_gain":0,"player_choice":"1 cards matched","damage_taken":0,"max_hp_gain":0,"max_hp_loss":0,"event_name":"Match and Keep!","floor":12,"gold_loss":0,"cards_obtained":["Enlightenment"]}],"is_beta":false,"boss_relics":[{"not_picked":["Orrery","Ring of the Serpent"],"picked":"Tiny House"}],"items_purged_floors":[],"is_endless":false,"potions_floor_spawned":[1,2,5,6,16,19,24],"killed_by":"Gremlin Leader","ascension_level":2}