{"gold_per_floor":[113,124,140,123,9,36,36,211,211,246,246,246,262,278,278,377,427,415,428,428,428],"floor_reached":21,"playtime":1222,"items_purged":["Defend_R"],"score":292,"play_id":"77f5ef0f-d12a-436a-b3da-37df615ddb99","local_time":"20190910110514","is_ascension_mode":true,"campfire_choices":[{"floor":7,"key":"REST"},{"floor":11,"key":"REST"},{"floor":15,"key":"REST"}],"neow_cost":"PERCENT_DAMAGE","seed_source_timestamp":323158744803500,"circlet_count":0,"master_deck":["Strike_R","Strike_R","Strike_R","Strike_R","Strike_R","Defend_R","Defend_R","Defend_R","Bash","Feed","Havoc","Shrug It Off","Thunderclap","Inflame","Spot Weakness","Perfected Strike","Havoc","Carnage","Cleave+1","Double Tap","Wild Strike","Havoc+1","Infernal Blade","Feed"],"relics":["Burning Blood","Turnip","Champion Belt","Shovel","Tiny House"],"potions_floor_usage":[16,21,21,21],"damage_taken":[{"damage":2,"enemies":"Small Slimes","floor":1,"turns":4},{"damage":12,"enemies":"Jaw Worm","floor":2,"turns":3},{"damage":0,"enemies":"Cultist","floor":3,"turns":4},{"damage":17,"enemies":"Exordium Thugs","floor":4,"turns":4},{"damage":37,"enemies":"3 Sentries","floor":6,"turns":6},{"damage":50,"enemies":"Lagavulin","floor":10,"turns":6},{"damage":15,"enemies":"Large Slime","floor":13,"turns":6},{"damage":9,"enemies":"Exordium Wildlife","floor":14,"turns":3},{"damage":41,"enemies":"Slime Boss","floor":16,"turns":11},{"damage":28,"enemies":"2 Thieves","floor":18,"turns":4},{"damage":40,"enemies":"Shell Parasite","floor":19,"turns":6},{"damage":36,"enemies":"Centurion and Healer","floor":21,"turns":5}],"seed_played":"5000742748817380430","potions_obtained":[{"floor":6,"key":"FearPotion"},{"floor":14,"key":"SpeedPotion"},{"floor":17,"key":"GamblersBrew"},{"floor":19,"key":"Swift Potion"}],"is_trial":false,"path_per_floor":["M","M","M","M","$","E","R","?","T","E","R","?","M","M","R","B",null,"M","M","?","M"],"character_chosen":"IRONCLAD","items_purchased":["Spot Weakness"],"campfire_rested":3,"item_purchase_floors":[5],"current_hp_per_floor":[58,55,64,56,56,28,56,56,56,15,44,37,31,31,62,27,90,68,34,34,0],"gold":428,"neow_bonus":"THREE_RARE_CARDS","is_prod":false,"is_daily":false,"chose_seed":false,"campfire_upgraded":0,"win_rate":0,"timestamp":1568127914,"path_taken":["M","M","M","M","$","E","R","?","T","E","R","?","M","M","R","BOSS","M","M","?","M"],"build_version":"2019-07-17","purchased_purges":1,"victory":false,"max_hp_per_floor":[83,86,89,92,92,95,95,95,95,98,98,98,101,104,104,104,109,109,109,109,109],"card_choices":[{"not_picked":["Immolate","Brutality"],"picked":"Feed","floor":0},{"not_picked":["Body Slam","Clothesline"],"picked":"Havoc","floor":1},{"not_picked":["Heavy Blade","Corruption"],"picked":"Shrug It Off","floor":2},{"not_picked":["Havoc","Cleave"],"picked":"Thunderclap","floor":3},{"not_picked":["Combust","Heavy Blade"],"picked":"Inflame","floor":4},{"not_picked":["Dark Embrace","Anger"],"picked":"Perfected Strike","floor":6},{"not_picked":["Armaments","Metallicize"],"picked":"Havoc","floor":10},{"not_picked":["Wild Strike","Shrug It Off"],"picked":"Carnage","floor":13},{"not_picked":["Heavy Blade","Disarm"],"picked":"Cleave","floor":14},{"not_picked":["Exhume","Immolate"],"picked":"Double Tap","floor":16},{"not_picked":["Armaments","Body Slam"],"picked":"Wild Strike","floor":17},{"not_picked":["Clothesline","Pommel Strike"],"picked":"Havoc+1","floor":18},{"not_picked":["Combust+1","Headbutt"],"picked":"Infernal Blade","floor":19}],"player_experience":526353,"relics_obtained":[{"floor":6,"key":"Turnip"},{"floor":9,"key":"Champion Belt"},{"floor":10,"key":"Shovel"}],"event_choices":[{"damage_healed":0,"gold_gain":175,"player_choice":"AGREE","damage_taken":0,"max_hp_gain":0,"max_hp_loss":0,"event_name":"Liars Game","floor":8,"gold_loss":0,"cards_obtained":["Doubt"]},{"cards_removed":["Doubt"],"damage_healed":0,"gold_gain":0,"player_choice":"Card Removal","damage_taken":7,"max_hp_gain":0,"max_hp_loss":0,"event_name":"Golden Wing","floor":12,"gold_loss":0},{"damage_healed":0,"gold_gain":0,"player_choice":"Copied","damage_taken":0,"max_hp_gain":0,"max_hp_loss":0,"event_name":"Duplicator","floor":20,"gold_loss":0,"cards_obtained":["Feed"]}],"is_beta":false,"boss_relics":[{"not_picked":["Sozu","Astrolabe"],"picked":"Tiny House"}],"items_purged_floors":[5],"is_endless":false,"potions_floor_spawned":[6,14,19],"killed_by":"Centurion and Healer","ascension_level":8}