{"gold_per_floor":[112,37,48,61,61,95,113,144,144,144],"floor_reached":10,"playtime":374,"items_purged":["Strike_B"],"score":119,"play_id":"00e57a15-8909-4f59-834e-dbd94be4b0df","local_time":"20190508193449","is_ascension_mode":true,"campfire_choices":[],"neow_cost":"NONE","seed_source_timestamp":2067022110113,"circlet_count":0,"master_deck":["Strike_B","Strike_B","Strike_B","Defend_B","Defend_B","Defend_B","Defend_B","Zap","Dualcast","Fusion","Turbo","Sunder","Regret","Genetic Algorithm","Sunder","Skim"],"relics":["Cracked Core","Potion Belt","Pear","Oddly Smooth Stone","Frozen Egg 2"],"potions_floor_usage":[8,10,10],"damage_taken":[{"damage":6,"enemies":"Cultist","floor":1,"turns":4},{"damage":3,"enemies":"2 Louse","floor":3,"turns":2},{"damage":7,"enemies":"Small Slimes","floor":4,"turns":3},{"damage":36,"enemies":"Gremlin Nob","floor":6,"turns":4},{"damage":14,"enemies":"2 Fungi Beasts","floor":7,"turns":3},{"damage":18,"enemies":"3 Sentries","floor":8,"turns":5},{"damage":12,"enemies":"Gremlin Nob","floor":10,"turns":2}],"seed_played":"-5620991281506566850","potions_obtained":[{"floor":1,"key":"AttackPotion"},{"floor":6,"key":"FocusPotion"},{"floor":8,"key":"Poison Potion"}],"is_trial":false,"path_per_floor":["M","$","M","M","?","E","M","E","T","E"],"character_chosen":"DEFECT","items_purchased":[],"campfire_rested":0,"item_purchase_floors":[],"current_hp_per_floor":[76,76,73,66,66,40,26,8,8,0],"gold":144,"neow_bonus":"TEN_PERCENT_HP_BONUS","is_prod":false,"is_daily":false,"chose_seed":false,"campfire_upgraded":0,"win_rate":0,"timestamp":1557340489,"path_taken":["M","$","M","?","?","E","M","E","T","E"],"build_version":"2019-01-23","purchased_purges":1,"victory":false,"max_hp_per_floor":[82,82,82,82,82,92,92,92,92,92],"card_choices":[{"not_picked":["Streamline","Ball Lightning"],"picked":"Fusion","floor":1},{"not_picked":["Undo","Chill"],"picked":"Turbo","floor":3},{"not_picked":["Beam Cell","Barrage"],"picked":"Sunder","floor":4},{"not_picked":["Go for the Eyes","Self Repair"],"picked":"Genetic Algorithm","floor":6},{"not_picked":["Leap","Defragment"],"picked":"Sunder","floor":7},{"not_picked":["Loop","Redo"],"picked":"Skim","floor":8}],"player_experience":220421,"relics_obtained":[{"floor":6,"key":"Pear"},{"floor":8,"key":"Oddly Smooth Stone"},{"floor":9,"key":"Frozen Egg 2"}],"event_choices":[{"damage_healed":0,"gold_gain":0,"player_choice":"Box","damage_taken":0,"relics_obtained":["Potion Belt"],"max_hp_gain":0,"max_hp_loss":0,"event_name":"Big Fish","floor":5,"gold_loss":0,"cards_obtained":["Regret"]}],"is_beta":false,"boss_relics":[],"items_purged_floors":[2],"is_endless":false,"potions_floor_spawned":[1,6,8],"killed_by":"Gremlin Nob","ascension_level":4}