{"gold_per_floor":[117,117,42,59,9,9,37,37,37,65,65,98,112,112,112,212,212,227,227,227,244,244,273,273,273,273,307,232,232,246,257,257,257],"floor_reached":33,"playtime":1965,"items_purged":["Strike_R"],"score":429,"play_id":"4ea67e10-dd04-47d8-ba23-7a51b07f5270","local_time":"20190925184037","is_ascension_mode":true,"campfire_choices":[{"data":"Bash","floor":6,"key":"SMITH"},{"data":"Armaments","floor":8,"key":"SMITH"},{"data":"Carnage","floor":11,"key":"SMITH"},{"data":"Pommel Strike","floor":15,"key":"SMITH"},{"data":"Rage","floor":24,"key":"SMITH"},{"data":"Rage","floor":29,"key":"SMITH"},{"data":"Rampage","floor":32,"key":"SMITH"}],"neow_cost":"NONE","seed_source_timestamp":541105491169900,"circlet_count":0,"master_deck":["Strike_R","Strike_R","Strike_R","Defend_R+1","Defend_R","Defend_R","Bash+1","Seeing Red","Pommel Strike+1","Armaments+1","Carnage+1","Rage+1","Bludgeon","Rage+1","Havoc+1","Anger+1","Fire Breathing+1","Reckless Charge","Rampage+1"],"relics":["Burning Blood","Regal Pillow","Self Forming Clay","Meat on the Bone","Pear","Oddly Smooth Stone","Coffee Dripper","Nilry\u0027s Codex","War Paint","Darkstone Periapt","Omamori"],"potions_floor_usage":[16,33,33,33],"damage_taken":[{"damage":14,"enemies":"Jaw Worm","floor":1,"turns":5},{"damage":2,"enemies":"Small Slimes","floor":4,"turns":6},{"damage":20,"enemies":"Gremlin Nob","floor":7,"turns":4},{"damage":29,"enemies":"Lagavulin","floor":10,"turns":5},{"damage":16,"enemies":"Gremlin Nob","floor":12,"turns":3},{"damage":0,"enemies":"2 Louse","floor":13,"turns":2},{"damage":34,"enemies":"Hexaghost","floor":16,"turns":9},{"damage":0,"enemies":"2 Thieves","floor":18,"turns":3},{"damage":0,"enemies":"3 Byrds","floor":21,"turns":8},{"damage":19,"enemies":"Slavers","floor":23,"turns":6},{"damage":27,"enemies":"Book of Stabbing","floor":27,"turns":6},{"damage":1,"enemies":"Snecko","floor":30,"turns":3},{"damage":0,"enemies":"Sentry and Sphere","floor":31,"turns":3},{"damage":116,"enemies":"Collector","floor":33,"turns":14}],"seed_played":"-6809753918855146784","potions_obtained":[{"floor":7,"key":"BloodPotion"},{"floor":12,"key":"GamblersBrew"},{"floor":23,"key":"BloodPotion"},{"floor":30,"key":"SpeedPotion"},{"floor":31,"key":"SneckoOil"}],"is_trial":false,"path_per_floor":["M","?","$","M","?","R","E","R","T","E","R","E","M","?","R","B",null,"M","?","?","M","?","E","R","?","T","E","?","R","M","M","R","B"],"character_chosen":"IRONCLAD","items_purchased":[],"campfire_rested":0,"item_purchase_floors":[],"current_hp_per_floor":[64,69,69,73,73,73,59,59,59,58,58,60,66,66,66,50,84,90,90,90,95,79,66,66,47,47,38,38,38,55,61,61,0],"gold":257,"neow_bonus":"RANDOM_COMMON_RELIC","is_prod":false,"is_daily":false,"chose_seed":false,"campfire_upgraded":7,"win_rate":0,"timestamp":1569433237,"path_taken":["M","?","$","M","?","R","E","R","T","E","R","E","M","?","R","BOSS","M","?","?","M","?","E","R","?","T","E","?","R","M","?","R","BOSS"],"build_version":"2019-07-17","purchased_purges":1,"victory":false,"max_hp_per_floor":[80,85,85,85,85,85,85,85,85,95,95,95,95,95,95,95,95,95,95,95,95,95,95,95,100,100,100,100,100,100,100,100,100],"card_choices":[{"not_picked":["Pommel Strike","Warcry"],"picked":"Seeing Red","floor":1},{"not_picked":["Twin Strike","Dual Wield"],"picked":"Pommel Strike","floor":4},{"not_picked":["Twin Strike","Sword Boomerang"],"picked":"Armaments","floor":7},{"not_picked":["Heavy Blade","Cleave"],"picked":"Carnage","floor":10},{"not_picked":["Body Slam","Wild Strike"],"picked":"Rage","floor":12},{"not_picked":["Thunderclap","Clothesline","Twin Strike"],"picked":"SKIP","floor":13},{"not_picked":["Immolate","Offering"],"picked":"Bludgeon","floor":16},{"not_picked":["Power Through","Metallicize"],"picked":"Rage","floor":18},{"not_picked":["Heavy Blade","Wild Strike"],"picked":"Anger+1","floor":21},{"not_picked":["Bludgeon","Evolve"],"picked":"Fire Breathing+1","floor":23},{"not_picked":["Cleave","Heavy Blade"],"picked":"Reckless Charge","floor":27},{"not_picked":["Cleave","Sever Soul","Second Wind+1"],"picked":"SKIP","floor":30},{"not_picked":["Headbutt","True Grit"],"picked":"Rampage","floor":31}],"player_experience":394176,"relics_obtained":[{"floor":7,"key":"Self Forming Clay"},{"floor":9,"key":"Meat on the Bone"},{"floor":10,"key":"Pear"},{"floor":12,"key":"Oddly Smooth Stone"},{"floor":22,"key":"Nilry\u0027s Codex"},{"floor":23,"key":"War Paint"},{"floor":26,"key":"Darkstone Periapt"},{"floor":27,"key":"Omamori"}],"event_choices":[{"damage_healed":0,"gold_gain":0,"player_choice":"Donut","damage_taken":0,"max_hp_gain":5,"max_hp_loss":0,"event_name":"Big Fish","floor":2,"gold_loss":0},{"cards_removed":["Strike_R"],"damage_healed":0,"gold_gain":0,"player_choice":"Card Removal","damage_taken":0,"max_hp_gain":0,"max_hp_loss":0,"event_name":"The Cleric","floor":5,"gold_loss":50},{"damage_healed":0,"gold_gain":0,"player_choice":"Ignored","damage_taken":0,"max_hp_gain":0,"max_hp_loss":0,"event_name":"Liars Game","floor":14,"gold_loss":0},{"damage_healed":0,"gold_gain":0,"player_choice":"Ignored","damage_taken":0,"max_hp_gain":0,"max_hp_loss":0,"event_name":"Ghosts","floor":19,"gold_loss":0},{"damage_healed":0,"gold_gain":0,"player_choice":"Read","damage_taken":0,"max_hp_gain":0,"max_hp_loss":0,"event_name":"The Library","floor":20,"gold_loss":0,"cards_obtained":["Havoc"]},{"damage_healed":0,"gold_gain":0,"player_choice":"Obtained Book","damage_taken":16,"max_hp_gain":0,"max_hp_loss":0,"event_name":"Cursed Tome","floor":22,"gold_loss":0},{"damage_healed":0,"gold_gain":0,"player_choice":"Shed Blood","damage_taken":24,"max_hp_gain":5,"max_hp_loss":0,"event_name":"Forgotten Altar","floor":25,"gold_loss":0},{"cards_removed":["Defend_R"],"damage_healed":0,"gold_gain":0,"player_choice":"Gave Gold","damage_taken":0,"max_hp_gain":0,"max_hp_loss":0,"event_name":"Beggar","floor":28,"gold_loss":75}],"is_beta":false,"boss_relics":[{"not_picked":["Runic Cube","Astrolabe"],"picked":"Coffee Dripper"}],"items_purged_floors":[3],"is_endless":false,"potions_floor_spawned":[7,12,23,30,31],"killed_by":"Collector","ascension_level":7}