{"gold_per_floor":[111,125,145,22,37,37,57,74,74,94,94,128,147,147],"floor_reached":14,"playtime":650,"items_purged":[],"score":164,"play_id":"4ca82165-868a-4927-ba7a-900dab13e1b8","local_time":"20190910173403","is_ascension_mode":true,"campfire_choices":[{"data":"Feed","floor":6,"key":"SMITH"}],"neow_cost":"TEN_PERCENT_HP_LOSS","seed_source_timestamp":347060113189300,"circlet_count":0,"master_deck":["Strike_R","Strike_R","Strike_R","Strike_R+1","Strike_R","Defend_R","Defend_R+1","Defend_R","Defend_R+1","Bash","Feed+1","Clothesline","Uppercut","Bloodletting","Seeing Red","Mind Blast+1","Flame Barrier","Wild Strike","Spot Weakness","Iron Wave","Reaper","Thunderclap"],"relics":["Burning Blood","War Paint","Dodecahedron"],"potions_floor_usage":[12,13],"damage_taken":[{"damage":6,"enemies":"Cultist","floor":1,"turns":3},{"damage":12,"enemies":"Small Slimes","floor":2,"turns":7},{"damage":15,"enemies":"Jaw Worm","floor":3,"turns":5},{"damage":10,"enemies":"Large Slime","floor":5,"turns":7},{"damage":13,"enemies":"Blue Slaver","floor":7,"turns":6},{"damage":0,"enemies":"2 Fungi Beasts","floor":8,"turns":3},{"damage":18,"enemies":"Lots of Slimes","floor":10,"turns":6},{"damage":27,"enemies":"Gremlin Nob","floor":12,"turns":4},{"damage":23,"enemies":"Gremlin Gang","floor":13,"turns":6},{"damage":31,"enemies":"Lagavulin","floor":14,"turns":5}],"seed_played":"-161230442199428933","potions_obtained":[{"floor":2,"key":"LiquidBronze"},{"floor":3,"key":"SteroidPotion"},{"floor":7,"key":"LiquidBronze"},{"floor":8,"key":"Strength Potion"}],"is_trial":false,"path_per_floor":["M","M","M","$","M","R","M","M","T","M","?","E","M","E"],"character_chosen":"IRONCLAD","items_purchased":["Seeing Red","Mind Blast"],"campfire_rested":0,"item_purchase_floors":[4,4],"current_hp_per_floor":[75,72,66,66,65,65,62,72,72,64,45,24,20,0],"gold":147,"neow_bonus":"THREE_RARE_CARDS","is_prod":false,"is_daily":false,"chose_seed":false,"campfire_upgraded":1,"win_rate":0,"timestamp":1568151243,"path_taken":["M","M","M","$","?","R","?","M","T","M","?","E","M","E"],"build_version":"2019-07-17","purchased_purges":0,"victory":false,"max_hp_per_floor":[75,78,81,81,84,84,88,92,92,96,96,96,100,100],"card_choices":[{"not_picked":["Brutality","Juggernaut"],"picked":"Feed","floor":0},{"not_picked":["Headbutt","Warcry"],"picked":"Clothesline","floor":1},{"not_picked":["Clash","Warcry"],"picked":"Uppercut","floor":2},{"not_picked":["Feel No Pain","Warcry"],"picked":"Bloodletting","floor":3},{"not_picked":["Havoc","Flex"],"picked":"Flame Barrier","floor":5},{"not_picked":["Blood for Blood","Iron Wave"],"picked":"Wild Strike","floor":7},{"not_picked":["Rampage","Perfected Strike"],"picked":"Spot Weakness","floor":8},{"not_picked":["Sentinel","Metallicize"],"picked":"Iron Wave","floor":10},{"not_picked":["Headbutt","Body Slam"],"picked":"Reaper","floor":12},{"not_picked":["Body Slam","Seeing Red"],"picked":"Thunderclap","floor":13}],"player_experience":548436,"relics_obtained":[{"floor":9,"key":"War Paint"},{"floor":12,"key":"Dodecahedron"}],"event_choices":[{"damage_healed":0,"gold_gain":0,"player_choice":"Entered Light","damage_taken":19,"max_hp_gain":0,"max_hp_loss":0,"event_name":"Shining Light","floor":11,"gold_loss":0,"cards_upgraded":["Mind Blast","Strike_R"]}],"is_beta":false,"boss_relics":[],"items_purged_floors":[],"is_endless":false,"potions_floor_spawned":[2,3,7,8],"killed_by":"Lagavulin","ascension_level":9}