{"gold_per_floor":[110,130,147,166,166,166,191,191,191,220,238,238,273,283,283,387,387,370,370,370,385,385],"floor_reached":22,"playtime":1642,"items_purged":[],"score":309,"play_id":"1de605ce-bb22-4568-a9e4-07102b30bf8f","local_time":"20190921002632","is_ascension_mode":true,"campfire_choices":[{"data":"Well Laid Plans","floor":6,"key":"SMITH"},{"floor":8,"key":"REST"},{"floor":15,"key":"REST"}],"neow_cost":"NONE","seed_source_timestamp":26987888082961,"circlet_count":0,"master_deck":["AscendersBane","Strike_G","Strike_G","Strike_G","Defend_G","Defend_G","Defend_G","Defend_G","Defend_G","Survivor","Neutralize","Cloak And Dagger","PiercingWail","Catalyst","Well Laid Plans+1","A Thousand Cuts","Cloak And Dagger+1","Terror+1","Catalyst+1","Backflip+1","A Thousand Cuts","Poisoned Stab","Poisoned Stab"],"relics":["Ring of the Snake","Potion Belt","Toxic Egg 2","Turnip","Bag of Preparation","Empty Cage","Art of War"],"potions_floor_usage":[10,13,14,14,22],"damage_taken":[{"damage":8,"enemies":"Cultist","floor":1,"turns":5},{"damage":0,"enemies":"Jaw Worm","floor":2,"turns":5},{"damage":1,"enemies":"Small Slimes","floor":3,"turns":6},{"damage":4,"enemies":"Looter","floor":4,"turns":5},{"damage":14,"enemies":"Lagavulin","floor":7,"turns":9},{"damage":29,"enemies":"3 Sentries","floor":10,"turns":8},{"damage":12,"enemies":"Large Slime","floor":11,"turns":6},{"damage":14,"enemies":"Gremlin Nob","floor":13,"turns":4},{"damage":0,"enemies":"Exordium Wildlife","floor":14,"turns":4},{"damage":14,"enemies":"The Guardian","floor":16,"turns":11},{"damage":6,"enemies":"2 Thieves","floor":18,"turns":4},{"damage":15,"enemies":"Shell Parasite","floor":21,"turns":10},{"damage":42,"enemies":"3 Cultists","floor":22,"turns":5}],"seed_played":"7929119836737063946","potions_obtained":[{"floor":1,"key":"Explosive Potion"},{"floor":3,"key":"EssenceOfSteel"},{"floor":4,"key":"Strength Potion"},{"floor":7,"key":"Energy Potion"},{"floor":16,"key":"SkillPotion"},{"floor":21,"key":"SpeedPotion"}],"is_trial":false,"path_per_floor":["M","M","M","M","?","R","E","R","T","E","M","?","E","M","R","B",null,"M","?","?","M","M"],"character_chosen":"THE_SILENT","items_purchased":[],"campfire_rested":2,"item_purchase_floors":[],"current_hp_per_floor":[55,55,54,50,50,50,36,57,57,28,16,16,2,2,23,9,55,49,49,49,34,0],"gold":385,"neow_bonus":"THREE_CARDS","is_prod":false,"is_daily":false,"chose_seed":false,"campfire_upgraded":1,"win_rate":0,"timestamp":1569018392,"path_taken":["M","?","M","M","?","R","E","R","T","E","M","?","E","M","R","BOSS","M","?","?","M","M"],"build_version":"2019-07-17","purchased_purges":0,"victory":false,"max_hp_per_floor":[70,70,70,70,70,70,70,70,70,70,70,70,70,70,70,70,70,70,70,70,70,70],"card_choices":[{"not_picked":["Prepared","Calculated Gamble"],"picked":"Cloak And Dagger","floor":0},{"not_picked":["Riddle With Holes","Outmaneuver"],"picked":"PiercingWail","floor":1},{"not_picked":["Calculated Gamble","Deadly Poison"],"picked":"Noxious Fumes","floor":2},{"not_picked":["Prepared","Choke"],"picked":"Catalyst","floor":3},{"not_picked":["Eviscerate","Dagger Throw"],"picked":"Well Laid Plans","floor":4},{"not_picked":["Sucker Punch","Prepared"],"picked":"A Thousand Cuts","floor":7},{"not_picked":["Choke","Flying Knee"],"picked":"Cloak And Dagger+1","floor":10},{"not_picked":["Heel Hook","Dagger Throw"],"picked":"Terror+1","floor":11},{"not_picked":["Heel Hook","Blade Dance+1"],"picked":"Catalyst+1","floor":13},{"not_picked":["Outmaneuver+1","Prepared+1"],"picked":"Backflip+1","floor":14},{"not_picked":["Wraith Form v2","Malaise+1"],"picked":"A Thousand Cuts","floor":16},{"not_picked":["Underhanded Strike","PiercingWail+1"],"picked":"Poisoned Stab","floor":18},{"not_picked":["Setup+1","Terror+1"],"picked":"Poisoned Stab","floor":21}],"player_experience":393686,"relics_obtained":[{"floor":7,"key":"Potion Belt"},{"floor":9,"key":"Toxic Egg 2"},{"floor":10,"key":"Turnip"},{"floor":13,"key":"Bag of Preparation"}],"event_choices":[{"cards_removed":["Strike_G"],"damage_healed":0,"gold_gain":0,"player_choice":"Forget","damage_taken":0,"max_hp_gain":0,"max_hp_loss":0,"event_name":"Living Wall","floor":5,"gold_loss":0},{"damage_healed":0,"gold_gain":0,"player_choice":"Ignored","damage_taken":0,"max_hp_gain":0,"max_hp_loss":0,"event_name":"Liars Game","floor":12,"gold_loss":0},{"damage_healed":0,"gold_gain":0,"player_choice":"Ignored","damage_taken":0,"max_hp_gain":0,"max_hp_loss":0,"event_name":"Vampires","floor":19,"gold_loss":0},{"damage_healed":0,"gold_gain":0,"player_choice":"Opened","damage_taken":0,"relics_obtained":["Art of War"],"max_hp_gain":0,"max_hp_loss":0,"event_name":"The Mausoleum","floor":20,"gold_loss":0}],"is_beta":false,"boss_relics":[{"not_picked":["Calling Bell","Tiny House"],"picked":"Empty Cage"}],"items_purged_floors":[],"is_endless":false,"potions_floor_spawned":[1,3,4,7,16,21],"killed_by":"3 Cultists","ascension_level":10}