{"gold_per_floor":[12,24,24,42,59,59,88,103,103,116,133,146,172,172,172,277,277,297,315,328,38,38,73,73,101,101,120,62,81,93,93,93,195,195,206,206,261,274,51,51,51],"floor_reached":41,"playtime":4622,"items_purged":[],"score":519,"play_id":"9418ef5e-5764-47df-bce8-a191b22fe010","local_time":"20190112163750","is_ascension_mode":true,"campfire_choices":[{"data":"Flechettes","floor":6,"key":"SMITH"},{"floor":15,"key":"REST"},{"floor":24,"key":"REST"},{"data":"Panache","floor":32,"key":"SMITH"},{"floor":40,"key":"REST"}],"neow_cost":"NO_GOLD","seed_source_timestamp":335767589921898,"circlet_count":0,"master_deck":["Defend_G","Defend_G","Defend_G","Defend_G","Defend_G","Strike_G","Survivor","Neutralize","Terror","Backflip","Cloak And Dagger","Flechettes+1","Cloak And Dagger","Blade Dance","Backstab","Distraction","Footwork","Flechettes","Glass Knife","Crippling Poison+1","After Image+1","Infinite Blades+1","Cloak And Dagger","Sucker Punch","Dodge and Roll+1","Panache+1","Accuracy","Backflip","RitualDagger","Caltrops","Acrobatics","Dagger Spray","Infinite Blades","Choke","After Image+1","Corpse Explosion","Dagger Spray+1","Madness","Madness","Dagger Throw+1","Corpse Explosion"],"relics":["Ring of the Snake","Dodecahedron","Letter Opener","Thread and Needle","Astrolabe","Paper Crane","Blue Candle","Meat on the Bone","Black Star","FossilizedHelix","Lantern"],"potions_floor_usage":[3,7,8,23,37,37,41],"damage_taken":[{"damage":0,"enemies":"Cultist","floor":1,"turns":5},{"damage":2,"enemies":"Small Slimes","floor":2,"turns":4},{"damage":1,"enemies":"2 Louse","floor":4,"turns":3},{"damage":1,"enemies":"2 Fungi Beasts","floor":5,"turns":5},{"damage":21,"enemies":"Lagavulin","floor":7,"turns":6},{"damage":22,"enemies":"Gremlin Gang","floor":8,"turns":4},{"damage":0,"enemies":"Blue Slaver","floor":10,"turns":3},{"damage":0,"enemies":"Exordium Thugs","floor":11,"turns":3},{"damage":0,"enemies":"Large Slime","floor":12,"turns":6},{"damage":18,"enemies":"3 Sentries","floor":13,"turns":7},{"damage":16,"enemies":"Hexaghost","floor":16,"turns":12},{"damage":0,"enemies":"Chosen","floor":18,"turns":4},{"damage":0,"enemies":"3 Byrds","floor":19,"turns":4},{"damage":0,"enemies":"Snecko","floor":20,"turns":4},{"damage":15,"enemies":"Slavers","floor":23,"turns":5},{"damage":7,"enemies":"Book of Stabbing","floor":25,"turns":4},{"damage":0,"enemies":"Cultist and Chosen","floor":27,"turns":5},{"damage":3,"enemies":"Chosen and Byrds","floor":29,"turns":6},{"damage":6,"enemies":"Snake Plant","floor":30,"turns":4},{"damage":29,"enemies":"Champ","floor":33,"turns":11},{"damage":8,"enemies":"3 Shapes","floor":35,"turns":6},{"damage":44,"enemies":"2 Orb Walkers","floor":37,"turns":5},{"damage":5,"enemies":"3 Darklings","floor":38,"turns":4},{"damage":93,"enemies":"Giant Head","floor":41,"turns":10}],"seed_played":"-712100299653947343","potions_obtained":[{"floor":2,"key":"Weak Potion"},{"floor":3,"key":"Fire Potion"},{"floor":3,"key":"Fruit Juice"},{"floor":3,"key":"SteroidPotion"},{"floor":8,"key":"GhostInAJar"},{"floor":11,"key":"Dexterity Potion"},{"floor":25,"key":"AttackPotion"},{"floor":30,"key":"EssenceOfSteel"},{"floor":37,"key":"FearPotion"}],"is_trial":false,"path_per_floor":["M","M","?","M","M","R","E","M","T","M","M","M","E","?","R","B",null,"M","M","M","$","?","E","R","E","T","M","?","M","M","?","R","B",null,"M","?","?","M","$","R","E"],"character_chosen":"THE_SILENT","items_purchased":["Panache","Accuracy","Backflip","Lantern","Regen Potion"],"campfire_rested":3,"item_purchase_floors":[21,21,21,39,39],"current_hp_per_floor":[84,82,87,86,85,85,64,42,42,42,42,42,24,24,50,34,89,89,89,89,89,83,68,89,82,82,82,82,79,73,73,73,56,89,81,70,38,45,45,71,0],"gold":51,"neow_bonus":"TWENTY_PERCENT_HP_BONUS","is_prod":false,"is_daily":false,"chose_seed":false,"campfire_upgraded":2,"win_rate":0,"timestamp":1547329070,"path_taken":["M","M","?","M","?","R","E","M","T","M","M","M","E","?","R","BOSS","M","?","?","$","?","E","R","E","T","M","?","M","?","?","R","BOSS","M","?","?","M","?","R","E"],"build_version":"2019-01-10","purchased_purges":0,"victory":false,"max_hp_per_floor":[84,84,89,89,89,89,89,89,89,89,89,89,89,89,89,89,89,89,89,89,89,89,89,89,89,89,89,89,89,89,89,89,89,89,89,89,89,89,89,89,89],"card_choices":[{"not_picked":["Bane","Quick Slash"],"picked":"Terror","floor":1},{"not_picked":["Blade Dance","Acrobatics"],"picked":"Backflip","floor":2},{"not_picked":["Quick Slash","Bouncing Flask"],"picked":"Cloak And Dagger","floor":4},{"not_picked":["Wraith Form v2","Deadly Poison"],"picked":"Flechettes","floor":5},{"not_picked":["Escape Plan","Dagger Spray"],"picked":"Cloak And Dagger","floor":7},{"not_picked":["Masterful Stab","Slice"],"picked":"Blade Dance","floor":8},{"not_picked":["Choke","Blur"],"picked":"Backstab","floor":10},{"not_picked":["All Out Attack","Underhanded Strike"],"picked":"Distraction","floor":11},{"not_picked":["Catalyst","Caltrops"],"picked":"Footwork","floor":12},{"not_picked":["Setup","Riddle With Holes"],"picked":"Flechettes","floor":13},{"not_picked":["Envenom","Tools of the Trade"],"picked":"Glass Knife","floor":16},{"not_picked":["Outmaneuver","Poisoned Stab"],"picked":"Cloak And Dagger","floor":18},{"not_picked":["Poisoned Stab","Flying Knee"],"picked":"Sucker Punch","floor":19},{"not_picked":["Deflect","Blade Dance"],"picked":"Dodge and Roll+1","floor":20},{"not_picked":["Poisoned Stab+1","Die Die Die"],"picked":"Caltrops","floor":23},{"not_picked":["Underhanded Strike","Reflex+1"],"picked":"Acrobatics","floor":25},{"not_picked":["Quick Slash","Masterful Stab"],"picked":"Dagger Spray","floor":27},{"not_picked":["Predator+1","Sucker Punch+1"],"picked":"Infinite Blades","floor":29},{"not_picked":["Eviscerate","Blade Dance"],"picked":"Choke","floor":30},{"not_picked":["Envenom","Die Die Die"],"picked":"Corpse Explosion","floor":33},{"not_picked":["Concentrate+1","Acrobatics+1"],"picked":"Dagger Spray+1","floor":35},{"not_picked":["Underhanded Strike+1","Acrobatics+1"],"picked":"Dagger Throw+1","floor":37},{"not_picked":["All Out Attack+1","Expertise+1"],"picked":"Corpse Explosion","floor":38}],"player_experience":368366,"relics_obtained":[{"floor":7,"key":"Dodecahedron"},{"floor":9,"key":"Letter Opener"},{"floor":13,"key":"Thread and Needle"},{"floor":23,"key":"Paper Crane"},{"floor":25,"key":"Blue Candle"},{"floor":37,"key":"FossilizedHelix"}],"event_choices":[{"damage_healed":0,"gold_gain":0,"player_choice":"Got Potions","damage_taken":0,"max_hp_gain":0,"max_hp_loss":0,"event_name":"Lab","floor":3,"gold_loss":0},{"cards_removed":["Strike_G"],"damage_healed":0,"gold_gain":0,"player_choice":"Purged","damage_taken":0,"max_hp_gain":0,"max_hp_loss":0,"event_name":"Purifier","floor":14,"gold_loss":0},{"damage_healed":0,"gold_gain":0,"player_choice":"Joined the Cult","damage_taken":6,"max_hp_gain":0,"max_hp_loss":0,"event_name":"Nest","floor":22,"gold_loss":0,"cards_obtained":["RitualDagger"]},{"damage_healed":0,"gold_gain":0,"player_choice":"Paid Gold","damage_taken":0,"relics_obtained":["Meat on the Bone"],"max_hp_gain":0,"max_hp_loss":0,"event_name":"WeMeetAgain","floor":28,"gold_loss":58},{"damage_healed":0,"gold_gain":0,"player_choice":"Copied","damage_taken":0,"max_hp_gain":0,"max_hp_loss":0,"event_name":"Duplicator","floor":31,"gold_loss":0,"cards_obtained":["After Image"]},{"damage_healed":0,"gold_gain":0,"player_choice":"Embrace Madness","damage_taken":11,"max_hp_gain":0,"max_hp_loss":0,"event_name":"Winding Halls","floor":36,"gold_loss":0,"cards_obtained":["Madness","Madness"]},{"damage_healed":0,"gold_gain":0,"player_choice":"Fight","damage_taken":0,"max_hp_gain":0,"max_hp_loss":0,"event_name":"Mysterious Sphere","floor":37,"gold_loss":0}],"is_beta":false,"boss_relics":[{"not_picked":["Calling Bell","Coffee Dripper"],"picked":"Astrolabe"},{"not_picked":["Pandora\u0027s Box","Runic Dome"],"picked":"Black Star"}],"items_purged_floors":[],"is_endless":false,"potions_floor_spawned":[2,8,11,13,16,19,25,30,33,35,37],"killed_by":"Giant Head","ascension_level":1}