{"gold_per_floor":[18,118,43,54,54,80,96,96,96,23,54,54,67,86,86,181,181,199,199,36,54,15,15,44,44],"floor_reached":25,"playtime":1190,"items_purged":["Strike_B"],"score":366,"play_id":"2a579def-5d0b-48cd-9da6-a2facec23be6","local_time":"20191001114245","is_ascension_mode":true,"campfire_choices":[{"floor":8.0,"key":"REST"},{"floor":12.0,"key":"REST"},{"floor":15.0,"key":"REST"},{"floor":23,"key":"REST"}],"neow_cost":"NO_GOLD","seed_source_timestamp":0,"circlet_count":0,"master_deck":["AscendersBane","Strike_B+1","Strike_B+1","Strike_B","Defend_B","Defend_B","Defend_B","Defend_B","Zap","Dualcast","Reboot","Gash","Melter","Stack","Undo","Genetic Algorithm","Ball Lightning","Genetic Algorithm","Gash","Buffer","Cold Snap+1","Capacitor","FTL","Capacitor","Chill","Gash"],"special_seed":0,"relics":["FrozenCore","Potion Belt","Singing Bowl","Bottled Flame","PreservedInsect"],"potions_floor_usage":[24],"damage_taken":[{"damage":3.0,"enemies":"Small Slimes","floor":1.0,"turns":4.0},{"damage":1.0,"enemies":"Cultist","floor":4.0,"turns":3.0},{"damage":40.0,"enemies":"Lagavulin","floor":6.0,"turns":4.0},{"damage":1.0,"enemies":"2 Louse","floor":7.0,"turns":2.0},{"damage":15.0,"enemies":"3 Sentries","floor":11.0,"turns":6.0},{"damage":6.0,"enemies":"Exordium Thugs","floor":13.0,"turns":4.0},{"damage":8.0,"enemies":"Blue Slaver","floor":14.0,"turns":3.0},{"damage":24.0,"enemies":"Slime Boss","floor":16.0,"turns":10.0},{"damage":11.0,"enemies":"3 Byrds","floor":18.0,"turns":6.0},{"damage":2,"enemies":"Chosen","floor":21,"turns":6},{"damage":36,"enemies":"Slavers","floor":24,"turns":10},{"damage":27,"enemies":"Snake Plant","floor":25,"turns":6}],"seed_played":"-2620372148932839968","potions_obtained":[{"floor":4.0,"key":"Swift Potion"},{"floor":7.0,"key":"AttackPotion"},{"floor":13.0,"key":"Explosive Potion"},{"floor":16.0,"key":"AttackPotion"},{"floor":18,"key":"SpeedPotion"},{"floor":24,"key":"Ancient Potion"}],"is_trial":false,"path_per_floor":["M","?","$","M","?","E","M","R","T","$","E","R","M","M","R","B",null,"M","?","$","M","$","R","E","M"],"character_chosen":"DEFECT","items_purchased":["Genetic Algorithm","Capacitor","FTL","Fire Potion","Chill"],"campfire_rested":4,"item_purchase_floors":[10,20,20,20,22],"current_hp_per_floor":[65,65,65,64,49,9,8,30,30,30,15,37,31,23,45,21,62,51,37,37,35,35,59,23,0],"gold":44,"neow_bonus":"THREE_RARE_CARDS","is_prod":false,"is_daily":false,"chose_seed":false,"campfire_upgraded":0,"win_rate":0,"timestamp":1569944565,"path_taken":["M","?","?","?","?","E","M","R","T","?","E","R","M","M","R","BOSS","M","?","$","M","?","R","E","M"],"build_version":"2019-07-17","purchased_purges":1,"victory":false,"max_hp_per_floor":[75,75,75,75,75,75,75,75,75,75,75,75,75,75,75,75,75,75,80,80,80,80,80,80,80],"card_choices":[{"not_picked":["Hyperbeam","Meteor Strike"],"picked":"Reboot","floor":0.0},{"not_picked":["Coolheaded","Auto Shields"],"picked":"Gash","floor":1.0},{"not_picked":["Skim","Steam"],"picked":"Melter","floor":4.0},{"not_picked":["Redo","Aggregate"],"picked":"Stack","floor":6.0},{"not_picked":["Loop","Recycle"],"picked":"Undo","floor":7.0},{"not_picked":["Redo","Recycle"],"picked":"Ball Lightning","floor":11.0},{"not_picked":["Coolheaded","Static Discharge"],"picked":"Genetic Algorithm","floor":13.0},{"not_picked":["Redo","Steam"],"picked":"Gash","floor":14.0},{"not_picked":["Machine Learning","Seek"],"picked":"Buffer","floor":16.0},{"not_picked":["Static Discharge","Ball Lightning"],"picked":"Cold Snap+1","floor":18},{"not_picked":["Conserve Battery","Loop"],"picked":"Capacitor","floor":21},{"not_picked":["Ball Lightning","Reprogram"],"picked":"Gash","floor":24}],"player_experience":751995,"relics_obtained":[{"floor":6.0,"key":"Potion Belt"},{"floor":9.0,"key":"Singing Bowl"},{"floor":11.0,"key":"Bottled Flame"},{"floor":24,"key":"PreservedInsect"}],"event_choices":[{"damage_healed":0.0,"max_hp_gain":0.0,"max_hp_loss":0.0,"gold_gain":100.0,"event_name":"Golden Shrine","player_choice":"Pray","floor":2.0,"gold_loss":0.0,"damage_taken":0.0},{"damage_healed":0.0,"max_hp_gain":0.0,"max_hp_loss":0.0,"gold_gain":0.0,"event_name":"Shining Light","player_choice":"Entered Light","floor":5.0,"gold_loss":0.0,"damage_taken":15.0,"cards_upgraded":["Strike_B","Strike_B"]},{"damage_healed":0,"gold_gain":0,"player_choice":"Shed Blood","damage_taken":19,"max_hp_gain":5,"max_hp_loss":0,"event_name":"Forgotten Altar","floor":19,"gold_loss":0}],"is_beta":false,"boss_relics":[{"not_picked":["Eternal Feather","Velvet Choker"],"picked":"FrozenCore"}],"items_purged_floors":[3],"is_endless":false,"potions_floor_spawned":[4,7,13,16,18,24],"killed_by":"Snake Plant","ascension_level":12}