{"gold_per_floor":[114,127,127,141,153,153,171,171,171,50,67,98,117,135,135,231,231,242,242,254,47,62,62,62,62,62,62,80,100,100,100],"floor_reached":31,"playtime":817,"items_purged":["Defend_R"],"score":336,"play_id":"abdc27a3-ca0e-4984-a7fd-966d75161d85","local_time":"20181228205423","is_ascension_mode":false,"campfire_choices":[{"data":"Perfected Strike","floor":6,"key":"SMITH"},{"data":"Thunderclap","floor":8,"key":"SMITH"},{"data":"Cleave","floor":15,"key":"SMITH"},{"data":"Infernal Blade","floor":23,"key":"SMITH"},{"data":"Reaper","floor":25,"key":"SMITH"},{"data":"Perfected Strike","floor":27,"key":"SMITH"}],"neow_cost":"NONE","seed_source_timestamp":705597580577446,"circlet_count":0,"master_deck":["Strike_R+1","Strike_R+1","Strike_R+1","Strike_R+1","Strike_R+1","Bash","Twin Strike+1","Rampage","Sword Boomerang","Perfected Strike+1","Thunderclap+1","Pommel Strike","Thunderclap","Disarm","Cleave+1","Wild Strike","Reaper+1","Headbutt","Perfected Strike+1","Anger+1","Wild Strike","Infernal Blade+1","Flex","Pommel Strike"],"relics":["Burning Blood","Ornamental Fan","Pen Nib","Empty Cage","PreservedInsect"],"potions_floor_usage":[22,29,30],"damage_taken":[{"damage":1,"enemies":"Jaw Worm","floor":1,"turns":3},{"damage":1,"enemies":"Cultist","floor":2,"turns":3},{"damage":15,"enemies":"Small Slimes","floor":4,"turns":3},{"damage":18,"enemies":"Exordium Thugs","floor":5,"turns":4},{"damage":11,"enemies":"Lots of Slimes","floor":7,"turns":4},{"damage":0,"enemies":"Large Slime","floor":11,"turns":4},{"damage":32,"enemies":"Lagavulin","floor":12,"turns":4},{"damage":0,"enemies":"3 Louse","floor":13,"turns":3},{"damage":2,"enemies":"2 Fungi Beasts","floor":14,"turns":2},{"damage":0,"enemies":"Slime Boss","floor":16,"turns":7},{"damage":36,"enemies":"3 Byrds","floor":18,"turns":4},{"damage":16,"enemies":"2 Thieves","floor":20,"turns":2},{"damage":4,"enemies":"Snecko","floor":22,"turns":3},{"damage":22,"enemies":"Sentry and Sphere","floor":28,"turns":4},{"damage":38,"enemies":"Snake Plant","floor":29,"turns":3},{"damage":26,"enemies":"Book of Stabbing","floor":30,"turns":3},{"damage":12,"enemies":"Shelled Parasite and Fungi","floor":31,"turns":1}],"seed_played":"2596975687336001278","potions_obtained":[{"floor":1,"key":"SmokeBomb"},{"floor":4,"key":"SpeedPotion"},{"floor":5,"key":"GamblersBrew"},{"floor":20,"key":"Explosive Potion"},{"floor":28,"key":"BloodPotion"}],"is_trial":false,"path_per_floor":["M","M","?","M","M","R","M","R","T","$","M","E","M","M","R","B",null,"M","?","M","$","M","R","?","R","T","R","M","M","E","M"],"character_chosen":"IRONCLAD","items_purchased":["Pommel Strike","PreservedInsect","Wild Strike"],"campfire_rested":0,"item_purchase_floors":[10,21,21],"current_hp_per_floor":[80,80,80,71,59,59,54,54,54,54,60,34,40,44,44,50,80,60,60,50,50,60,60,60,60,60,60,44,24,11,0],"gold":100,"neow_bonus":"REMOVE_CARD","is_prod":false,"is_daily":false,"chose_seed":false,"campfire_upgraded":6,"win_rate":0,"timestamp":1546048463,"path_taken":["M","M","?","M","?","R","M","R","T","$","M","E","M","M","R","BOSS","M","?","M","$","M","R","?","R","T","R","M","?","E","M"],"build_version":"2018-12-20","purchased_purges":1,"victory":false,"max_hp_per_floor":[80,80,80,80,80,80,80,80,80,80,80,80,80,80,80,80,80,80,80,80,80,80,80,80,80,80,80,80,80,80,80],"card_choices":[{"not_picked":["Sever Soul","Body Slam"],"picked":"Twin Strike","floor":1},{"not_picked":["Flame Barrier","Burning Pact"],"picked":"Rampage","floor":2},{"not_picked":["Feel No Pain","Corruption"],"picked":"Sword Boomerang","floor":4},{"not_picked":["Impervious","Havoc"],"picked":"Perfected Strike","floor":5},{"not_picked":["Armaments","Shrug It Off"],"picked":"Thunderclap","floor":7},{"not_picked":["Dual Wield","Warcry"],"picked":"Thunderclap","floor":11},{"not_picked":["Rupture","Blood for Blood"],"picked":"Disarm","floor":12},{"not_picked":["Body Slam","True Grit"],"picked":"Cleave","floor":13},{"not_picked":["Fire Breathing","Dropkick"],"picked":"Wild Strike","floor":14},{"not_picked":["Berserk","Dark Embrace"],"picked":"Reaper","floor":16},{"not_picked":["Thunderclap","Fire Breathing"],"picked":"Headbutt","floor":18},{"not_picked":["Rupture+1","Flame Barrier"],"picked":"Anger+1","floor":20},{"not_picked":["Perfected Strike","Heavy Blade+1"],"picked":"Infernal Blade","floor":22},{"not_picked":["Body Slam","Heavy Blade"],"picked":"Flex","floor":28},{"not_picked":["Warcry+1","Headbutt"],"picked":"Pommel Strike","floor":29}],"player_experience":254993,"relics_obtained":[{"floor":9,"key":"Ornamental Fan"},{"floor":12,"key":"Pen Nib"}],"event_choices":[{"damage_healed":0,"gold_gain":0,"player_choice":"Forge","damage_taken":0,"max_hp_gain":0,"max_hp_loss":0,"event_name":"Accursed Blacksmith","floor":3,"gold_loss":0,"cards_upgraded":["Twin Strike"]},{"damage_healed":0,"gold_gain":0,"player_choice":"Read","damage_taken":0,"max_hp_gain":0,"max_hp_loss":0,"event_name":"The Library","floor":19,"gold_loss":0,"cards_obtained":["Perfected Strike"]},{"damage_healed":0,"gold_gain":0,"player_choice":"Simplicity","damage_taken":0,"max_hp_gain":0,"max_hp_loss":0,"event_name":"Back to Basics","floor":24,"gold_loss":0,"cards_upgraded":["Strike_R","Strike_R","Strike_R","Strike_R","Strike_R"]}],"is_beta":false,"boss_relics":[{"not_picked":["Orrery","Philosopher\u0027s Stone"],"picked":"Empty Cage"}],"items_purged_floors":[10],"is_endless":false,"potions_floor_spawned":[1,4,5,7,20,28,30],"killed_by":"Shelled Parasite and Fungi","ascension_level":0}