{"gold_per_floor":[109,109,121,135,155,180,180,213,213,230,230,250,250],"floor_reached":13,"playtime":598,"items_purged":[],"score":146,"play_id":"9ba7d190-7cab-449d-8269-41edf6e59775","local_time":"20190930054934","is_ascension_mode":true,"campfire_choices":[{"data":"Headbutt","floor":7,"key":"SMITH"},{"data":"Shockwave","floor":11,"key":"SMITH"}],"neow_cost":"NONE","seed_source_timestamp":68066292048315,"circlet_count":0,"master_deck":["AscendersBane","Strike_R","Strike_R+1","Strike_R","Strike_R","Strike_R","Defend_R","Defend_R","Defend_R","Defend_R","Bash+1","Headbutt+1","Headbutt+1","Barricade","Disarm","Demon Form","Shockwave+1","Pommel Strike"],"relics":["Burning Blood","Orichalcum","Bag of Preparation","Whetstone"],"potions_floor_usage":[8],"damage_taken":[{"damage":4,"enemies":"Cultist","floor":1,"turns":5},{"damage":4,"enemies":"Small Slimes","floor":3,"turns":3},{"damage":18,"enemies":"Jaw Worm","floor":4,"turns":4},{"damage":11,"enemies":"Looter","floor":5,"turns":4},{"damage":30,"enemies":"3 Sentries","floor":6,"turns":10},{"damage":10,"enemies":"Gremlin Nob","floor":8,"turns":3},{"damage":2,"enemies":"Blue Slaver","floor":10,"turns":5},{"damage":16,"enemies":"Large Slime","floor":12,"turns":7},{"damage":25,"enemies":"3 Sentries","floor":13,"turns":4}],"seed_played":"120675674924272696","potions_obtained":[{"floor":3,"key":"SpeedPotion"},{"floor":5,"key":"Poison Potion"},{"floor":10,"key":"LiquidBronze"}],"is_trial":false,"path_per_floor":["M","?","M","M","M","E","R","E","T","M","R","M","E"],"character_chosen":"IRONCLAD","items_purchased":[],"campfire_rested":0,"item_purchase_floors":[],"current_hp_per_floor":[82,82,84,72,67,43,43,39,39,43,43,33,8],"gold":250,"neow_bonus":"TEN_PERCENT_HP_BONUS","is_prod":false,"is_daily":false,"chose_seed":false,"campfire_upgraded":2,"win_rate":0,"timestamp":1569815374,"path_taken":["M","?","M","?","M","E","R","E","T","M","R","M","E"],"build_version":"2019-07-17","purchased_purges":0,"victory":false,"max_hp_per_floor":[88,88,88,88,88,88,88,88,88,88,88,88,88],"card_choices":[{"not_picked":["Heavy Blade","Flex"],"picked":"Headbutt","floor":1},{"not_picked":["Reckless Charge","Anger"],"picked":"Headbutt","floor":3},{"not_picked":["Havoc","Clothesline","Headbutt"],"picked":"SKIP","floor":4},{"not_picked":["Anger","Clothesline"],"picked":"Barricade","floor":5},{"not_picked":["Twin Strike","Flex"],"picked":"Disarm","floor":6},{"not_picked":["Whirlwind","Warcry"],"picked":"Demon Form","floor":8},{"not_picked":["Searing Blow","Battle Trance"],"picked":"Shockwave","floor":10},{"not_picked":["Perfected Strike","Anger"],"picked":"Pommel Strike","floor":12}],"player_experience":314396,"relics_obtained":[{"floor":6,"key":"Orichalcum"},{"floor":8,"key":"Bag of Preparation"},{"floor":9,"key":"Whetstone"}],"event_choices":[{"damage_healed":0,"gold_gain":0,"player_choice":"Upgraded","damage_taken":0,"max_hp_gain":0,"max_hp_loss":0,"event_name":"Upgrade Shrine","floor":2,"gold_loss":0,"cards_upgraded":["Bash"]}],"is_beta":false,"boss_relics":[],"items_purged_floors":[],"is_endless":false,"potions_floor_spawned":[3,5,10],"killed_by":"3 Sentries","ascension_level":10}