{"gold_per_floor":[114,126,126,19,19,50,50,64,143,143,154,154,170,203,203,282,282,300,375,17,17,51,51],"floor_reached":23,"playtime":1299,"items_purged":["Strike_G"],"score":325,"play_id":"0449529e-7c2f-4ade-a039-bde74665a95a","local_time":"20191002073220","is_ascension_mode":true,"campfire_choices":[{"floor":7,"key":"REST"},{"data":"Caltrops","floor":12,"key":"SMITH"},{"floor":15,"key":"REST"}],"neow_cost":"NONE","seed_source_timestamp":12521281829074,"circlet_count":0,"master_deck":["AscendersBane","Strike_G","Strike_G","Defend_G","Defend_G","Defend_G","Defend_G","Defend_G","Survivor","Neutralize","Blade Dance","Dagger Throw","Quick Slash","Caltrops+1","Dash","Deflect","Envenom","Infinite Blades","Tools of the Trade","Well Laid Plans","Deflect","After Image","Tactician","Blur","Noxious Fumes"],"relics":["Ring of the Snake","Oddly Smooth Stone","Letter Opener","Pen Nib","Sozu","Mercury Hourglass","Meat on the Bone","Red Mask"],"potions_floor_usage":[16,22,22],"damage_taken":[{"damage":0,"enemies":"2 Louse","floor":1,"turns":4},{"damage":2,"enemies":"Cultist","floor":2,"turns":4},{"damage":22,"enemies":"3 Sentries","floor":6,"turns":9},{"damage":0,"enemies":"Small Slimes","floor":8,"turns":3},{"damage":1,"enemies":"3 Louse","floor":11,"turns":4},{"damage":3,"enemies":"Red Slaver","floor":13,"turns":5},{"damage":29,"enemies":"Gremlin Nob","floor":14,"turns":5},{"damage":21,"enemies":"Hexaghost","floor":16,"turns":9},{"damage":19,"enemies":"Shell Parasite","floor":18,"turns":5},{"damage":23,"enemies":"Masked Bandits","floor":22,"turns":4},{"damage":28,"enemies":"Book of Stabbing","floor":23,"turns":4}],"seed_played":"8262198092966955130","potions_obtained":[{"floor":0,"key":"GhostInAJar"},{"floor":0,"key":"PowerPotion"},{"floor":16,"key":"Energy Potion"}],"is_trial":false,"path_per_floor":["M","M","?","$","?","E","R","M","T","?","M","R","M","E","R","B",null,"M","T","$","$","?","E"],"character_chosen":"THE_SILENT","items_purchased":["Caltrops","Dash","Meat on the Bone","Blur"],"campfire_rested":2,"item_purchase_floors":[4,4,20,20],"current_hp_per_floor":[63,61,61,61,54,32,53,53,53,53,52,52,49,20,41,20,58,39,39,39,39,28,0],"gold":51,"neow_bonus":"THREE_SMALL_POTIONS","is_prod":false,"is_daily":false,"chose_seed":false,"campfire_upgraded":1,"win_rate":0,"timestamp":1569994340,"path_taken":["M","M","?","?","?","E","R","M","T","?","M","R","M","E","R","BOSS","M","?","?","$","?","E"],"build_version":"2019-07-17","purchased_purges":1,"victory":false,"max_hp_per_floor":[70,70,70,70,70,70,70,70,70,70,70,70,70,70,70,70,70,70,70,70,70,70,70],"card_choices":[{"not_picked":["Outmaneuver","Tactician"],"picked":"Blade Dance","floor":1},{"not_picked":["Predator","Flying Knee"],"picked":"Dagger Throw","floor":2},{"not_picked":["Dagger Spray","Caltrops"],"picked":"Deflect","floor":6},{"not_picked":["Underhanded Strike","Prepared"],"picked":"Envenom","floor":8},{"not_picked":["Deadly Poison","Quick Slash"],"picked":"Well Laid Plans","floor":11},{"not_picked":["Underhanded Strike","Deadly Poison"],"picked":"Deflect","floor":13},{"not_picked":["Dagger Throw","Wraith Form v2","Grand Finale"],"picked":"SKIP","floor":14},{"not_picked":["A Thousand Cuts","Bullet Time"],"picked":"After Image","floor":16},{"not_picked":["Dagger Throw","Poisoned Stab"],"picked":"Tactician","floor":18},{"not_picked":["Concentrate","Leg Sweep"],"picked":"Noxious Fumes","floor":22}],"player_experience":334472,"relics_obtained":[{"floor":6,"key":"Oddly Smooth Stone"},{"floor":9,"key":"Letter Opener"},{"floor":14,"key":"Pen Nib"},{"floor":19,"key":"Mercury Hourglass"},{"floor":22,"key":"Red Mask"}],"event_choices":[{"damage_healed":0,"gold_gain":0,"cards_transformed":["Strike_G"],"player_choice":"Transformed","damage_taken":0,"max_hp_gain":0,"max_hp_loss":0,"event_name":"Transmorgrifier","floor":3,"gold_loss":0,"cards_obtained":["Quick Slash"]},{"cards_removed":["Strike_G"],"damage_healed":0,"gold_gain":0,"player_choice":"Card Removal","damage_taken":7,"max_hp_gain":0,"max_hp_loss":0,"event_name":"Golden Wing","floor":5,"gold_loss":0},{"damage_healed":0,"gold_gain":0,"player_choice":"2 cards matched","damage_taken":0,"max_hp_gain":0,"max_hp_loss":0,"event_name":"Match and Keep!","floor":10,"gold_loss":0,"cards_obtained":["Infinite Blades","Tools of the Trade"]},{"damage_healed":0,"gold_gain":0,"player_choice":"Fought Bandits","damage_taken":0,"max_hp_gain":0,"max_hp_loss":0,"event_name":"Masked Bandits","floor":22,"gold_loss":0}],"is_beta":false,"boss_relics":[{"not_picked":["Tiny House","Cursed Key"],"picked":"Sozu"}],"items_purged_floors":[20],"is_endless":false,"potions_floor_spawned":[6,13,14,16],"killed_by":"Book of Stabbing","ascension_level":13}