{"gold_per_floor":[110,128,140,156,106,106,139,151,230,247,266,299,299,315,315,416,416,432,442,457,15,31,60,60,86,86,96,131,143,188,217,229,343,355,379,409,421],"floor_reached":37,"playtime":1990,"items_purged":[],"score":698,"play_id":"1246fdc5-e2fc-4011-8f22-3c478925cec4","local_time":"20190910162813","is_ascension_mode":true,"campfire_choices":[{"data":"Mind Blast","floor":6,"key":"SMITH"},{"floor":13,"key":"REST"},{"data":"Thunderclap","floor":15,"key":"SMITH"},{"floor":24,"key":"REST"},{"floor":29,"key":"REST"},{"floor":32,"key":"REST"}],"neow_cost":"TEN_PERCENT_HP_LOSS","seed_source_timestamp":341768435633800,"circlet_count":0,"master_deck":["Strike_R","Strike_R","Strike_R","Strike_R","Strike_R","Defend_R","Defend_R","Defend_R","Defend_R","Bash","Mind Blast+1","Dropkick","Thunderclap+1","Sword Boomerang","Uppercut","Thunderclap","Thunderclap","Seeing Red","Anger","Heavy Blade","Shrug It Off","Double Tap","Searing Blow+1","Headbutt+1","Sword Boomerang+1","Offering","Heavy Blade","Thunderclap+1","Immolate","Shockwave","Offering","Anger","Shrug It Off","Bludgeon","Pommel Strike","Heavy Blade+1"],"relics":["Burning Blood","Sundial","Shuriken","Du-Vu Doll","Lizard Tail","Blood Vial","Pen Nib","Red Mask","Art of War","Incense Burner","MawBank","Kunai","Black Star"],"potions_floor_usage":[7,11,12,16,19,27,28,28,33],"damage_taken":[{"damage":12,"enemies":"2 Louse","floor":1,"turns":3},{"damage":0,"enemies":"Cultist","floor":2,"turns":2},{"damage":12,"enemies":"Jaw Worm","floor":3,"turns":3},{"damage":9,"enemies":"2 Fungi Beasts","floor":4,"turns":4},{"damage":35,"enemies":"Lagavulin","floor":7,"turns":5},{"damage":9,"enemies":"3 Louse","floor":8,"turns":3},{"damage":11,"enemies":"Looter","floor":10,"turns":2},{"damage":0,"enemies":"2 Fungi Beasts","floor":11,"turns":2},{"damage":5,"enemies":"3 Sentries","floor":12,"turns":4},{"damage":3,"enemies":"Blue Slaver","floor":14,"turns":2},{"damage":40,"enemies":"Hexaghost","floor":16,"turns":8},{"damage":13,"enemies":"3 Byrds","floor":18,"turns":4},{"damage":12,"enemies":"Chosen","floor":19,"turns":3},{"damage":5,"enemies":"Snecko","floor":20,"turns":3},{"damage":23,"enemies":"Centurion and Healer","floor":22,"turns":4},{"damage":12,"enemies":"Masked Bandits","floor":23,"turns":3},{"damage":47,"enemies":"Book of Stabbing","floor":25,"turns":4},{"damage":64,"enemies":"Shelled Parasite and Fungi","floor":27,"turns":5},{"damage":14,"enemies":"Slavers","floor":28,"turns":3},{"damage":34,"enemies":"Book of Stabbing","floor":30,"turns":3},{"damage":13,"enemies":"Sentry and Sphere","floor":31,"turns":3},{"damage":16,"enemies":"Automaton","floor":33,"turns":6},{"damage":0,"enemies":"Orb Walker","floor":35,"turns":2},{"damage":39,"enemies":"3 Darklings","floor":36,"turns":5},{"damage":48,"enemies":"Sphere and 2 Shapes","floor":37,"turns":5}],"seed_played":"2333973532467158503","potions_obtained":[{"floor":1,"key":"EssenceOfSteel"},{"floor":3,"key":"Regen Potion"},{"floor":4,"key":"Strength Potion"},{"floor":8,"key":"Swift Potion"},{"floor":12,"key":"FairyPotion"},{"floor":18,"key":"AttackPotion"},{"floor":19,"key":"EssenceOfSteel"},{"floor":25,"key":"Dexterity Potion"},{"floor":27,"key":"Regen Potion"},{"floor":28,"key":"Fruit Juice"},{"floor":36,"key":"EssenceOfSteel"}],"is_trial":false,"path_per_floor":["M","M","M","M","?","R","E","M","T","M","M","E","R","M","R","B",null,"M","M","M","$","M","?","R","E","T","M","E","R","E","M","R","B",null,"M","M","M"],"character_chosen":"IRONCLAD","items_purchased":["Blood Vial","Pen Nib","Offering"],"campfire_rested":4,"item_purchase_floors":[21,21,21],"current_hp_per_floor":[66,72,66,63,63,63,48,45,45,40,46,47,68,71,71,37,63,56,50,51,51,36,32,53,14,14,30,38,61,35,30,53,45,69,77,44,0],"gold":421,"neow_bonus":"RANDOM_COLORLESS_2","is_prod":false,"is_daily":false,"chose_seed":false,"campfire_upgraded":2,"win_rate":0,"timestamp":1568147293,"path_taken":["M","M","M","M","?","R","E","M","T","M","M","E","R","M","R","BOSS","M","M","M","$","M","?","R","E","T","M","E","R","E","M","R","BOSS","M","M","M"],"build_version":"2019-07-17","purchased_purges":0,"victory":false,"max_hp_per_floor":[72,72,72,72,72,72,72,72,72,72,72,72,72,72,72,72,72,72,72,72,72,72,72,72,72,72,72,77,77,77,77,77,77,77,77,77,77],"card_choices":[{"not_picked":["Thunderclap","Power Through"],"picked":"Dropkick","floor":1},{"not_picked":["Clothesline","Dual Wield"],"picked":"Thunderclap","floor":2},{"not_picked":["Searing Blow","Armaments"],"picked":"Sword Boomerang","floor":3},{"not_picked":["Body Slam","Sword Boomerang"],"picked":"Uppercut","floor":4},{"not_picked":["Searing Blow","Cleave"],"picked":"Thunderclap","floor":7},{"not_picked":["Combust","Rupture"],"picked":"Thunderclap","floor":8},{"not_picked":["True Grit","Sword Boomerang"],"picked":"Seeing Red","floor":10},{"not_picked":["Bloodletting","Sword Boomerang"],"picked":"Anger","floor":11},{"not_picked":["Rage","Power Through"],"picked":"Heavy Blade","floor":12},{"not_picked":["Wild Strike","Fire Breathing"],"picked":"Shrug It Off","floor":14},{"not_picked":["Fiend Fire","Berserk"],"picked":"Double Tap","floor":16},{"not_picked":["True Grit","Warcry"],"picked":"Searing Blow+1","floor":18},{"not_picked":["Clothesline","Rage"],"picked":"Headbutt+1","floor":19},{"not_picked":["Inflame","Sentinel+1"],"picked":"Sword Boomerang+1","floor":20},{"not_picked":["Rupture","Perfected Strike"],"picked":"Heavy Blade","floor":22},{"not_picked":["Iron Wave","Havoc"],"picked":"Thunderclap+1","floor":23},{"not_picked":["Sword Boomerang","Second Wind"],"picked":"Immolate","floor":25},{"not_picked":["Clash+1","Armaments"],"picked":"Shockwave","floor":27},{"not_picked":["Headbutt","Pummel"],"picked":"Offering","floor":28},{"not_picked":["Perfected Strike","Warcry"],"picked":"Anger","floor":30},{"not_picked":["Iron Wave","Blood for Blood+1"],"picked":"Shrug It Off","floor":31},{"not_picked":["Dark Embrace","Brutality"],"picked":"Bludgeon","floor":33},{"not_picked":["Havoc","Clash"],"picked":"Pommel Strike","floor":35},{"not_picked":["Reckless Charge","Combust+1"],"picked":"Heavy Blade+1","floor":36}],"player_experience":543272,"relics_obtained":[{"floor":7,"key":"Sundial"},{"floor":9,"key":"Shuriken"},{"floor":12,"key":"Du-Vu Doll"},{"floor":23,"key":"Red Mask"},{"floor":25,"key":"Art of War"},{"floor":26,"key":"Incense Burner"},{"floor":28,"key":"MawBank"},{"floor":30,"key":"Kunai"}],"event_choices":[{"cards_removed":["Purity"],"damage_healed":0,"gold_gain":0,"player_choice":"Card Removal","damage_taken":0,"max_hp_gain":0,"max_hp_loss":0,"event_name":"The Cleric","floor":5,"gold_loss":50},{"damage_healed":0,"gold_gain":0,"player_choice":"Fought Bandits","damage_taken":0,"max_hp_gain":0,"max_hp_loss":0,"event_name":"Masked Bandits","floor":23,"gold_loss":0}],"is_beta":false,"boss_relics":[{"not_picked":["Calling Bell","Tiny House"],"picked":"Lizard Tail"},{"not_picked":["Busted Crown","Coffee Dripper"],"picked":"Black Star"}],"items_purged_floors":[],"is_endless":false,"potions_floor_spawned":[1,3,4,8,12,18,19,25,27,28,36],"killed_by":"Sphere and 2 Shapes","ascension_level":9}