{"gold_per_floor":[111,21,41,116,116,116,148,148,148,148,179,190,50,69,69,174,174,185,205,205,120,133,133,160,160,160,23,23],"floor_reached":28,"playtime":1422,"items_purged":[],"score":359,"play_id":"7505ae83-45c1-43dd-bb9a-1d3f5f8e275c","local_time":"20190107202816","is_ascension_mode":true,"campfire_choices":[{"floor":6,"key":"REST"},{"data":"Dagger Throw","floor":8,"key":"SMITH"},{"data":"Footwork","floor":15,"key":"SMITH"},{"data":"Noxious Fumes","floor":23,"key":"SMITH"},{"data":"Dodge and Roll","floor":25,"key":"SMITH"}],"neow_cost":"NONE","seed_source_timestamp":343749583999993,"circlet_count":0,"master_deck":["Defend_G","Defend_G","Defend_G","Defend_G","Defend_G","Strike_G","Strike_G","Strike_G","Strike_G","Strike_G","Survivor","Neutralize","Cloak And Dagger","Infinite Blades+1","Choke","Dagger Throw+1","Footwork+1","Acrobatics","Noxious Fumes+1","Crippling Poison","Well Laid Plans","Well Laid Plans","Adrenaline","Quick Slash+1","Backflip+1","Ghostly","Ghostly","Ghostly","Ghostly","Ghostly","Bouncing Flask","Dodge and Roll+1","Footwork","Caltrops","PiercingWail"],"relics":["Ring of the Snake","NeowsBlessing","Lantern","Matryoshka","Snake Skull","Letter Opener","The Courier","Black Star","Happy Flower","Molten Egg 2","Thread and Needle","Ancient Tea Set"],"potions_floor_usage":[11,11,12,14,24,24],"damage_taken":[{"damage":0,"enemies":"Cultist","floor":1,"turns":1},{"damage":0,"enemies":"Jaw Worm","floor":3,"turns":1},{"damage":0,"enemies":"3 Sentries","floor":7,"turns":1},{"damage":26,"enemies":"Lagavulin","floor":11,"turns":5},{"damage":0,"enemies":"Small Slimes","floor":12,"turns":3},{"damage":0,"enemies":"Exordium Thugs","floor":14,"turns":5},{"damage":23,"enemies":"Slime Boss","floor":16,"turns":9},{"damage":24,"enemies":"2 Thieves","floor":18,"turns":4},{"damage":12,"enemies":"Chosen","floor":19,"turns":5},{"damage":0,"enemies":"Snecko","floor":22,"turns":6},{"damage":9,"enemies":"Slavers","floor":24,"turns":4},{"damage":29,"enemies":"Gremlin Leader","floor":28,"turns":1}],"seed_played":"-7684881137960971531","potions_obtained":[{"floor":1,"key":"EssenceOfSteel"},{"floor":7,"key":"GamblersBrew"},{"floor":11,"key":"Block Potion"},{"floor":16,"key":"FearPotion"},{"floor":19,"key":"Explosive Potion"},{"floor":22,"key":"PowerPotion"}],"is_trial":false,"path_per_floor":["M","$","M","?","?","R","E","R","T","?","E","M","$","M","R","B",null,"M","M","?","?","M","R","E","R","T","$","E"],"character_chosen":"THE_SILENT","items_purchased":["Infinite Blades","AttackPotion","Noxious Fumes","Crippling Poison","Well Laid Plans","Footwork","Caltrops","PiercingWail"],"campfire_rested":1,"item_purchase_floors":[2,2,13,13,13,27,27,27],"current_hp_per_floor":[70,70,70,59,47,68,68,68,68,68,42,42,42,42,42,19,70,46,34,34,34,34,34,25,25,25,25,0],"gold":23,"neow_bonus":"THREE_ENEMY_KILL","is_prod":false,"is_daily":false,"chose_seed":false,"campfire_upgraded":4,"win_rate":0,"timestamp":1546910896,"path_taken":["M","$","M","?","?","R","E","R","T","?","E","M","$","M","R","BOSS","M","M","?","?","M","R","E","R","T","$","E"],"build_version":"2019-01-03v4","purchased_purges":0,"victory":false,"max_hp_per_floor":[70,70,70,70,70,70,70,70,70,70,70,70,70,70,70,70,70,70,70,35,35,35,35,35,35,35,35,35],"card_choices":[{"not_picked":["Riddle With Holes","Bouncing Flask"],"picked":"Cloak And Dagger","floor":1},{"not_picked":["Flechettes","Quick Slash"],"picked":"Choke","floor":3},{"not_picked":["Terror","Slice"],"picked":"Dagger Throw","floor":7},{"not_picked":["A Thousand Cuts","Outmaneuver"],"picked":"Footwork","floor":11},{"not_picked":["Catalyst","Slice"],"picked":"Acrobatics","floor":12},{"not_picked":["Dagger Throw","Outmaneuver"],"picked":"Well Laid Plans","floor":14},{"not_picked":["Venomology","Envenom"],"picked":"Adrenaline","floor":16},{"not_picked":["Riddle With Holes","Skewer"],"picked":"Quick Slash+1","floor":18},{"not_picked":["Underhanded Strike","Sucker Punch"],"picked":"Backflip+1","floor":19},{"not_picked":["Poisoned Stab","Bane+1"],"picked":"Bouncing Flask","floor":22},{"not_picked":["Bane","Slice+1"],"picked":"Dodge and Roll","floor":24}],"player_experience":338280,"relics_obtained":[{"floor":7,"key":"Matryoshka"},{"floor":9,"key":"Snake Skull"},{"floor":9,"key":"Letter Opener"},{"floor":11,"key":"The Courier"},{"floor":24,"key":"Molten Egg 2"},{"floor":24,"key":"Thread and Needle"},{"floor":26,"key":"Ancient Tea Set"}],"event_choices":[{"damage_healed":0,"gold_gain":75,"player_choice":"Gather Gold","damage_taken":11,"max_hp_gain":0,"max_hp_loss":0,"event_name":"World of Goop","floor":4,"gold_loss":0},{"damage_healed":0,"gold_gain":0,"player_choice":"Success","damage_taken":12,"relics_obtained":["Lantern"],"max_hp_gain":0,"max_hp_loss":0,"event_name":"Scrap Ooze","floor":5,"gold_loss":0},{"damage_healed":0,"gold_gain":0,"player_choice":"Forge","damage_taken":0,"max_hp_gain":0,"max_hp_loss":0,"event_name":"Accursed Blacksmith","floor":10,"gold_loss":0,"cards_upgraded":["Infinite Blades"]},{"damage_healed":0,"gold_gain":0,"player_choice":"Became a Ghost","damage_taken":0,"max_hp_gain":0,"max_hp_loss":35,"event_name":"Ghosts","floor":20,"gold_loss":0,"cards_obtained":["Ghostly","Ghostly","Ghostly","Ghostly","Ghostly"]},{"damage_healed":0,"gold_gain":0,"player_choice":"Obtained Relic","damage_taken":0,"relics_obtained":["Happy Flower"],"max_hp_gain":0,"max_hp_loss":0,"event_name":"Addict","floor":21,"gold_loss":85}],"is_beta":false,"boss_relics":[{"not_picked":["Velvet Choker","Busted Crown"],"picked":"Black Star"}],"items_purged_floors":[],"is_endless":false,"potions_floor_spawned":[1,7,11,16,19,22],"killed_by":"Gremlin Leader","ascension_level":3}