{"gold_per_floor":[118,131,151,169,169,169,180,211,235,235,235,264,278,308,308,406,406,417,417,429,442,468,468,383,383,429,429],"floor_reached":27,"playtime":1505,"items_purged":[],"score":425,"play_id":"5a072019-1775-4dfc-8ac7-e5bebed3c1d3","local_time":"20191001130146","is_ascension_mode":true,"campfire_choices":[{"data":"Hemokinesis","floor":6,"key":"SMITH"},{"data":"Combust","floor":10,"key":"SMITH"},{"data":"Armaments","floor":15,"key":"SMITH"},{"data":"Fire Breathing","floor":23,"key":"SMITH"},{"data":"Flame Barrier","floor":25,"key":"SMITH"}],"neow_cost":"NONE","seed_source_timestamp":1039636616203000,"circlet_count":0,"master_deck":["AscendersBane","Strike_R","Strike_R","Defend_R","Defend_R","Defend_R","Defend_R","Bash","Hemokinesis+1","Disarm","Blood for Blood","Combust+1","Bloodletting","Impervious","Armaments+1","Fire Breathing+1","Feed","Flame Barrier+1","Shrug It Off","Metallicize","Metallicize"],"relics":["Black Blood","Magic Flower","Potion Belt","Red Skull","Omamori","Red Mask","PreservedInsect","Blood Vial"],"potions_floor_usage":[16,16,16,21,22,22],"damage_taken":[{"damage":10,"enemies":"2 Louse","floor":1,"turns":4},{"damage":7,"enemies":"Small Slimes","floor":2,"turns":4},{"damage":5,"enemies":"Jaw Worm","floor":3,"turns":4},{"damage":6,"enemies":"Large Slime","floor":4,"turns":4},{"damage":3,"enemies":"Exordium Wildlife","floor":7,"turns":3},{"damage":32,"enemies":"3 Sentries","floor":8,"turns":7},{"damage":19,"enemies":"Lagavulin","floor":12,"turns":6},{"damage":5,"enemies":"Lots of Slimes","floor":13,"turns":2},{"damage":28,"enemies":"3 Sentries","floor":14,"turns":7},{"damage":8,"enemies":"Slime Boss","floor":16,"turns":7},{"damage":46,"enemies":"Shell Parasite","floor":18,"turns":8},{"damage":7,"enemies":"3 Byrds","floor":20,"turns":3},{"damage":29,"enemies":"Shelled Parasite and Fungi","floor":21,"turns":5},{"damage":32,"enemies":"Masked Bandits","floor":22,"turns":5},{"damage":22,"enemies":"Colosseum Slavers","floor":27,"turns":3}],"seed_played":"3242911220325198891","potions_obtained":[{"floor":1,"key":"Ancient Potion"},{"floor":3,"key":"Explosive Potion"},{"floor":4,"key":"SteroidPotion"},{"floor":12,"key":"FearPotion"},{"floor":14,"key":"AttackPotion"},{"floor":20,"key":"LiquidBronze"}],"is_trial":false,"path_per_floor":["M","M","M","M","?","R","M","E","T","R","?","E","M","E","R","B",null,"M","?","M","M","?","R","?","R","T","?"],"character_chosen":"IRONCLAD","items_purchased":[],"campfire_rested":0,"item_purchase_floors":[],"current_hp_per_floor":[68,67,68,68,61,61,64,38,38,38,38,28,32,13,13,14,64,39,39,47,33,16,16,16,16,16,0],"gold":429,"neow_bonus":"TRANSFORM_CARD","is_prod":false,"is_daily":false,"chose_seed":false,"campfire_upgraded":5,"win_rate":0,"timestamp":1569931306,"path_taken":["M","M","M","M","?","R","M","E","T","R","?","E","M","E","R","BOSS","M","?","M","M","?","R","?","R","T","?"],"build_version":"2019-07-17","purchased_purges":0,"victory":false,"max_hp_per_floor":[80,80,80,80,80,80,80,80,80,80,80,80,80,80,80,80,80,84,84,84,84,84,84,84,84,84,84],"card_choices":[{"not_picked":["Body Slam","Shockwave"],"picked":"Disarm","floor":1},{"not_picked":["Carnage","Spot Weakness"],"picked":"Blood for Blood","floor":2},{"not_picked":["Spot Weakness","Sword Boomerang"],"picked":"Combust","floor":3},{"not_picked":["Cleave","Thunderclap","Wild Strike"],"picked":"SKIP","floor":4},{"not_picked":["Armaments","True Grit"],"picked":"Bloodletting","floor":7},{"not_picked":["Carnage","Havoc"],"picked":"Impervious","floor":8},{"not_picked":["Body Slam","Headbutt"],"picked":"Armaments","floor":12},{"not_picked":["Rampage","Clothesline"],"picked":"Fire Breathing","floor":13},{"not_picked":["Warcry","Twin Strike","Pommel Strike"],"picked":"SKIP","floor":14},{"not_picked":["Berserk","Double Tap"],"picked":"Feed","floor":16},{"not_picked":["Heavy Blade","Anger+1"],"picked":"Flame Barrier","floor":18},{"not_picked":["Clothesline","Wild Strike"],"picked":"Shrug It Off","floor":20},{"not_picked":["Shrug It Off","Cleave"],"picked":"Metallicize","floor":21},{"not_picked":["Headbutt","Dual Wield"],"picked":"Metallicize","floor":22}],"player_experience":212556,"relics_obtained":[{"floor":8,"key":"Magic Flower"},{"floor":9,"key":"Potion Belt"},{"floor":12,"key":"Red Skull"},{"floor":14,"key":"Omamori"},{"floor":22,"key":"Red Mask"},{"floor":26,"key":"Blood Vial"}],"event_choices":[{"cards_removed":["Strike_R"],"damage_healed":0,"gold_gain":0,"player_choice":"Card Removal","damage_taken":7,"max_hp_gain":0,"max_hp_loss":0,"event_name":"Golden Wing","floor":5,"gold_loss":0},{"damage_healed":0,"gold_gain":0,"player_choice":"Ignored","damage_taken":0,"max_hp_gain":0,"max_hp_loss":0,"event_name":"Liars Game","floor":11,"gold_loss":0},{"cards_removed":["Strike_R"],"damage_healed":0,"gold_gain":0,"player_choice":"Elegance","damage_taken":0,"max_hp_gain":0,"max_hp_loss":0,"event_name":"Back to Basics","floor":19,"gold_loss":0},{"damage_healed":0,"gold_gain":0,"player_choice":"Fought Bandits","damage_taken":0,"max_hp_gain":0,"max_hp_loss":0,"event_name":"Masked Bandits","floor":22,"gold_loss":0},{"damage_healed":0,"gold_gain":0,"player_choice":"Obtained Relic","damage_taken":0,"relics_obtained":["PreservedInsect"],"max_hp_gain":0,"max_hp_loss":0,"event_name":"Addict","floor":24,"gold_loss":85},{"damage_healed":0,"gold_gain":0,"player_choice":"Fight","damage_taken":0,"max_hp_gain":0,"max_hp_loss":0,"event_name":"Colosseum","floor":27,"gold_loss":0}],"is_beta":false,"boss_relics":[{"not_picked":["Black Star","Velvet Choker"],"picked":"Black Blood"}],"items_purged_floors":[],"is_endless":false,"potions_floor_spawned":[1,3,4,12,14,20],"killed_by":"Colosseum Slavers","ascension_level":10}