{"gold_per_floor":[116,127,127,16,28,28,89,106,132,132,145,220,220,232,232,334,334,349,349],"floor_reached":19,"playtime":1066,"items_purged":["Regret"],"score":245,"play_id":"99e90a8a-5a35-4dbb-8728-09be6550655d","local_time":"20190911154224","is_ascension_mode":true,"campfire_choices":[{"data":"Feed","floor":6,"key":"SMITH"},{"floor":10,"key":"REST"},{"floor":15,"key":"REST"}],"neow_cost":"NONE","seed_source_timestamp":426342828349900,"circlet_count":0,"master_deck":["Strike_R","Strike_R","Strike_R+1","Strike_R","Strike_R","Defend_R","Defend_R","Defend_R+1","Defend_R","Bash","Flex","Warcry","Pummel","Feed+1","Metallicize","Ghostly Armor","Shrug It Off","Pommel Strike","Demon Form","Armaments+1"],"relics":["Burning Blood","Lantern","Tiny Chest","Snecko Eye"],"potions_floor_usage":[2,7,14,14,14,16,19],"damage_taken":[{"damage":13,"enemies":"Jaw Worm","floor":1,"turns":5},{"damage":0,"enemies":"2 Louse","floor":2,"turns":2},{"damage":1,"enemies":"Small Slimes","floor":5,"turns":3},{"damage":61,"enemies":"Lagavulin","floor":7,"turns":6},{"damage":15,"enemies":"Blue Slaver","floor":8,"turns":5},{"damage":17,"enemies":"Gremlin Gang","floor":11,"turns":8},{"damage":0,"enemies":"Red Slaver","floor":14,"turns":2},{"damage":26,"enemies":"The Guardian","floor":16,"turns":14},{"damage":28,"enemies":"Spheric Guardian","floor":18,"turns":6},{"damage":50,"enemies":"Masked Bandits","floor":19,"turns":3}],"seed_played":"655508879229645389","potions_obtained":[{"floor":0,"key":"SneckoOil"},{"floor":0,"key":"SteroidPotion"},{"floor":0,"key":"SkillPotion"},{"floor":7,"key":"Weak Potion"},{"floor":11,"key":"FearPotion"},{"floor":14,"key":"FearPotion"},{"floor":18,"key":"SkillPotion"}],"is_trial":false,"path_per_floor":["M","M","?","$","M","R","E","M","T","R","M","?","?","M","R","B",null,"M","?"],"character_chosen":"IRONCLAD","items_purchased":["Pummel"],"campfire_rested":2,"item_purchase_floors":[4],"current_hp_per_floor":[65,71,71,71,76,76,21,16,16,41,34,23,5,11,37,17,70,48,0],"gold":349,"neow_bonus":"THREE_SMALL_POTIONS","is_prod":false,"is_daily":false,"chose_seed":false,"campfire_upgraded":1,"win_rate":0,"timestamp":1568230944,"path_taken":["M","M","?","$","M","R","E","M","T","R","M","?","?","M","R","BOSS","M","?"],"build_version":"2019-07-17","purchased_purges":1,"victory":false,"max_hp_per_floor":[80,80,80,80,80,80,80,84,84,84,88,88,88,88,88,88,88,88,88],"card_choices":[{"not_picked":["Bloodletting","Sentinel"],"picked":"Flex","floor":1},{"not_picked":["Searing Blow","Disarm"],"picked":"Warcry","floor":2},{"not_picked":["Rampage","Perfected Strike"],"picked":"Feed","floor":5},{"not_picked":["Disarm","Hemokinesis"],"picked":"Metallicize","floor":7},{"not_picked":["Sword Boomerang","Pommel Strike"],"picked":"Ghostly Armor","floor":8},{"not_picked":["Headbutt","Blood for Blood"],"picked":"Shrug It Off","floor":11},{"not_picked":["Rupture","Wild Strike"],"picked":"Pommel Strike","floor":14},{"not_picked":["Brutality","Double Tap"],"picked":"Demon Form","floor":16},{"not_picked":["Pommel Strike","Combust+1"],"picked":"Armaments+1","floor":18}],"player_experience":569141,"relics_obtained":[{"floor":7,"key":"Tiny Chest"}],"event_choices":[{"damage_healed":0,"gold_gain":0,"player_choice":"Box","damage_taken":0,"relics_obtained":["Lantern"],"max_hp_gain":0,"max_hp_loss":0,"event_name":"Big Fish","floor":3,"gold_loss":0,"cards_obtained":["Regret"]},{"damage_healed":0,"gold_gain":75,"player_choice":"Gather Gold","damage_taken":11,"max_hp_gain":0,"max_hp_loss":0,"event_name":"World of Goop","floor":12,"gold_loss":0},{"damage_healed":0,"gold_gain":0,"player_choice":"Entered Light","damage_taken":18,"max_hp_gain":0,"max_hp_loss":0,"event_name":"Shining Light","floor":13,"gold_loss":0,"cards_upgraded":["Defend_R","Strike_R"]},{"damage_healed":0,"gold_gain":0,"player_choice":"Fought Bandits","damage_taken":0,"max_hp_gain":0,"max_hp_loss":0,"event_name":"Masked Bandits","floor":19,"gold_loss":0}],"is_beta":false,"boss_relics":[{"not_picked":["Tiny House","Runic Cube"],"picked":"Snecko Eye"}],"items_purged_floors":[4],"is_endless":false,"potions_floor_spawned":[7,11,14,18],"killed_by":"Masked Bandits","ascension_level":9}