{"gold_per_floor":[117,134,149,166,166,196,209,209,232,266,266,291,123,123,123,220,220,236,136,136,11,25,54,54,54,54,82,82,82,82,100,100,205,205,215,215,70,88,139,139,139,57,81,100,117,117,135,149,149,149],"floor_reached":51,"playtime":3681,"items_purged":["Strike_G","Envenom","Grand Finale"],"score":914,"play_id":"a953a7bc-9e68-4c04-87a2-5a516b685e53","local_time":"20190506233912","is_ascension_mode":true,"campfire_choices":[{"floor":8,"key":"REST"},{"data":"Neutralize","floor":15,"key":"SMITH"},{"floor":24,"key":"REST"},{"data":"After Image","floor":28,"key":"SMITH"},{"data":"Leg Sweep","floor":30,"key":"SMITH"},{"data":"Footwork","floor":32,"key":"SMITH"},{"floor":40,"key":"REST"},{"floor":49,"key":"REST"}],"neow_cost":"NONE","seed_source_timestamp":1502673861352,"circlet_count":0,"master_deck":["Survivor","Neutralize+1","Footwork+1","Crippling Poison+1","Poisoned Stab+1","PiercingWail","Sucker Punch","Noxious Fumes","Adrenaline","Bandage Up","After Image+1","Dagger Throw","Backstab+1","Crippling Poison","Flying Knee","Envenom","Blade Dance","Distraction","Backflip+1","Sucker Punch+1","Necronomicurse","Blade Dance+1","Leg Sweep+1","Backflip","A Thousand Cuts","Deflect","PiercingWail+1","Backflip","Footwork","Deflect+1","Parasite","Deflect+1","Noxious Fumes"],"relics":["Ring of the Snake","Happy Flower","Paper Crane","Orichalcum","Strawberry","Dream Catcher","Bottled Lightning","Pandora\u0027s Box","Centennial Puzzle","Ice Cream","Necronomicon","Pantograph","PreservedInsect","White Beast Statue","Whetstone","Tough Bandages","Vajra","Regal Pillow"],"potions_floor_usage":[12,27,39,39,48,50,50],"damage_taken":[{"damage":0,"enemies":"Small Slimes","floor":1,"turns":3},{"damage":0,"enemies":"2 Louse","floor":2,"turns":4},{"damage":2,"enemies":"Jaw Worm","floor":3,"turns":6},{"damage":3,"enemies":"Looter","floor":4,"turns":4},{"damage":36,"enemies":"Gremlin Nob","floor":6,"turns":5},{"damage":2,"enemies":"Gremlin Gang","floor":7,"turns":3},{"damage":10,"enemies":"Lagavulin","floor":10,"turns":6},{"damage":3,"enemies":"Gremlin Nob","floor":12,"turns":4},{"damage":15,"enemies":"Slime Boss","floor":16,"turns":12},{"damage":9,"enemies":"2 Thieves","floor":18,"turns":4},{"damage":2,"enemies":"Chosen","floor":22,"turns":4},{"damage":24,"enemies":"Book of Stabbing","floor":23,"turns":7},{"damage":13,"enemies":"Slavers","floor":27,"turns":5},{"damage":4,"enemies":"Snake Plant","floor":31,"turns":4},{"damage":32,"enemies":"Champ","floor":33,"turns":14},{"damage":4,"enemies":"Orb Walker","floor":35,"turns":4},{"damage":11,"enemies":"3 Darklings","floor":38,"turns":5},{"damage":72,"enemies":"2 Orb Walkers","floor":39,"turns":6},{"damage":2,"enemies":"Spire Growth","floor":44,"turns":8},{"damage":10,"enemies":"Maw","floor":45,"turns":10},{"damage":0,"enemies":"Writhing Mass","floor":47,"turns":10},{"damage":23,"enemies":"Spire Growth","floor":48,"turns":7},{"damage":28,"enemies":"Awakened One","floor":50,"turns":23}],"seed_played":"-6105720035097818606","potions_obtained":[{"floor":3,"key":"Fire Potion"},{"floor":6,"key":"Dexterity Potion"},{"floor":7,"key":"FairyPotion"},{"floor":23,"key":"SneckoOil"},{"floor":27,"key":"Regen Potion"},{"floor":33,"key":"Fire Potion"},{"floor":39,"key":"AttackPotion"},{"floor":44,"key":"Explosive Potion"},{"floor":45,"key":"Swift Potion"},{"floor":47,"key":"Regen Potion"},{"floor":48,"key":"Dexterity Potion"}],"is_trial":false,"path_per_floor":["M","M","M","M","?","E","M","R","T","E","?","E","$","?","R","B",null,"M","$","?","$","M","E","R","?","T","E","R","?","R","M","R","B",null,"M","?","$","M","?","R","T","$","T","M","M","$","M","M","R","B",null],"character_chosen":"THE_SILENT","items_purchased":["Bandage Up","Whetstone","Backflip","Footwork"],"campfire_rested":4,"item_purchase_floors":[13,37,42,42],"current_hp_per_floor":[63,63,61,58,58,22,20,41,41,38,35,32,32,32,32,21,63,58,58,58,58,60,40,63,47,47,38,38,38,38,38,38,35,67,67,67,67,60,7,30,30,30,30,32,26,26,30,26,64,53],"gold":149,"neow_bonus":"RANDOM_COMMON_RELIC","is_prod":false,"is_daily":false,"chose_seed":false,"campfire_upgraded":4,"win_rate":0,"timestamp":1557178752,"path_taken":["M","M","M","M","?","E","M","R","T","E","?","E","$","?","R","BOSS","M","$","?","$","M","E","R","?","T","E","R","?","R","?","R","BOSS","M","?","$","?","?","R","?","$","T","M","M","$","M","M","R","BOSS"],"build_version":"2019-01-23","purchased_purges":3,"victory":true,"max_hp_per_floor":[70,70,70,70,70,70,70,70,70,77,77,77,77,77,77,77,77,77,77,77,77,77,77,77,77,77,77,77,77,77,77,77,77,77,77,77,77,77,77,77,77,77,77,77,77,77,77,77,77,77],"card_choices":[{"not_picked":["Acrobatics","Slice"],"picked":"Footwork","floor":1},{"not_picked":["Flechettes","Bouncing Flask"],"picked":"Crippling Poison","floor":2},{"not_picked":["Backflip","Blur"],"picked":"Poisoned Stab","floor":3},{"not_picked":["Flechettes","Blade Dance"],"picked":"PiercingWail","floor":4},{"not_picked":["Slice","Cloak And Dagger"],"picked":"Sucker Punch","floor":6},{"not_picked":["Storm of Steel","PiercingWail"],"picked":"Noxious Fumes","floor":7},{"not_picked":["Bane","Cloak And Dagger"],"picked":"Adrenaline","floor":10},{"not_picked":["Slice","Masterful Stab","Cloak And Dagger"],"picked":"SKIP","floor":12},{"not_picked":["Grand Finale","Die Die Die"],"picked":"After Image","floor":16},{"not_picked":["Dagger Throw","Tactician+1"],"picked":"Backflip+1","floor":18},{"not_picked":["Dagger Throw","Blade Dance+1"],"picked":"Sucker Punch+1","floor":22},{"not_picked":["Grand Finale","Outmaneuver","Poisoned Stab"],"picked":"SKIP","floor":23},{"not_picked":["Masterful Stab","Calculated Gamble"],"picked":"Blade Dance+1","floor":27},{"not_picked":["Dagger Throw","Choke"],"picked":"Backflip","floor":31},{"not_picked":["Bullet Time","Burst"],"picked":"A Thousand Cuts","floor":33},{"not_picked":["Riddle With Holes","Masterful Stab","Bane+1"],"picked":"SKIP","floor":35},{"not_picked":["Bane","Poisoned Stab"],"picked":"Deflect","floor":38},{"not_picked":["Slice","Cloak And Dagger"],"picked":"PiercingWail+1","floor":39},{"not_picked":["Reflex","Calculated Gamble+1"],"picked":"Deflect+1","floor":44},{"not_picked":["Backstab","Blade Dance+1","Dash"],"picked":"SKIP","floor":45},{"not_picked":["Cloak And Dagger","Underhanded Strike+1"],"picked":"Deflect+1","floor":47},{"not_picked":["Cloak And Dagger","Prepared"],"picked":"Noxious Fumes","floor":48}],"player_experience":264175,"relics_obtained":[{"floor":6,"key":"Paper Crane"},{"floor":9,"key":"Orichalcum"},{"floor":10,"key":"Strawberry"},{"floor":12,"key":"Bottled Lightning"},{"floor":23,"key":"Ice Cream"},{"floor":25,"key":"Necronomicon"},{"floor":26,"key":"Pantograph"},{"floor":27,"key":"PreservedInsect"},{"floor":39,"key":"Tough Bandages"},{"floor":41,"key":"Vajra"},{"floor":43,"key":"Regal Pillow"}],"event_choices":[{"damage_healed":0,"gold_gain":0,"player_choice":"Grow","damage_taken":0,"max_hp_gain":0,"max_hp_loss":0,"event_name":"Living Wall","floor":5,"gold_loss":0,"cards_upgraded":["Crippling Poison"]},{"damage_healed":0,"gold_gain":0,"player_choice":"Success","damage_taken":3,"relics_obtained":["Dream Catcher"],"max_hp_gain":0,"max_hp_loss":0,"event_name":"Scrap Ooze","floor":11,"gold_loss":0},{"damage_healed":0,"gold_gain":0,"player_choice":"Ignored","damage_taken":0,"max_hp_gain":0,"max_hp_loss":0,"event_name":"Liars Game","floor":14,"gold_loss":0},{"damage_healed":0,"gold_gain":0,"player_choice":"Opened","damage_taken":0,"relics_obtained":["Centennial Puzzle"],"max_hp_gain":0,"max_hp_loss":0,"event_name":"The Mausoleum","floor":20,"gold_loss":0},{"damage_healed":0,"gold_gain":0,"player_choice":"Obtained Book","damage_taken":16,"max_hp_gain":0,"max_hp_loss":0,"event_name":"Cursed Tome","floor":25,"gold_loss":0},{"damage_healed":0,"gold_gain":0,"player_choice":"Read","damage_taken":0,"max_hp_gain":0,"max_hp_loss":0,"event_name":"The Library","floor":29,"gold_loss":0,"cards_obtained":["Leg Sweep"]},{"damage_healed":0,"gold_gain":0,"player_choice":"0 cards matched","damage_taken":0,"max_hp_gain":0,"max_hp_loss":0,"event_name":"Match and Keep!","floor":36,"gold_loss":0,"cards_obtained":[]},{"damage_healed":0,"gold_gain":0,"player_choice":"Fight","damage_taken":0,"max_hp_gain":0,"max_hp_loss":0,"event_name":"Mysterious Sphere","floor":39,"gold_loss":0}],"is_beta":false,"boss_relics":[{"not_picked":["Philosopher\u0027s Stone","Coffee Dripper"],"picked":"Pandora\u0027s Box"},{"not_picked":["Runic Dome","Black Star"],"picked":"White Beast Statue"}],"items_purged_floors":[13,19,21],"is_endless":false,"potions_floor_spawned":[3,6,7,23,27,33,35,38,39,44,45,47,48],"ascension_level":8}