{"gold_per_floor":[109,126,126,140,25,25,60,10,34,48,48,63,73,89,89,89],"floor_reached":16,"playtime":1190,"items_purged":[],"score":109,"play_id":"a0d79cd9-07b1-4961-94ba-9a7ada4cc535","local_time":"20181226142859","is_ascension_mode":true,"campfire_choices":[{"data":"Infinite Blades","floor":6,"key":"SMITH"},{"data":"Wraith Form v2","floor":11,"key":"SMITH"},{"floor":15,"key":"REST"}],"neow_cost":"NONE","seed_source_timestamp":509295345970144,"circlet_count":0,"master_deck":["Defend_G","Defend_G","Defend_G","Defend_G","Defend_G","Strike_G","Strike_G","Strike_G","Strike_G","Strike_G","Survivor","Neutralize","Blur","Setup","Dagger Throw","Infinite Blades+1","Crippling Poison","Wraith Form v2+1","Infinite Blades","Prepared","Well Laid Plans","Poisoned Stab"],"relics":["Ring of the Snake","NeowsBlessing","PreservedInsect"],"potions_floor_usage":[7,7,7,10,12],"damage_taken":[{"damage":0,"enemies":"Small Slimes","floor":1,"turns":1},{"damage":0,"enemies":"Cultist","floor":2,"turns":1},{"damage":0,"enemies":"Jaw Worm","floor":4,"turns":1},{"damage":18,"enemies":"Lagavulin","floor":7,"turns":8},{"damage":10,"enemies":"2 Fungi Beasts","floor":10,"turns":3},{"damage":4,"enemies":"Exordium Thugs","floor":12,"turns":4},{"damage":6,"enemies":"Blue Slaver","floor":13,"turns":5},{"damage":4,"enemies":"Red Slaver","floor":14,"turns":5},{"damage":49,"enemies":"Hexaghost","floor":16,"turns":9}],"seed_played":"8454111350226483256","potions_obtained":[{"floor":1,"key":"SpeedPotion"},{"floor":2,"key":"Explosive Potion"},{"floor":3,"key":"SneckoOil"},{"floor":3,"key":"AttackPotion"},{"floor":3,"key":"EssenceOfSteel"},{"floor":10,"key":"Dexterity Potion"}],"is_trial":false,"path_per_floor":["M","M","?","M","$","R","E","$","T","M","R","M","M","M","R","B"],"character_chosen":"THE_SILENT","items_purchased":["Infinite Blades","Crippling Poison","Poison Potion"],"campfire_rested":1,"item_purchase_floors":[5,5,8],"current_hp_per_floor":[70,70,70,70,70,70,52,52,52,42,42,38,32,28,49,0],"gold":89,"neow_bonus":"THREE_ENEMY_KILL","is_prod":false,"is_daily":false,"chose_seed":false,"campfire_upgraded":2,"win_rate":0,"timestamp":1545852539,"path_taken":["M","M","?","M","$","R","E","?","T","M","R","M","M","M","R","BOSS"],"build_version":"2018-12-20","purchased_purges":0,"victory":false,"max_hp_per_floor":[70,70,70,70,70,70,70,70,70,70,70,70,70,70,70,70],"card_choices":[{"not_picked":["Backflip","Calculated Gamble"],"picked":"Blur","floor":1},{"not_picked":["Blade Dance","Dagger Spray"],"picked":"Setup","floor":2},{"not_picked":["Setup","Underhanded Strike"],"picked":"Dagger Throw","floor":4},{"not_picked":["Escape Plan","Quick Slash"],"picked":"Wraith Form v2","floor":7},{"not_picked":["Slice","Tactician"],"picked":"Infinite Blades","floor":10},{"not_picked":["Poisoned Stab","Acrobatics"],"picked":"Prepared","floor":12},{"not_picked":["Acrobatics","Dagger Spray"],"picked":"Well Laid Plans","floor":13},{"not_picked":["Deadly Poison","Dagger Spray"],"picked":"Poisoned Stab","floor":14}],"player_experience":161687,"relics_obtained":[{"floor":7,"key":"PreservedInsect"}],"event_choices":[{"damage_healed":0,"gold_gain":0,"player_choice":"Got Potions","damage_taken":0,"max_hp_gain":0,"max_hp_loss":0,"event_name":"Lab","floor":3,"gold_loss":0}],"is_beta":false,"boss_relics":[],"items_purged_floors":[],"is_endless":false,"potions_floor_spawned":[1,2,10],"killed_by":"Hexaghost","ascension_level":1}