{"gold_per_floor":[110,121,133,149,169,169,187,187],"floor_reached":8,"playtime":803,"items_purged":[],"score":81,"play_id":"9ca1af3b-ffed-4fff-a0ec-8329f7de58f5","local_time":"20191002204600","is_ascension_mode":true,"campfire_choices":[{"data":"Neutralize","floor":6.0,"key":"SMITH"}],"neow_cost":"NONE","seed_source_timestamp":0,"circlet_count":0,"master_deck":["AscendersBane","Strike_G","Strike_G","Strike_G","Strike_G","Strike_G","Defend_G","Defend_G","Defend_G","Defend_G","Defend_G","Survivor","Neutralize+1","Well Laid Plans","Underhanded Strike","Dagger Throw","Quick Slash","Dodge and Roll","Deadly Poison"],"special_seed":0,"relics":["Ring of the Snake"],"potions_floor_usage":[],"damage_taken":[{"damage":7.0,"enemies":"Small Slimes","floor":1.0,"turns":4.0},{"damage":6.0,"enemies":"Cultist","floor":2.0,"turns":3.0},{"damage":0.0,"enemies":"2 Louse","floor":3.0,"turns":3.0},{"damage":3.0,"enemies":"Blue Slaver","floor":4.0,"turns":5.0},{"damage":2.0,"enemies":"Exordium Wildlife","floor":5.0,"turns":3.0},{"damage":13.0,"enemies":"Lots of Slimes","floor":7.0,"turns":6.0},{"damage":54,"enemies":"Gremlin Nob","floor":8,"turns":4}],"seed_played":"2265215760476331702","potions_obtained":[{"floor":1.0,"key":"AttackPotion"},{"floor":3.0,"key":"Explosive Potion"}],"is_trial":false,"path_per_floor":["M","M","M","M","M","R","M","E"],"character_chosen":"THE_SILENT","items_purchased":[],"campfire_rested":0,"item_purchase_floors":[],"current_hp_per_floor":[56,50,50,47,45,45,32,0],"gold":187,"neow_bonus":"THREE_CARDS","is_prod":false,"is_daily":false,"chose_seed":false,"campfire_upgraded":1,"win_rate":0,"timestamp":1570063560,"path_taken":["M","M","M","M","M","R","M","E"],"build_version":"2019-07-17","purchased_purges":0,"victory":false,"max_hp_per_floor":[70,70,70,70,70,70,70,70],"card_choices":[{"not_picked":["Deflect","Cloak And Dagger"],"picked":"Well Laid Plans","floor":0.0},{"not_picked":["Calculated Gamble","Setup"],"picked":"Underhanded Strike","floor":1.0},{"not_picked":["Deflect","Terror"],"picked":"Dagger Throw","floor":2.0},{"not_picked":["Well Laid Plans","Leg Sweep"],"picked":"Quick Slash","floor":3.0},{"not_picked":["Outmaneuver","Sucker Punch","Doppelganger"],"picked":"SKIP","floor":4.0},{"not_picked":["Outmaneuver","Sucker Punch","Doppelganger"],"picked":"SKIP","floor":4.0},{"not_picked":["Dagger Spray","Deflect"],"picked":"Dodge and Roll","floor":5.0},{"not_picked":["Predator","Poisoned Stab"],"picked":"Deadly Poison","floor":7.0}],"player_experience":614209,"relics_obtained":[],"event_choices":[],"is_beta":false,"boss_relics":[],"items_purged_floors":[],"is_endless":false,"potions_floor_spawned":[1,3],"killed_by":"Gremlin Nob","ascension_level":11}