{"gold_per_floor":[110,130,143,19,19,32,58,58,83,83,83,8,44,64,64,185,185,209,222,271,296,53,53,53],"floor_reached":24,"playtime":916,"items_purged":["Pain"],"score":309,"play_id":"ce75b524-c072-4f14-9226-9814d4640791","local_time":"20190921220526","is_ascension_mode":true,"campfire_choices":[{"floor":11,"key":"REST"},{"floor":15,"key":"REST"},{"floor":23,"key":"REST"}],"neow_cost":"NONE","seed_source_timestamp":359676262415400,"circlet_count":0,"master_deck":["AscendersBane","Zap","Dualcast","Sweeping Beam","Doom and Gloom","Ball Lightning","Steam","Stack","Conserve Battery","Injury","Scrape","Redo","Reboot","Multi-Cast","Turbo","Steam Power","Leap","Sunder","Leap","Amplify","Reprogram","Cold Snap+1","Cold Snap","Gash"],"relics":["Cracked Core","Potion Belt","Golden Idol","PreservedInsect","WarpedTongs","DataDisk","Pandora\u0027s Box","Anchor","Blood Vial"],"potions_floor_usage":[7,13,13,16,18,18,22],"damage_taken":[{"damage":8,"enemies":"2 Louse","floor":1,"turns":2},{"damage":19,"enemies":"Small Slimes","floor":2,"turns":3},{"damage":1,"enemies":"Cultist","floor":3,"turns":3},{"damage":7,"enemies":"3 Louse","floor":6,"turns":2},{"damage":19,"enemies":"Lagavulin","floor":7,"turns":6},{"damage":2,"enemies":"3 Sentries","floor":13,"turns":4},{"damage":1,"enemies":"Exordium Wildlife","floor":14,"turns":3},{"damage":27,"enemies":"The Guardian","floor":16,"turns":9},{"damage":42,"enemies":"Shell Parasite","floor":18,"turns":7},{"damage":28,"enemies":"2 Thieves","floor":19,"turns":4},{"damage":1,"enemies":"Chosen and Byrds","floor":21,"turns":4},{"damage":42,"enemies":"Slavers","floor":24,"turns":3}],"seed_played":"-4440053753762322673","potions_obtained":[{"floor":6,"key":"Fire Potion"},{"floor":7,"key":"GamblersBrew"},{"floor":13,"key":"Swift Potion"},{"floor":14,"key":"SteroidPotion"},{"floor":18,"key":"Strength Potion"}],"is_trial":false,"path_per_floor":["M","M","M","$","?","M","E","?","T","?","R","$","E","M","R","B",null,"M","M","T","M","$","R","E"],"character_chosen":"DEFECT","items_purchased":["Steam","Block Potion","Strength Potion","Blood Vial","Fruit Juice"],"campfire_rested":3,"item_purchase_floors":[4,4,4,22,22],"current_hp_per_floor":[67,48,47,47,74,67,48,48,48,48,72,72,70,69,82,55,75,33,5,5,4,9,35,0],"gold":53,"neow_bonus":"TEN_PERCENT_HP_BONUS","is_prod":false,"is_daily":false,"chose_seed":false,"campfire_upgraded":0,"win_rate":0,"timestamp":1569117926,"path_taken":["M","M","M","$","?","M","E","?","T","?","R","$","E","M","R","BOSS","M","M","?","M","$","R","E"],"build_version":"2019-07-17","purchased_purges":1,"victory":false,"max_hp_per_floor":[82,82,82,82,82,82,82,82,82,82,82,82,82,82,82,82,82,82,82,82,82,87,87,87],"card_choices":[{"not_picked":["Stack","Go for the Eyes"],"picked":"Sweeping Beam","floor":1},{"not_picked":["Blizzard","Redo"],"picked":"Doom and Gloom","floor":2},{"not_picked":["Reinforced Body","Undo"],"picked":"Ball Lightning","floor":3},{"not_picked":["Genetic Algorithm","Aggregate"],"picked":"Stack","floor":6},{"not_picked":["Reinforced Body","Steam"],"picked":"Conserve Battery","floor":7},{"not_picked":["Thunder Strike","Stack"],"picked":"Scrape","floor":13},{"not_picked":["Storm","Streamline"],"picked":"Redo","floor":14},{"not_picked":["Machine Learning","Amplify"],"picked":"Reboot","floor":16},{"not_picked":["Blizzard+1","White Noise"],"picked":"Cold Snap+1","floor":18},{"not_picked":["Conserve Battery","Go for the Eyes"],"picked":"Cold Snap","floor":19},{"not_picked":["Stack","Coolheaded+1"],"picked":"Gash","floor":21}],"player_experience":704337,"relics_obtained":[{"floor":7,"key":"Potion Belt"},{"floor":9,"key":"PreservedInsect"},{"floor":13,"key":"DataDisk"},{"floor":20,"key":"Anchor"}],"event_choices":[{"damage_healed":27,"gold_gain":0,"player_choice":"Banana","damage_taken":0,"max_hp_gain":0,"max_hp_loss":0,"event_name":"Big Fish","floor":5,"gold_loss":0},{"damage_healed":0,"gold_gain":0,"player_choice":"Take Wound","damage_taken":0,"relics_obtained":["Golden Idol"],"max_hp_gain":0,"max_hp_loss":0,"event_name":"Golden Idol","floor":8,"gold_loss":0,"cards_obtained":["Injury"]},{"damage_healed":0,"gold_gain":0,"player_choice":"Rummage","damage_taken":0,"relics_obtained":["WarpedTongs"],"max_hp_gain":0,"max_hp_loss":0,"event_name":"Accursed Blacksmith","floor":10,"gold_loss":0,"cards_obtained":["Pain"]}],"is_beta":false,"boss_relics":[{"not_picked":["Runic Pyramid","Cursed Key"],"picked":"Pandora\u0027s Box"}],"items_purged_floors":[12],"is_endless":false,"potions_floor_spawned":[6,7,13,14,18],"killed_by":"Slavers","ascension_level":10}