{"gold_per_floor":[115,133,151,164,176,208,208,208,208,229,229],"floor_reached":11,"playtime":592,"items_purged":[],"score":104,"play_id":"5a3e6ab6-cbcc-48bd-900a-3bba92e0549e","local_time":"20190915132812","is_ascension_mode":true,"campfire_choices":[{"floor":8,"key":"REST"}],"neow_cost":"NONE","seed_source_timestamp":242133006086600,"circlet_count":0,"master_deck":["Strike_G","Strike_G","Strike_G","Strike_G","Strike_G","Defend_G","Defend_G","Defend_G","Defend_G","Defend_G","Survivor","Neutralize","Dash","Footwork","Sucker Punch","Slice","Dagger Throw","Noxious Fumes","Slice","Injury","Footwork"],"relics":["Ring of the Snake","Ice Cream","Golden Idol","Unceasing Top"],"potions_floor_usage":[6,11],"damage_taken":[{"damage":5,"enemies":"Cultist","floor":1,"turns":5},{"damage":0,"enemies":"2 Louse","floor":2,"turns":3},{"damage":0,"enemies":"Jaw Worm","floor":3,"turns":5},{"damage":1,"enemies":"Large Slime","floor":4,"turns":8},{"damage":0,"enemies":"2 Fungi Beasts","floor":5,"turns":4},{"damage":37,"enemies":"Lagavulin","floor":6,"turns":6},{"damage":30,"enemies":"Exordium Thugs","floor":10,"turns":6},{"damage":11,"enemies":"Gremlin Nob","floor":11,"turns":6}],"seed_played":"3143704989487877956","potions_obtained":[{"floor":4,"key":"SteroidPotion"},{"floor":10,"key":"EssenceOfSteel"}],"is_trial":false,"path_per_floor":["M","M","M","M","M","E","?","R","T","M","E"],"character_chosen":"THE_SILENT","items_purchased":[],"campfire_rested":1,"item_purchase_floors":[],"current_hp_per_floor":[58,58,58,57,57,20,20,41,41,11,0],"gold":229,"neow_bonus":"THREE_CARDS","is_prod":false,"is_daily":false,"chose_seed":false,"campfire_upgraded":0,"win_rate":0,"timestamp":1568568492,"path_taken":["M","?","M","M","M","E","?","R","T","M","E"],"build_version":"2019-07-17","purchased_purges":0,"victory":false,"max_hp_per_floor":[70,70,70,70,70,70,70,70,70,70,70],"card_choices":[{"not_picked":["Sucker Punch","Deflect"],"picked":"Dash","floor":0},{"not_picked":["Deflect","Dagger Throw"],"picked":"Footwork","floor":1},{"not_picked":["PiercingWail","Terror"],"picked":"Sucker Punch","floor":2},{"not_picked":["Sucker Punch","Caltrops"],"picked":"Slice","floor":3},{"not_picked":["Flying Knee","Eviscerate"],"picked":"Dagger Throw","floor":4},{"not_picked":["Choke","Masterful Stab"],"picked":"Noxious Fumes","floor":5},{"not_picked":["Grand Finale","Outmaneuver"],"picked":"Slice","floor":6},{"not_picked":["Dagger Spray","Reflex"],"picked":"Footwork","floor":10}],"player_experience":621708,"relics_obtained":[{"floor":6,"key":"Ice Cream"},{"floor":9,"key":"Unceasing Top"}],"event_choices":[{"damage_healed":0,"gold_gain":0,"player_choice":"Take Wound","damage_taken":0,"relics_obtained":["Golden Idol"],"max_hp_gain":0,"max_hp_loss":0,"event_name":"Golden Idol","floor":7,"gold_loss":0,"cards_obtained":["Injury"]}],"is_beta":false,"boss_relics":[],"items_purged_floors":[],"is_endless":false,"potions_floor_spawned":[4,10],"killed_by":"Gremlin Nob","ascension_level":7}