{"gold_per_floor":[110,128,128,196,217,261,261,261],"floor_reached":8,"playtime":150,"items_purged":[],"score":84,"play_id":"02bb2e89-ac1e-4007-93b3-883253be31a5","local_time":"20190912010837","is_ascension_mode":true,"campfire_choices":[],"neow_cost":"NONE","seed_source_timestamp":461233242661500,"circlet_count":0,"master_deck":["AscendersBane","Strike_R","Strike_R","Strike_R","Strike_R","Defend_R","Defend_R","Defend_R","Defend_R","Bash","Uppercut","Infernal Blade","Inflame","Thunderclap","Entrench"],"relics":["Burning Blood","NeowsBlessing","Golden Idol","Darkstone Periapt"],"potions_floor_usage":[8],"damage_taken":[{"damage":0,"enemies":"2 Louse","floor":1,"turns":1},{"damage":0,"enemies":"Small Slimes","floor":2,"turns":1},{"damage":0,"enemies":"Jaw Worm","floor":5,"turns":1},{"damage":55,"enemies":"Lagavulin","floor":6,"turns":6},{"damage":35,"enemies":"Gremlin Nob","floor":8,"turns":3}],"seed_played":"-2448403543748686525","potions_obtained":[{"floor":1,"key":"LiquidBronze"},{"floor":6,"key":"Dexterity Potion"}],"is_trial":false,"path_per_floor":["M","M","?","?","M","E","?","E"],"character_chosen":"IRONCLAD","items_purchased":[],"campfire_rested":0,"item_purchase_floors":[],"current_hp_per_floor":[78,80,60,60,66,17,17,0],"gold":261,"neow_bonus":"THREE_ENEMY_KILL","is_prod":false,"is_daily":false,"chose_seed":false,"campfire_upgraded":0,"win_rate":0,"timestamp":1568264917,"path_taken":["M","M","?","?","M","E","?","E"],"build_version":"2019-07-17","purchased_purges":0,"victory":false,"max_hp_per_floor":[80,80,80,80,80,80,80,80],"card_choices":[{"not_picked":["Shockwave","Perfected Strike"],"picked":"Uppercut","floor":1},{"not_picked":["Iron Wave","Ghostly Armor"],"picked":"Infernal Blade","floor":2},{"not_picked":["Sentinel","True Grit"],"picked":"Inflame","floor":5},{"not_picked":["Flex","Pommel Strike"],"picked":"Thunderclap","floor":6}],"player_experience":580791,"relics_obtained":[{"floor":6,"key":"Darkstone Periapt"}],"event_choices":[{"damage_healed":0,"gold_gain":0,"player_choice":"Take Damage","damage_taken":20,"relics_obtained":["Golden Idol"],"max_hp_gain":0,"max_hp_loss":0,"event_name":"Golden Idol","floor":3,"gold_loss":0},{"damage_healed":0,"gold_gain":68,"player_choice":"Gained Gold","damage_taken":0,"max_hp_gain":0,"max_hp_loss":0,"event_name":"Golden Wing","floor":4,"gold_loss":0},{"damage_healed":0,"gold_gain":0,"cards_transformed":["Strike_R"],"player_choice":"Change","damage_taken":0,"max_hp_gain":0,"max_hp_loss":0,"event_name":"Living Wall","floor":7,"gold_loss":0,"cards_obtained":["Entrench"]}],"is_beta":false,"boss_relics":[],"items_purged_floors":[],"is_endless":false,"potions_floor_spawned":[1,6],"killed_by":"Gremlin Nob","ascension_level":10}