{"gold_per_floor":[114,114,126,143,155,190,190,217,229,251,263,290,317,329,341,353],"floor_reached":16,"playtime":1156,"items_purged":[],"score":180,"play_id":"93f04408-61a8-43da-a510-abe1ed8142df","local_time":"20181229011036","is_ascension_mode":true,"campfire_choices":[{"floor":7,"key":"REST"},{"floor":15,"key":"REST"}],"neow_cost":"NONE","seed_source_timestamp":0,"circlet_count":0,"master_deck":["Defend_G","Defend_G","Defend_G+1","Defend_G","Strike_G","Strike_G","Strike_G","Strike_G","Survivor","Neutralize","Escape Plan","Prepared","Dagger Spray","Dagger Throw","Backflip","Deflect","Slice+1","Dagger Throw","Cloak And Dagger","Riddle With Holes"],"special_seed":0,"relics":["Ring of the Snake","Centennial Puzzle","MawBank"],"potions_floor_usage":[6,12],"damage_taken":[{"damage":6.0,"enemies":"Jaw Worm","floor":1.0,"turns":6.0},{"damage":0.0,"enemies":"Cultist","floor":3.0,"turns":4.0},{"damage":0.0,"enemies":"Small Slimes","floor":4.0,"turns":5.0},{"damage":0.0,"enemies":"Gremlin Gang","floor":5.0,"turns":3.0},{"damage":40,"enemies":"Lagavulin","floor":6,"turns":6},{"damage":26,"enemies":"3 Sentries","floor":8,"turns":9},{"damage":0,"enemies":"Looter","floor":10,"turns":4},{"damage":1,"enemies":"Red Slaver","floor":12,"turns":4},{"damage":1,"enemies":"Large Slime","floor":13,"turns":5},{"damage":26,"enemies":"The Guardian","floor":16,"turns":10}],"seed_played":"-4184062402675098892","potions_obtained":[{"floor":5,"key":"SteroidPotion"},{"floor":6,"key":"Block Potion"}],"is_trial":false,"path_per_floor":["M","?","M","M","M","M","E","R","E","T","M","?","M","M","?","R","B"],"character_chosen":"THE_SILENT","items_purchased":[],"campfire_rested":2,"item_purchase_floors":[],"current_hp_per_floor":[64,64,64,64,64,24,45,19,19,19,5,4,3,3,24,0],"gold":353,"neow_bonus":"THREE_CARDS","is_prod":false,"is_daily":false,"chose_seed":false,"campfire_upgraded":0,"win_rate":0,"timestamp":1546063836,"path_taken":["M","?","M","M","M","E","R","E","T","?","?","M","M","?","R","BOSS"],"build_version":"2018-12-20","purchased_purges":0,"victory":false,"max_hp_per_floor":[70,70,70,70,70,70,70,70,70,70,70,70,70,70,70,70],"card_choices":[{"not_picked":["Crippling Poison","Prepared"],"picked":"Distraction","floor":0.0},{"not_picked":["Deflect","Outmaneuver"],"picked":"Escape Plan","floor":1.0},{"not_picked":["Cloak And Dagger","Underhanded Strike"],"picked":"Prepared","floor":3.0},{"not_picked":["Slice","Poisoned Stab"],"picked":"Dagger Spray","floor":4.0},{"not_picked":["Underhanded Strike","Skewer"],"picked":"Dagger Throw","floor":5},{"not_picked":["Deadly Poison","Outmaneuver"],"picked":"Backflip","floor":6},{"not_picked":["Caltrops","Eviscerate"],"picked":"Deflect","floor":8},{"not_picked":["Calculated Gamble","Dodge and Roll"],"picked":"Slice","floor":10},{"not_picked":["Flying Knee","Terror"],"picked":"Dagger Throw","floor":12},{"not_picked":["Expertise","Backflip"],"picked":"Cloak And Dagger","floor":13}],"player_experience":261716,"relics_obtained":[{"floor":6,"key":"Centennial Puzzle"},{"floor":8,"key":"MawBank"}],"event_choices":[{"cards_removed":["Defend_G"],"damage_healed":0.0,"max_hp_gain":0.0,"max_hp_loss":0.0,"gold_gain":0.0,"event_name":"Bonfire Elementals","player_choice":"Offered Basic","floor":2.0,"gold_loss":0.0,"damage_taken":0.0},{"damage_healed":0,"gold_gain":0,"player_choice":"Entered Light","damage_taken":14,"max_hp_gain":0,"max_hp_loss":0,"event_name":"Shining Light","floor":11,"gold_loss":0,"cards_upgraded":["Defend_G","Slice"]},{"damage_healed":0,"gold_gain":0,"cards_transformed":["Strike_G"],"player_choice":"Transformed","damage_taken":0,"max_hp_gain":0,"max_hp_loss":0,"event_name":"Transmorgrifier","floor":14,"gold_loss":0,"cards_obtained":["Riddle With Holes"]}],"is_beta":false,"boss_relics":[],"items_purged_floors":[],"is_endless":false,"potions_floor_spawned":[5,6],"killed_by":"The Guardian","ascension_level":2}