{"gold_per_floor":[112,77,87,87,100,125,125,145,145,156,167,180,180,199,199,199],"floor_reached":16,"playtime":1230,"items_purged":[],"score":154,"play_id":"722ebf3a-c91f-462f-aaa1-1f0bc006551c","local_time":"20190930214547","is_ascension_mode":true,"campfire_choices":[{"floor":7,"key":"REST"},{"floor":13,"key":"REST"},{"floor":15,"key":"REST"}],"neow_cost":"NONE","seed_source_timestamp":1135789660807600,"circlet_count":0,"master_deck":["Strike_G","Strike_G","Strike_G","Strike_G","Strike_G","Defend_G","Defend_G","Defend_G","Defend_G","Defend_G","Survivor","Neutralize","Backflip","Dodge and Roll","Regret","Backstab","Dagger Throw","PiercingWail","Well Laid Plans","PiercingWail","After Image","Cloak And Dagger"],"relics":["Ring of the Snake","Vajra","Tough Bandages","Mummified Hand"],"potions_floor_usage":[8,11,11,12,16],"damage_taken":[{"damage":17,"enemies":"Jaw Worm","floor":1,"turns":8},{"damage":5,"enemies":"2 Louse","floor":3,"turns":4},{"damage":1,"enemies":"Cultist","floor":5,"turns":4},{"damage":61,"enemies":"3 Sentries","floor":6,"turns":20},{"damage":12,"enemies":"Large Slime","floor":8,"turns":7},{"damage":0,"enemies":"Lots of Slimes","floor":10,"turns":6},{"damage":0,"enemies":"Gremlin Gang","floor":11,"turns":5},{"damage":1,"enemies":"Looter","floor":12,"turns":4},{"damage":2,"enemies":"3 Louse","floor":14,"turns":3},{"damage":63,"enemies":"Hexaghost","floor":16,"turns":18}],"seed_played":"9178924117797062687","potions_obtained":[{"floor":1,"key":"Dexterity Potion"},{"floor":6,"key":"LiquidBronze"},{"floor":8,"key":"GamblersBrew"},{"floor":10,"key":"Dexterity Potion"},{"floor":11,"key":"GamblersBrew"}],"is_trial":false,"path_per_floor":["M","?","M","?","M","E","R","M","T","M","M","M","R","M","R","B"],"character_chosen":"THE_SILENT","items_purchased":[],"campfire_rested":3,"item_purchase_floors":[],"current_hp_per_floor":[53,72,67,67,66,5,28,16,16,16,16,15,38,36,59,0],"gold":199,"neow_bonus":"TEN_PERCENT_HP_BONUS","is_prod":false,"is_daily":false,"chose_seed":false,"campfire_upgraded":0,"win_rate":0,"timestamp":1569894347,"path_taken":["M","?","M","?","M","E","R","M","T","M","M","M","R","M","R","BOSS"],"build_version":"2019-07-17","purchased_purges":0,"victory":false,"max_hp_per_floor":[77,77,77,77,77,77,77,77,77,77,77,77,77,77,77,77],"card_choices":[{"not_picked":["Deadly Poison","Skewer"],"picked":"Backflip","floor":1},{"not_picked":["Endless Agony","Poisoned Stab"],"picked":"Dodge and Roll","floor":3},{"not_picked":["Quick Slash","Acrobatics"],"picked":"Backstab","floor":5},{"not_picked":["Setup","PiercingWail"],"picked":"Dagger Throw","floor":6},{"not_picked":["Eviscerate","Bane"],"picked":"PiercingWail","floor":8},{"not_picked":["Riddle With Holes","Deadly Poison"],"picked":"Well Laid Plans","floor":10},{"not_picked":["Endless Agony","Terror"],"picked":"PiercingWail","floor":11},{"not_picked":["Choke","Flying Knee"],"picked":"After Image","floor":12},{"not_picked":["Quick Slash","Choke"],"picked":"Cloak And Dagger","floor":14}],"player_experience":746879,"relics_obtained":[{"floor":6,"key":"Tough Bandages"},{"floor":9,"key":"Mummified Hand"}],"event_choices":[{"damage_healed":19,"gold_gain":0,"player_choice":"Healed","damage_taken":0,"max_hp_gain":0,"max_hp_loss":0,"event_name":"The Cleric","floor":2,"gold_loss":35},{"damage_healed":0,"gold_gain":0,"player_choice":"Box","damage_taken":0,"relics_obtained":["Vajra"],"max_hp_gain":0,"max_hp_loss":0,"event_name":"Big Fish","floor":4,"gold_loss":0,"cards_obtained":["Regret"]}],"is_beta":false,"boss_relics":[],"items_purged_floors":[],"is_endless":false,"potions_floor_spawned":[1,6,8,10,11],"killed_by":"Hexaghost","ascension_level":9}