{"gold_per_floor":[117,131,145,3,19,51,51,79,156,184,200,210,238,65,65,164,164,181,164,174,174,185,185,185],"floor_reached":24,"playtime":3265,"items_purged":[],"score":268,"play_id":"2abdc6a0-1c18-4ba8-9498-da155a2c1aa0","local_time":"20181226172735","is_ascension_mode":true,"campfire_choices":[{"data":"Infinite Blades","floor":7,"key":"SMITH"},{"data":"Noxious Fumes","floor":15,"key":"SMITH"},{"floor":23,"key":"REST"}],"neow_cost":"NONE","seed_source_timestamp":517937263794537,"circlet_count":0,"master_deck":["Defend_G+1","Defend_G+1","Defend_G+1","Defend_G+1","Defend_G+1","Strike_G+1","Strike_G+1","Strike_G+1","Strike_G+1","Strike_G+1","Survivor","Neutralize","Venomology","Sucker Punch","Cloak And Dagger","Infinite Blades+1","Footwork","Dagger Spray","Acrobatics","Tactician","Heel Hook","Footwork","Cloak And Dagger","Prepared","Noxious Fumes+1","Grand Finale+1","Secret Technique","Cloak And Dagger","Glass Knife+1","Underhanded Strike+1","Finisher+1","Blur+1","Footwork"],"relics":["Ring of the Snake","Art of War","Dead Branch","The Courier","Strawberry","Molten Egg 2","WristBlade"],"potions_floor_usage":[1,2,3,3,5,6,8,8,8,10,11,12,12,13,13,16,19,20,20,22,22,24],"damage_taken":[{"damage":0,"enemies":"Cultist","floor":1,"turns":6},{"damage":1,"enemies":"2 Louse","floor":2,"turns":3},{"damage":0,"enemies":"Jaw Worm","floor":3,"turns":3},{"damage":0,"enemies":"Exordium Thugs","floor":5,"turns":4},{"damage":27,"enemies":"3 Sentries","floor":6,"turns":8},{"damage":0,"enemies":"Lagavulin","floor":8,"turns":6},{"damage":9,"enemies":"3 Sentries","floor":10,"turns":6},{"damage":0,"enemies":"Blue Slaver","floor":11,"turns":4},{"damage":0,"enemies":"Looter","floor":12,"turns":2},{"damage":4,"enemies":"Lagavulin","floor":13,"turns":4},{"damage":10,"enemies":"Slime Boss","floor":16,"turns":8},{"damage":0,"enemies":"Spheric Guardian","floor":18,"turns":3},{"damage":16,"enemies":"2 Thieves","floor":19,"turns":4},{"damage":35,"enemies":"3 Cultists","floor":20,"turns":6},{"damage":24,"enemies":"Centurion and Healer","floor":22,"turns":6},{"damage":72,"enemies":"Book of Stabbing","floor":24,"turns":7}],"seed_played":"-7376550300455682558","potions_obtained":[{"floor":1,"key":"AttackPotion"},{"floor":3,"key":"Block Potion"},{"floor":8,"key":"SteroidPotion"},{"floor":11,"key":"EntropicBrew"},{"floor":12,"key":"Poison Potion"},{"floor":19,"key":"Regen Potion"},{"floor":22,"key":"Regen Potion"}],"is_trial":false,"path_per_floor":["M","M","M","$","M","E","R","E","T","E","M","M","E","$","R","B",null,"M","M","M","?","M","R","E"],"character_chosen":"THE_SILENT","items_purchased":["Footwork","Dagger Spray","Acrobatics","Secret Technique","Cloak And Dagger"],"campfire_rested":1,"item_purchase_floors":[4,4,4,14,14],"current_hp_per_floor":[70,69,69,69,69,56,56,56,56,54,54,54,50,50,50,40,77,77,61,41,41,17,40,0],"gold":185,"neow_bonus":"ONE_RANDOM_RARE_CARD","is_prod":false,"is_daily":false,"chose_seed":false,"campfire_upgraded":2,"win_rate":0,"timestamp":1545863255,"path_taken":["M","M","M","?","M","E","R","E","T","E","M","M","E","$","R","BOSS","M","M","M","?","M","R","E"],"build_version":"2018-12-20","purchased_purges":0,"victory":false,"max_hp_per_floor":[70,70,70,70,70,70,70,70,70,77,77,77,77,77,77,77,77,77,77,77,77,77,77,77],"card_choices":[{"not_picked":["Expertise","Finisher"],"picked":"Sucker Punch","floor":1},{"not_picked":["Deadly Poison","Concentrate"],"picked":"Cloak And Dagger","floor":2},{"not_picked":["Catalyst","Dash"],"picked":"Infinite Blades","floor":3},{"not_picked":["Underhanded Strike","PiercingWail"],"picked":"Tactician","floor":5},{"not_picked":["Leg Sweep","Flying Knee"],"picked":"Heel Hook","floor":6},{"not_picked":["Slice","Deflect"],"picked":"Footwork","floor":8},{"not_picked":["Storm of Steel","Deadly Poison"],"picked":"Cloak And Dagger","floor":10},{"not_picked":["Deflect","Eviscerate"],"picked":"Prepared","floor":11},{"not_picked":["Deadly Poison","Backflip"],"picked":"Noxious Fumes","floor":12},{"not_picked":["Deadly Poison","Prepared"],"picked":"Grand Finale","floor":13},{"not_picked":["Burst","Malaise"],"picked":"Glass Knife+1","floor":16},{"not_picked":["Outmaneuver","Flying Knee+1"],"picked":"Underhanded Strike+1","floor":18},{"not_picked":["Sucker Punch+1","Backflip"],"picked":"Finisher+1","floor":19},{"not_picked":["Dagger Throw+1","Dodge and Roll"],"picked":"Blur+1","floor":20},{"not_picked":["Deadly Poison","Acrobatics+1"],"picked":"Footwork","floor":22}],"player_experience":168537,"relics_obtained":[{"floor":6,"key":"Art of War"},{"floor":8,"key":"Dead Branch"},{"floor":9,"key":"The Courier"},{"floor":10,"key":"Strawberry"},{"floor":13,"key":"Molten Egg 2"}],"event_choices":[{"damage_healed":0,"gold_gain":0,"player_choice":"Simplicity","damage_taken":0,"max_hp_gain":0,"max_hp_loss":0,"event_name":"Back to Basics","floor":21,"gold_loss":0,"cards_upgraded":["Defend_G","Defend_G","Defend_G","Defend_G","Defend_G","Strike_G","Strike_G","Strike_G","Strike_G","Strike_G"]}],"is_beta":false,"boss_relics":[{"not_picked":["Ring of the Serpent","Runic Dome"],"picked":"WristBlade"}],"items_purged_floors":[],"is_endless":false,"potions_floor_spawned":[1,3,8,11,12,19,22],"killed_by":"Book of Stabbing","ascension_level":1}