{"gold_per_floor":[111,121,121,121,137,137,312,390,390,390,390,423,19,40,40,164,164,185,125,148,4,24,24,58,58,58,99,99,114,114,114,114,237,237,260,281,305,430,15,15,49,49,76,76,92,92,113,129,129,129],"floor_reached":51,"playtime":3770,"items_purged":["Strike_B","Writhe"],"score":1182,"play_id":"e6b6060c-f800-4f48-95c3-0af141f78d4c","local_time":"20190921015847","is_ascension_mode":true,"campfire_choices":[{"floor":6,"key":"REST"},{"data":"Defragment","floor":11,"key":"SMITH"},{"floor":15,"key":"REST"},{"data":"Defragment","floor":23,"key":"SMITH"},{"data":"Defragment","floor":25,"key":"SMITH"},{"data":"Consume","floor":28,"key":"SMITH"},{"data":"Reinforced Body","floor":32,"key":"SMITH"},{"floor":40,"key":"REST"},{"floor":42,"key":"REST"},{"data":"Chill","floor":44,"key":"SMITH"},{"data":"Capacitor","floor":46,"key":"SMITH"},{"floor":49,"key":"REST"}],"neow_cost":"PERCENT_DAMAGE","seed_source_timestamp":30395750074624,"circlet_count":0,"master_deck":["AscendersBane","Strike_B+1","Defend_B","Defend_B","Defend_B","Defend_B","Zap","Dualcast","Streamline","Leap","Consume+1","Doubt","Defragment+1","Steam","Defragment+1","Reinforced Body+1","Glacier","Seek","Capacitor+1","White Noise","Defragment+1","FTL+1","Seek","Hologram+1","Darkness","Echo Form","Ball Lightning+1","Hologram+1","Chill+1","Double Energy+1","Self Repair","Reinforced Body+1","Redo"],"relics":["Cracked Core","Mango","Golden Idol","Darkstone Periapt","Regal Pillow","Centennial Puzzle","Runic Capacitor","Velvet Choker","Bronze Scales","Question Card","Singing Bowl","Pear","Meat on the Bone","Runic Dome","Ginger","Mercury Hourglass","Bottled Tornado","Whetstone"],"potions_floor_usage":[24],"damage_taken":[{"damage":12,"enemies":"Small Slimes","floor":1,"turns":6},{"damage":0,"enemies":"2 Louse","floor":2,"turns":2},{"damage":0,"enemies":"Jaw Worm","floor":5,"turns":3},{"damage":31,"enemies":"Gremlin Nob","floor":8,"turns":4},{"damage":34,"enemies":"Gremlin Nob","floor":12,"turns":4},{"damage":3,"enemies":"Lots of Slimes","floor":14,"turns":6},{"damage":12,"enemies":"The Guardian","floor":16,"turns":10},{"damage":0,"enemies":"Shell Parasite","floor":18,"turns":10},{"damage":6,"enemies":"2 Thieves","floor":19,"turns":4},{"damage":0,"enemies":"Snake Plant","floor":20,"turns":7},{"damage":1,"enemies":"Sentry and Sphere","floor":22,"turns":10},{"damage":18,"enemies":"Gremlin Leader","floor":24,"turns":8},{"damage":9,"enemies":"Book of Stabbing","floor":27,"turns":6},{"damage":4,"enemies":"Snecko","floor":29,"turns":5},{"damage":0,"enemies":"Automaton","floor":33,"turns":12},{"damage":0,"enemies":"3 Shapes","floor":35,"turns":7},{"damage":56,"enemies":"3 Darklings","floor":36,"turns":4},{"damage":28,"enemies":"Transient","floor":37,"turns":5},{"damage":1,"enemies":"Mind Bloom Boss Battle","floor":38,"turns":6},{"damage":13,"enemies":"Giant Head","floor":41,"turns":9},{"damage":0,"enemies":"Writhing Mass","floor":45,"turns":7},{"damage":6,"enemies":"Sphere and 2 Shapes","floor":47,"turns":5},{"damage":21,"enemies":"Transient","floor":48,"turns":5},{"damage":11,"enemies":"Time Eater","floor":50,"turns":13}],"seed_played":"2736430111082889801","potions_obtained":[{"floor":8,"key":"Energy Potion"},{"floor":12,"key":"Swift Potion"},{"floor":16,"key":"SneckoOil"},{"floor":22,"key":"FearPotion"},{"floor":27,"key":"Energy Potion"},{"floor":29,"key":"SpeedPotion"},{"floor":41,"key":"LiquidBronze"}],"is_trial":false,"path_per_floor":["M","M","?","?","M","R","?","?","T","?","R","E","$","M","R","B",null,"M","M","M","$","M","R","E","R","T","E","R","M","?","?","R","B",null,"M","M","M","?","$","R","E","R","T","R","M","R","M","M","R","B",null],"character_chosen":"DEFECT","items_purchased":["Runic Capacitor","Defragment","Reinforced Body","Bronze Scales","Mercury Hourglass","Self Repair"],"campfire_rested":5,"item_purchase_floors":[13,13,13,21,39,39],"current_hp_per_floor":[38,38,49,27,27,53,53,22,22,51,51,17,17,14,55,43,78,78,72,72,72,71,71,53,53,53,54,54,50,56,56,56,56,93,93,49,33,44,44,90,84,105,105,105,107,107,107,88,109,98],"gold":129,"neow_bonus":"REMOVE_TWO","is_prod":false,"is_daily":false,"chose_seed":false,"campfire_upgraded":7,"win_rate":0,"timestamp":1569023927,"path_taken":["M","M","?","?","M","R","?","?","T","?","R","E","?","M","R","BOSS","M","M","M","$","M","R","E","R","T","E","R","M","?","?","R","BOSS","M","M","M","?","?","R","E","R","T","R","M","R","M","?","R","BOSS"],"build_version":"2019-07-17","purchased_purges":2,"victory":true,"max_hp_per_floor":[75,75,89,89,89,89,89,89,89,89,89,89,89,89,89,89,89,89,89,89,89,89,89,89,89,89,99,99,99,105,105,105,105,105,105,105,105,105,105,105,105,105,105,105,107,107,107,109,109,109],"card_choices":[{"not_picked":["Barrage","Redo"],"picked":"Streamline","floor":1},{"not_picked":["Hologram","Chaos"],"picked":"Leap","floor":2},{"not_picked":["Redo","Tempest"],"picked":"Consume","floor":5},{"not_picked":["Melter","Recycle"],"picked":"Defragment","floor":8},{"not_picked":["Stack","Double Energy"],"picked":"Steam","floor":12},{"not_picked":["Heatsinks","Static Discharge"],"picked":"Glacier","floor":14},{"not_picked":["Machine Learning","Creative AI"],"picked":"Seek","floor":16},{"not_picked":["Sweeping Beam+1","Sunder"],"picked":"Capacitor","floor":18},{"not_picked":["Sweeping Beam","Conserve Battery"],"picked":"White Noise","floor":19},{"not_picked":["Turbo","Ball Lightning+1"],"picked":"Defragment","floor":20},{"not_picked":["Stack","Blizzard"],"picked":"FTL","floor":22},{"not_picked":["Hello World","Streamline"],"picked":"Seek","floor":24},{"not_picked":["All For One","Steam Power","Scrape"],"picked":"Hologram+1","floor":27},{"not_picked":["Compile Driver","Turbo","Auto Shields+1"],"picked":"Darkness","floor":29},{"not_picked":["Creative AI","All For One","Amplify"],"picked":"Echo Form","floor":33},{"not_picked":["Stack+1","Skim+1","Double Energy"],"picked":"Ball Lightning+1","floor":35},{"not_picked":["Beam Cell+1","Auto Shields","Conserve Battery"],"picked":"Hologram+1","floor":36},{"not_picked":["BootSequence","Coolheaded","Steam Power+1"],"picked":"Chill","floor":37},{"not_picked":["Melter+1","Rebound+1","Stack"],"picked":"Double Energy+1","floor":38},{"not_picked":["Auto Shields","Reprogram","Fusion+1"],"picked":"Reinforced Body+1","floor":41},{"not_picked":["Barrage+1","FTL+1","Compile Driver+1","Consume"],"picked":"Singing Bowl","floor":45},{"not_picked":["Reprogram","Aggregate+1","Doom and Gloom"],"picked":"Redo","floor":47},{"not_picked":["Steam","Beam Cell","Scrape","Storm+1"],"picked":"Singing Bowl","floor":48}],"player_experience":397062,"relics_obtained":[{"floor":9,"key":"Regal Pillow"},{"floor":12,"key":"Centennial Puzzle"},{"floor":24,"key":"Question Card"},{"floor":26,"key":"Singing Bowl"},{"floor":27,"key":"Pear"},{"floor":38,"key":"Ginger"},{"floor":41,"key":"Bottled Tornado"},{"floor":43,"key":"Whetstone"}],"event_choices":[{"damage_healed":0,"gold_gain":0,"player_choice":"Success","damage_taken":3,"relics_obtained":["Mango"],"max_hp_gain":0,"max_hp_loss":0,"event_name":"Scrap Ooze","floor":3,"gold_loss":0},{"damage_healed":0,"gold_gain":0,"player_choice":"Take Damage","damage_taken":22,"relics_obtained":["Golden Idol"],"max_hp_gain":0,"max_hp_loss":0,"event_name":"Golden Idol","floor":4,"gold_loss":0},{"damage_healed":0,"gold_gain":175,"player_choice":"AGREE","damage_taken":0,"max_hp_gain":0,"max_hp_loss":0,"event_name":"Liars Game","floor":7,"gold_loss":0,"cards_obtained":["Doubt"]},{"damage_healed":0,"gold_gain":0,"player_choice":"Searched \u00273\u0027 times","damage_taken":0,"relics_obtained":["Darkstone Periapt"],"max_hp_gain":0,"max_hp_loss":0,"event_name":"Dead Adventurer","floor":8,"gold_loss":0},{"damage_healed":29,"gold_gain":0,"player_choice":"Banana","damage_taken":0,"max_hp_gain":0,"max_hp_loss":0,"event_name":"Big Fish","floor":10,"gold_loss":0},{"damage_healed":0,"gold_gain":0,"player_choice":"Opened","damage_taken":0,"relics_obtained":["Meat on the Bone"],"max_hp_gain":0,"max_hp_loss":0,"event_name":"The Mausoleum","floor":30,"gold_loss":0,"cards_obtained":["Writhe"]},{"damage_healed":0,"gold_gain":0,"player_choice":"Ignored","damage_taken":0,"max_hp_gain":0,"max_hp_loss":0,"event_name":"Vampires","floor":31,"gold_loss":0},{"damage_healed":0,"gold_gain":0,"player_choice":"Fight","damage_taken":0,"max_hp_gain":0,"max_hp_loss":0,"event_name":"MindBloom","floor":38,"gold_loss":0}],"is_beta":false,"boss_relics":[{"not_picked":["Empty Cage","Runic Pyramid"],"picked":"Velvet Choker"},{"not_picked":["White Beast Statue","Cursed Key"],"picked":"Runic Dome"}],"items_purged_floors":[13,39],"is_endless":false,"potions_floor_spawned":[8,12,16,22,27,29,36,41,45,47],"ascension_level":10}