{"gold_per_floor":[110,110,19,35,35,61,76,102,173,173,189,221,241,258,258,358,358,342,354,354,365,385,411,46,76,76,94,117,117,173,173,173,273,273,289,35,50,63,81,106,106,120,191,191,219,219,245,255,255,255],"floor_reached":51,"playtime":4022,"items_purged":["Strike_G"],"score":1441,"play_id":"bd91e199-812d-4245-acec-f2a8601cd04e","local_time":"20190929203009","is_ascension_mode":true,"campfire_choices":[{"data":"Blade Dance","floor":10,"key":"SMITH"},{"data":"Cloak And Dagger","floor":15,"key":"SMITH"},{"data":"After Image","floor":29,"key":"SMITH"},{"floor":32,"key":"REST"},{"floor":41,"key":"REST"},{"floor":44,"key":"REST"},{"floor":49,"key":"REST"}],"neow_cost":"NONE","seed_source_timestamp":31079417908854,"circlet_count":0,"master_deck":["AscendersBane","Strike_G+1","Strike_G","Strike_G","Strike_G+1","Defend_G","Defend_G","Defend_G","Defend_G","Defend_G","Survivor","Neutralize","After Image+1","Blade Dance+1","Infinite Blades","Slice","Blade Dance+1","Escape Plan","Leg Sweep","Backflip","Finisher","PiercingWail","Cloak And Dagger+1","Burst","Terror","Blade Dance+1","Well Laid Plans+1","PiercingWail","Infinite Blades","Blade Dance","Infinite Blades","Cloak And Dagger","Venomology","Deflect","Panacea","Terror+1","PiercingWail","Finisher+1","Envenom","Deflect","Dodge and Roll"],"relics":["Ring of the Snake","Mango","Whetstone","Meat on the Bone","Thread and Needle","Black Star","Prayer Wheel","Singing Bowl","Kunai","Pocketwatch","Bottled Tornado","Dodecahedron","Bag of Marbles","Tiny Chest","Letter Opener","Fusion Hammer","Bronze Scales","Ancient Tea Set","PreservedInsect","Blue Candle","Happy Flower","Gremlin Horn","Pear"],"potions_floor_usage":[8,12,23,23,23,25,30,35,37,40,48,50,50,50,50],"damage_taken":[{"damage":0,"enemies":"Jaw Worm","floor":1,"turns":5},{"damage":2,"enemies":"Small Slimes","floor":4,"turns":4},{"damage":20,"enemies":"Lagavulin","floor":6,"turns":10},{"damage":0,"enemies":"Cultist","floor":7,"turns":4},{"damage":24,"enemies":"Gremlin Nob","floor":8,"turns":7},{"damage":18,"enemies":"Gremlin Gang","floor":11,"turns":6},{"damage":19,"enemies":"Lagavulin","floor":12,"turns":7},{"damage":0,"enemies":"Exordium Wildlife","floor":13,"turns":3},{"damage":0,"enemies":"2 Fungi Beasts","floor":14,"turns":4},{"damage":0,"enemies":"The Guardian","floor":16,"turns":13},{"damage":2,"enemies":"2 Thieves","floor":18,"turns":4},{"damage":14,"enemies":"Spheric Guardian","floor":19,"turns":6},{"damage":18,"enemies":"3 Cultists","floor":21,"turns":8},{"damage":0,"enemies":"Centurion and Healer","floor":22,"turns":6},{"damage":19,"enemies":"Slavers","floor":23,"turns":10},{"damage":23,"enemies":"Book of Stabbing","floor":25,"turns":6},{"damage":0,"enemies":"Snecko","floor":27,"turns":3},{"damage":23,"enemies":"Slavers","floor":30,"turns":6},{"damage":0,"enemies":"Champ","floor":33,"turns":17},{"damage":2,"enemies":"3 Shapes","floor":35,"turns":8},{"damage":2,"enemies":"3 Darklings","floor":37,"turns":6},{"damage":8,"enemies":"Maw","floor":38,"turns":7},{"damage":0,"enemies":"Sphere and 2 Shapes","floor":39,"turns":7},{"damage":2,"enemies":"Reptomancer","floor":40,"turns":8},{"damage":10,"enemies":"Spire Growth","floor":42,"turns":5},{"damage":9,"enemies":"Giant Head","floor":45,"turns":7},{"damage":0,"enemies":"Nemesis","floor":47,"turns":5},{"damage":0,"enemies":"Jaw Worm Horde","floor":48,"turns":4},{"damage":10,"enemies":"Donu and Deca","floor":50,"turns":8}],"seed_played":"4106577077775107273","potions_obtained":[{"floor":6,"key":"GhostInAJar"},{"floor":7,"key":"LiquidBronze"},{"floor":12,"key":"Dexterity Potion"},{"floor":13,"key":"Swift Potion"},{"floor":16,"key":"Ancient Potion"},{"floor":23,"key":"Regen Potion"},{"floor":25,"key":"Swift Potion"},{"floor":27,"key":"EssenceOfSteel"},{"floor":39,"key":"SkillPotion"},{"floor":40,"key":"SteroidPotion"},{"floor":47,"key":"SkillPotion"}],"is_trial":false,"path_per_floor":["M","?","$","M","?","E","M","E","T","R","M","E","M","M","R","B",null,"M","M","?","M","M","E","$","E","T","M","T","R","E","?","R","B",null,"M","$","M","M","M","E","R","M","T","R","E","?","E","M","R","B",null],"character_chosen":"THE_SILENT","items_purchased":["Infinite Blades","Slice","Kunai","Infinite Blades","Bronze Scales","Panacea"],"campfire_rested":4,"item_purchase_floors":[3,3,24,24,36,36],"current_hp_per_floor":[63,63,63,61,66,60,60,36,36,36,30,23,35,47,47,47,79,77,63,55,49,49,42,42,45,45,45,45,45,36,36,63,63,84,84,84,95,89,89,89,99,89,89,99,92,92,104,106,115,105],"gold":255,"neow_bonus":"ONE_RANDOM_RARE_CARD","is_prod":false,"is_daily":false,"chose_seed":false,"campfire_upgraded":3,"win_rate":0,"timestamp":1569781809,"path_taken":["M","?","$","M","?","E","M","E","T","R","M","E","M","M","R","BOSS","M","M","?","M","?","E","$","E","T","?","?","R","E","?","R","BOSS","M","$","M","M","M","E","R","M","T","R","E","?","E","M","R","BOSS"],"build_version":"2019-07-17","purchased_purges":1,"victory":true,"max_hp_per_floor":[70,70,70,70,75,89,89,89,89,89,89,89,89,89,89,89,89,89,89,89,89,89,89,89,89,89,89,89,89,91,91,91,91,91,93,93,95,97,97,99,99,99,99,99,101,101,113,115,115,115],"card_choices":[{"not_picked":["Terror","All Out Attack"],"picked":"Blade Dance","floor":1},{"not_picked":["Catalyst","Masterful Stab"],"picked":"Blade Dance","floor":4},{"not_picked":["Deadly Poison","Calculated Gamble"],"picked":"Escape Plan","floor":6},{"not_picked":["Dagger Spray","Flying Knee"],"picked":"Leg Sweep","floor":7},{"not_picked":["Flying Knee","Slice"],"picked":"Backflip","floor":8},{"not_picked":["Dagger Throw","Concentrate","Slice"],"picked":"SKIP","floor":11},{"not_picked":["Expertise","Dagger Throw"],"picked":"Finisher","floor":12},{"not_picked":["Sucker Punch","Reflex"],"picked":"PiercingWail","floor":13},{"not_picked":["Dagger Throw","Predator"],"picked":"Cloak And Dagger","floor":14},{"not_picked":["Tools of the Trade","Die Die Die"],"picked":"Burst","floor":16},{"not_picked":["Reflex","Predator"],"picked":"Terror","floor":18},{"not_picked":["Quick Slash","Flechettes","Acrobatics+1"],"picked":"SKIP","floor":19},{"not_picked":["Deflect","Flying Knee"],"picked":"Blade Dance+1","floor":21},{"not_picked":["Catalyst","Blur"],"picked":"Well Laid Plans+1","floor":22},{"not_picked":["Underhanded Strike","Unload"],"picked":"PiercingWail","floor":23},{"not_picked":["Concentrate","Sucker Punch+1"],"picked":"Blade Dance","floor":25},{"not_picked":["Setup","Concentrate+1"],"picked":"Infinite Blades","floor":27},{"not_picked":["Deadly Poison+1","Bane"],"picked":"Cloak And Dagger","floor":27},{"not_picked":["Sucker Punch+1","Prepared+1","Acrobatics"],"picked":"Singing Bowl","floor":30},{"not_picked":["Wraith Form v2","Doppelganger"],"picked":"Venomology","floor":33},{"not_picked":["Underhanded Strike+1","Dagger Throw"],"picked":"Deflect","floor":35},{"not_picked":["Leg Sweep+1","Outmaneuver","Slice"],"picked":"Singing Bowl","floor":35},{"not_picked":["Masterful Stab","Backflip","Slice+1"],"picked":"Singing Bowl","floor":37},{"not_picked":["Acrobatics+1","Quick Slash","Unload"],"picked":"SKIP","floor":37},{"not_picked":["Dagger Throw","Cloak And Dagger"],"picked":"Terror+1","floor":38},{"not_picked":["Bouncing Flask+1","Blade Dance","Prepared"],"picked":"SKIP","floor":38},{"not_picked":["Bouncing Flask+1","Blade Dance","Prepared"],"picked":"Singing Bowl","floor":38},{"not_picked":["Dagger Throw+1","Flying Knee+1"],"picked":"PiercingWail","floor":39},{"not_picked":["Predator+1","Heel Hook+1"],"picked":"Finisher+1","floor":39},{"not_picked":["Poisoned Stab+1","Dagger Throw+1","Backstab+1"],"picked":"Singing Bowl","floor":40},{"not_picked":["Deadly Poison+1","Sucker Punch+1"],"picked":"Envenom","floor":42},{"not_picked":["Well Laid Plans+1","Crippling Poison+1"],"picked":"Deflect","floor":42},{"not_picked":["Crippling Poison","Deadly Poison+1","Poisoned Stab+1"],"picked":"Singing Bowl","floor":45},{"not_picked":["Leg Sweep","Bane","Quick Slash+1"],"picked":"Singing Bowl","floor":47},{"not_picked":["Backflip","Slice"],"picked":"Dodge and Roll","floor":48},{"not_picked":["Predator","Riddle With Holes","Tactician+1"],"picked":"Singing Bowl","floor":48}],"player_experience":303163,"relics_obtained":[{"floor":6,"key":"Mango"},{"floor":8,"key":"Whetstone"},{"floor":9,"key":"Meat on the Bone"},{"floor":12,"key":"Thread and Needle"},{"floor":23,"key":"Prayer Wheel"},{"floor":23,"key":"Singing Bowl"},{"floor":25,"key":"Pocketwatch"},{"floor":25,"key":"Bottled Tornado"},{"floor":26,"key":"Dodecahedron"},{"floor":28,"key":"Bag of Marbles"},{"floor":30,"key":"Tiny Chest"},{"floor":30,"key":"Letter Opener"},{"floor":40,"key":"Ancient Tea Set"},{"floor":40,"key":"PreservedInsect"},{"floor":43,"key":"Blue Candle"},{"floor":45,"key":"Happy Flower"},{"floor":45,"key":"Gremlin Horn"},{"floor":47,"key":"Pear"}],"event_choices":[{"damage_healed":0,"gold_gain":0,"player_choice":"Grow","damage_taken":0,"max_hp_gain":0,"max_hp_loss":0,"event_name":"Living Wall","floor":2,"gold_loss":0,"cards_upgraded":["Blade Dance"]},{"damage_healed":0,"gold_gain":0,"player_choice":"Donut","damage_taken":0,"max_hp_gain":5,"max_hp_loss":0,"event_name":"Big Fish","floor":5,"gold_loss":0},{"damage_healed":0,"gold_gain":0,"player_choice":"","damage_taken":8,"max_hp_gain":0,"max_hp_loss":0,"event_name":"Knowing Skull","floor":20,"potions_obtained":[],"gold_loss":0,"cards_obtained":[]},{"damage_healed":0,"gold_gain":0,"player_choice":"Ignored","damage_taken":0,"max_hp_gain":0,"max_hp_loss":0,"event_name":"The Mausoleum","floor":31,"gold_loss":0},{"damage_healed":0,"gold_gain":0,"player_choice":"Ignored","damage_taken":0,"max_hp_gain":0,"max_hp_loss":0,"event_name":"Mysterious Sphere","floor":46,"gold_loss":0}],"is_beta":false,"boss_relics":[{"not_picked":["Velvet Choker","Pandora\u0027s Box"],"picked":"Black Star"},{"not_picked":["Tiny House","Empty Cage"],"picked":"Fusion Hammer"}],"items_purged_floors":[24],"is_endless":false,"potions_floor_spawned":[6,7,12,13,16,23,25,27,39,40,45,47,48],"ascension_level":10}