{"gold_per_floor":[12,87,102,120,136,136,169,169,169,185,185,199,199,78,78,177,177,196,121,121,71,49,49,63,63,363,390,390],"floor_reached":28,"playtime":1225,"items_purged":["Strike_B"],"score":307,"play_id":"8f9e5ab8-95fb-44c2-a149-86360b947973","local_time":"20190922203835","is_ascension_mode":true,"campfire_choices":[{"data":"Zap","floor":6,"key":"SMITH"},{"data":"Dualcast","floor":8,"key":"SMITH"},{"data":"White Noise","floor":11,"key":"SMITH"},{"data":"White Noise","floor":13,"key":"SMITH"},{"data":"All For One","floor":15,"key":"SMITH"},{"data":"Redo","floor":23,"key":"SMITH"},{"data":"Turbo","floor":25,"key":"SMITH"}],"neow_cost":"NO_GOLD","seed_source_timestamp":289715288810900,"circlet_count":0,"master_deck":["Strike_B","Strike_B","Defend_B","Defend_B","Defend_B","Defend_B","Zap+1","Dualcast+1","All For One+1","Go for the Eyes","White Noise+1","Electrodynamics","White Noise+1","Beam Cell","Turbo+1","Echo Form","Genetic Algorithm+1","Redo+1","Conserve Battery+1"],"relics":["Cracked Core","Symbiotic Virus","Pear","theSenshi:MoonKaleidoScopeRelic","Old Coin","Mercury Hourglass"],"potions_floor_usage":[16,24],"damage_taken":[{"damage":12,"enemies":"Jaw Worm","floor":1,"turns":3},{"damage":0,"enemies":"Cultist","floor":3,"turns":3},{"damage":4,"enemies":"2 Louse","floor":4,"turns":2},{"damage":23,"enemies":"Exordium Wildlife","floor":5,"turns":4},{"damage":12,"enemies":"Gremlin Nob","floor":7,"turns":4},{"damage":0,"enemies":"2 Fungi Beasts","floor":10,"turns":2},{"damage":0,"enemies":"Exordium Thugs","floor":12,"turns":3},{"damage":1,"enemies":"Hexaghost","floor":16,"turns":8},{"damage":7,"enemies":"3 Byrds","floor":18,"turns":3},{"damage":5,"enemies":"Spheric Guardian","floor":24,"turns":3},{"damage":37,"enemies":"Book of Stabbing","floor":27,"turns":4},{"damage":18,"enemies":"Snecko","floor":28,"turns":2}],"seed_played":"185553100716532704","potions_obtained":[{"floor":1,"key":"Swift Potion"},{"floor":7,"key":"Ancient Potion"},{"floor":12,"key":"GamblersBrew"},{"floor":16,"key":"FocusPotion"}],"is_trial":false,"path_per_floor":["M","?","M","M","M","R","E","R","T","M","R","M","R","$","R","B",null,"M","?","?","?","$","R","M","R","T","E","M"],"character_chosen":"DEFECT","items_purchased":["Turbo","Redo"],"campfire_rested":0,"item_purchase_floors":[14,22],"current_hp_per_floor":[56,49,49,45,22,22,10,10,20,20,20,20,20,20,20,19,69,62,62,46,46,46,46,41,41,41,4,0],"gold":390,"neow_bonus":"THREE_RARE_CARDS","is_prod":false,"is_daily":false,"chose_seed":false,"campfire_upgraded":7,"win_rate":0,"timestamp":1569181115,"path_taken":["M","?","M","?","M","R","E","R","T","M","R","M","R","?","R","BOSS","M","?","?","?","$","R","M","R","T","E","M"],"build_version":"2019-07-17","purchased_purges":1,"victory":false,"max_hp_per_floor":[75,75,75,75,75,75,75,75,85,85,85,85,85,85,85,85,85,85,85,85,85,85,85,85,85,85,85,85],"card_choices":[{"not_picked":["Reboot","Rainbow"],"picked":"All For One","floor":0},{"not_picked":["Fusion","Streamline"],"picked":"Go for the Eyes","floor":1},{"not_picked":["Streamline","Beam Cell"],"picked":"White Noise","floor":3},{"not_picked":["Sunder","Rebound","Rip and Tear"],"picked":"SKIP","floor":4},{"not_picked":["Rebound","Stack","Compile Driver"],"picked":"SKIP","floor":5},{"not_picked":["Hologram","White Noise"],"picked":"Electrodynamics","floor":7},{"not_picked":["Barrage","Rip and Tear"],"picked":"White Noise","floor":10},{"not_picked":["Sunder","Compile Driver"],"picked":"Beam Cell","floor":12},{"not_picked":["Amplify","Multi-Cast"],"picked":"Echo Form","floor":16},{"not_picked":["Conserve Battery","Leap+1"],"picked":"Genetic Algorithm+1","floor":18},{"not_picked":["Rebound","Sweeping Beam+1","Barrage"],"picked":"SKIP","floor":24},{"not_picked":["Go for the Eyes","Steam"],"picked":"Conserve Battery+1","floor":27}],"player_experience":380129,"relics_obtained":[{"floor":7,"key":"Symbiotic Virus"},{"floor":9,"key":"Pear"},{"floor":26,"key":"Old Coin"},{"floor":27,"key":"Mercury Hourglass"}],"event_choices":[{"damage_healed":0,"gold_gain":75,"player_choice":"Touch","damage_taken":7,"max_hp_gain":0,"max_hp_loss":0,"event_name":"FaceTrader","floor":2,"gold_loss":0},{"cards_removed":["Strike_B"],"damage_healed":0,"gold_gain":0,"player_choice":"Gave Gold","damage_taken":0,"max_hp_gain":0,"max_hp_loss":0,"event_name":"Beggar","floor":19,"gold_loss":75},{"damage_healed":0,"gold_gain":0,"player_choice":"Obtained Book","damage_taken":16,"max_hp_gain":0,"max_hp_loss":0,"event_name":"Cursed Tome","floor":20,"gold_loss":0},{"damage_healed":0,"gold_gain":0,"player_choice":"Bet on Murderer","damage_taken":0,"max_hp_gain":0,"max_hp_loss":0,"event_name":"The Joust","floor":21,"gold_loss":50}],"is_beta":false,"boss_relics":[{"not_picked":["Sozu","Busted Crown"],"picked":"theSenshi:MoonKaleidoScopeRelic"}],"items_purged_floors":[14],"is_endless":false,"potions_floor_spawned":[1,7,12,16],"killed_by":"Snecko","ascension_level":6}