{"gold_per_floor":[109,109,109,109,109,145,169,169,169,190,210,229,272,291,291,291],"floor_reached":16,"playtime":2820,"items_purged":[],"score":226,"play_id":"c3ddd456-1430-4bec-b637-d1bed2ebb24d","local_time":"20191003085848","is_ascension_mode":true,"campfire_choices":[{"floor":8,"key":"REST"},{"floor":15,"key":"REST"}],"neow_cost":"NONE","seed_source_timestamp":1347384082717600,"circlet_count":0,"master_deck":["AscendersBane","Strike_R","Strike_R","Strike_R","Strike_R","Defend_R","Defend_R","Defend_R","Defend_R","Bash","Pommel Strike","Regret","Carnage","Feel No Pain","Havoc","Havoc","Uppercut","Corruption","Metallicize"],"relics":["Burning Blood","NeowsBlessing","Golden Idol","Potion Belt","Juzu Bracelet","Sundial","The Courier","Ornamental Fan"],"potions_floor_usage":[13,14,16],"damage_taken":[{"damage":0,"enemies":"Small Slimes","floor":1,"turns":1},{"damage":0,"enemies":"Gremlin Nob","floor":6,"turns":1},{"damage":0,"enemies":"2 Louse","floor":7,"turns":1},{"damage":10,"enemies":"Jaw Worm","floor":10,"turns":4},{"damage":16,"enemies":"Large Slime","floor":11,"turns":7},{"damage":16,"enemies":"Exordium Wildlife","floor":12,"turns":6},{"damage":22,"enemies":"3 Sentries","floor":13,"turns":7},{"damage":10,"enemies":"Blue Slaver","floor":14,"turns":4},{"damage":55,"enemies":"Slime Boss","floor":16,"turns":15}],"seed_played":"7890962534191549280","potions_obtained":[{"floor":11,"key":"AttackPotion"},{"floor":13,"key":"SpeedPotion"},{"floor":14,"key":"EssenceOfSteel"}],"is_trial":false,"path_per_floor":["M","?","?","?","?","E","M","R","T","M","M","M","E","M","R","B"],"character_chosen":"IRONCLAD","items_purchased":[],"campfire_rested":2,"item_purchase_floors":[],"current_hp_per_floor":[78,58,46,39,39,45,51,75,75,71,61,51,35,31,55,0],"gold":291,"neow_bonus":"THREE_ENEMY_KILL","is_prod":false,"is_daily":false,"chose_seed":false,"campfire_upgraded":0,"win_rate":0,"timestamp":1570107528,"path_taken":["M","?","?","?","?","E","M","R","T","M","M","M","E","M","R","BOSS"],"build_version":"2019-07-17","purchased_purges":0,"victory":false,"max_hp_per_floor":[80,80,80,80,80,80,80,80,80,80,80,80,80,80,80,80],"card_choices":[{"not_picked":["Heavy Blade","Warcry"],"picked":"Pommel Strike","floor":1},{"not_picked":["Dual Wield","Heavy Blade"],"picked":"Carnage","floor":6},{"not_picked":["Carnage","Headbutt"],"picked":"Feel No Pain","floor":7},{"not_picked":["Shrug It Off","Pummel"],"picked":"Havoc","floor":10},{"not_picked":["Body Slam","Cleave"],"picked":"Havoc","floor":11},{"not_picked":["Wild Strike","Dark Embrace"],"picked":"Uppercut","floor":12},{"not_picked":["Sever Soul","Ghostly Armor"],"picked":"Corruption","floor":13},{"not_picked":["Blood for Blood","Pommel Strike"],"picked":"Metallicize","floor":14}],"player_experience":789853,"relics_obtained":[{"floor":6,"key":"Sundial"},{"floor":9,"key":"The Courier"},{"floor":13,"key":"Ornamental Fan"}],"event_choices":[{"damage_healed":0,"gold_gain":0,"player_choice":"Take Damage","damage_taken":20,"relics_obtained":["Golden Idol"],"max_hp_gain":0,"max_hp_loss":0,"event_name":"Golden Idol","floor":2,"gold_loss":0},{"damage_healed":0,"gold_gain":0,"player_choice":"Success","damage_taken":12,"relics_obtained":["Potion Belt"],"max_hp_gain":0,"max_hp_loss":0,"event_name":"Scrap Ooze","floor":3,"gold_loss":0},{"cards_removed":["Strike_R"],"damage_healed":0,"gold_gain":0,"player_choice":"Card Removal","damage_taken":7,"max_hp_gain":0,"max_hp_loss":0,"event_name":"Golden Wing","floor":4,"gold_loss":0},{"damage_healed":0,"gold_gain":0,"player_choice":"Box","damage_taken":0,"relics_obtained":["Juzu Bracelet"],"max_hp_gain":0,"max_hp_loss":0,"event_name":"Big Fish","floor":5,"gold_loss":0,"cards_obtained":["Regret"]}],"is_beta":false,"boss_relics":[],"items_purged_floors":[],"is_endless":false,"potions_floor_spawned":[11,13,14],"killed_by":"Slime Boss","ascension_level":13}