{"gold_per_floor":[209,309,320,177,189,189,189,189,189,189,208,220,220,250,250,349,349,359,359,379,391,406,406,0,14,14,14,40,40,40,60,60,159,159,171,182,182,229,229,229,242,242,242,43,62,75,95,108,108,108],"floor_reached":51,"playtime":5594,"items_purged":["Strike_G","Strike_G"],"score":963,"play_id":"ca7c1403-dd00-4274-a065-872200fed5bf","local_time":"20191003001413","is_ascension_mode":true,"campfire_choices":[{"data":"Footwork","floor":6.0,"key":"SMITH"},{"data":"Neutralize","floor":8.0,"key":"SMITH"},{"data":"Quick Slash","floor":10.0,"key":"SMITH"},{"data":"Poisoned Stab","floor":13.0,"key":"SMITH"},{"data":"Survivor","floor":15.0,"key":"SMITH"},{"data":"Deadly Poison","floor":23.0,"key":"SMITH"},{"floor":27.0,"key":"REST"},{"floor":29.0,"key":"REST"},{"floor":32.0,"key":"REST"},{"floor":40.0,"key":"REST"},{"data":"Backflip","floor":42.0,"key":"SMITH"},{"floor":49.0,"key":"REST"}],"neow_cost":"NONE","seed_source_timestamp":2074815154188685,"circlet_count":0,"master_deck":["AscendersBane","Strike_G","Strike_G","Defend_G","Defend_G","Defend_G","Defend_G","Defend_G","Survivor+1","Neutralize+1","Quick Slash+1","Poisoned Stab+1","Footwork+1","Sucker Punch+1","Die Die Die+1","Venomology","Heel Hook+1","Deadly Poison+1","Backflip+1","Backflip+1","Glass Knife+1","Crippling Poison","Tools of the Trade","PiercingWail+1","Deadly Poison","Dodge and Roll+1","Dash+1"],"special_seed":0,"relics":["Ring of the Snake","Molten Egg 2","Incense Burner","Runic Dome","Anchor","Shovel","Torii","Philosopher\u0027s Stone","Bag of Preparation","Darkstone Periapt","TwistedFunnel"],"potions_floor_usage":[50,50,50],"damage_taken":[{"damage":0.0,"enemies":"Small Slimes","floor":1.0,"turns":3.0},{"damage":1.0,"enemies":"Cultist","floor":3.0,"turns":3.0},{"damage":2.0,"enemies":"Jaw Worm","floor":5.0,"turns":6.0},{"damage":0.0,"enemies":"Large Slime","floor":11.0,"turns":8.0},{"damage":4.0,"enemies":"Lots of Slimes","floor":12.0,"turns":5.0},{"damage":15.0,"enemies":"Lagavulin","floor":14.0,"turns":8.0},{"damage":22.0,"enemies":"Hexaghost","floor":16.0,"turns":10.0},{"damage":2.0,"enemies":"Shell Parasite","floor":18.0,"turns":5.0},{"damage":0.0,"enemies":"Chosen","floor":20.0,"turns":4.0},{"damage":18.0,"enemies":"Snake Plant","floor":21.0,"turns":4.0},{"damage":0.0,"enemies":"3 Cultists","floor":22.0,"turns":4.0},{"damage":0.0,"enemies":"Snecko","floor":25.0,"turns":4.0},{"damage":21.0,"enemies":"Gremlin Leader","floor":28.0,"turns":6.0},{"damage":16.0,"enemies":"Centurion and Healer","floor":31.0,"turns":4.0},{"damage":44.0,"enemies":"Automaton","floor":33.0,"turns":13.0},{"damage":8.0,"enemies":"3 Shapes","floor":35.0,"turns":8.0},{"damage":12.0,"enemies":"Orb Walker","floor":36.0,"turns":3.0},{"damage":7.0,"enemies":"Spire Growth","floor":41.0,"turns":5.0},{"damage":1.0,"enemies":"Maw","floor":45.0,"turns":7.0},{"damage":0.0,"enemies":"Jaw Worm Horde","floor":46.0,"turns":3.0},{"damage":22.0,"enemies":"3 Darklings","floor":47.0,"turns":5.0},{"damage":14.0,"enemies":"Maw","floor":48.0,"turns":6.0},{"damage":17,"enemies":"Donu and Deca","floor":50,"turns":14}],"seed_played":"2609495888872956534","potions_obtained":[{"floor":5.0,"key":"Dexterity Potion"},{"floor":7.0,"key":"EntropicBrew"},{"floor":11.0,"key":"Energy Potion"},{"floor":22.0,"key":"Dexterity Potion"},{"floor":25.0,"key":"Dexterity Potion"},{"floor":28.0,"key":"Explosive Potion"},{"floor":31.0,"key":"Dexterity Potion"},{"floor":33.0,"key":"Poison Potion"},{"floor":36.0,"key":"GhostInAJar"},{"floor":46.0,"key":"GhostInAJar"}],"is_trial":false,"path_per_floor":["M","?","M","$","M","R","?","R","T","R","M","M","R","E","R","B",null,"M","?","M","M","M","R","$","M","T","R","E","R","$","M","R","B",null,"M","M","?","T","?","R","M","R","T","$","M","M","M","M","R","B",null],"character_chosen":"THE_SILENT","items_purchased":["Footwork","Anchor","Glass Knife+1","TwistedFunnel"],"campfire_rested":5,"item_purchase_floors":[4,24,24,44],"current_hp_per_floor":[63,63,62,62,60,60,60,60,60,60,60,56,56,41,41,19,57,55,55,55,37,37,37,37,37,37,58,37,58,58,42,63,19,57,49,37,37,37,37,58,51,51,51,51,50,50,28,14,35,18],"gold":108,"neow_bonus":"HUNDRED_GOLD","is_prod":false,"is_daily":false,"chose_seed":false,"campfire_upgraded":7,"win_rate":0,"timestamp":1570076053,"path_taken":["M","?","M","?","M","R","?","R","T","R","M","M","R","E","R","BOSS","M","?","M","?","M","R","$","M","T","R","E","R","$","M","R","BOSS","M","M","?","?","?","R","M","R","T","$","M","M","?","M","R","BOSS"],"build_version":"2019-07-17","purchased_purges":2,"victory":true,"max_hp_per_floor":[70,70,70,70,70,70,70,70,70,70,70,70,70,70,70,70,70,70,70,70,70,70,70,70,70,70,70,70,70,70,70,70,70,70,70,70,70,70,70,70,70,70,70,70,70,70,70,70,70,70],"card_choices":[{"not_picked":["Backflip","PiercingWail"],"picked":"Quick Slash","floor":1.0},{"not_picked":["Flying Knee","Cloak And Dagger"],"picked":"Poisoned Stab","floor":3.0},{"not_picked":["Underhanded Strike","Bane","Infinite Blades"],"picked":"SKIP","floor":5.0},{"not_picked":["Poisoned Stab+1","Outmaneuver"],"picked":"Sucker Punch+1","floor":11.0},{"not_picked":["Calculated Gamble","Dagger Throw+1"],"picked":"Die Die Die+1","floor":12.0},{"not_picked":["Outmaneuver","Cloak And Dagger","Dodge and Roll"],"picked":"SKIP","floor":14.0},{"not_picked":["Doppelganger","Wraith Form v2"],"picked":"Venomology","floor":16.0},{"not_picked":["Acrobatics","Deflect"],"picked":"Heel Hook+1","floor":18.0},{"not_picked":["Deadly Poison","Reflex"],"picked":"Backflip+1","floor":20.0},{"not_picked":["Eviscerate+1","Tactician+1","Dagger Throw+1"],"picked":"SKIP","floor":21.0},{"not_picked":["Acrobatics","Slice+1"],"picked":"Backflip","floor":22.0},{"not_picked":["Flechettes+1","Distraction+1","Expertise"],"picked":"SKIP","floor":25.0},{"not_picked":["Dagger Throw+1","Sucker Punch+1"],"picked":"Crippling Poison","floor":28.0},{"not_picked":["Dodge and Roll","Underhanded Strike+1","Eviscerate+1"],"picked":"SKIP","floor":31.0},{"not_picked":["A Thousand Cuts","Doppelganger"],"picked":"Tools of the Trade","floor":33.0},{"not_picked":["Bane+1","Leg Sweep+1"],"picked":"PiercingWail+1","floor":35.0},{"not_picked":["Blade Dance","Sucker Punch+1","Dagger Spray+1"],"picked":"SKIP","floor":36.0},{"not_picked":["PiercingWail","Unload+1","Sucker Punch+1"],"picked":"SKIP","floor":41.0},{"not_picked":["Blade Dance","Choke+1"],"picked":"Deadly Poison","floor":45.0},{"not_picked":["Acrobatics","Outmaneuver","Calculated Gamble"],"picked":"SKIP","floor":46.0},{"not_picked":["Outmaneuver","Flying Knee+1"],"picked":"Dodge and Roll+1","floor":47.0},{"not_picked":["Dodge and Roll","Well Laid Plans"],"picked":"Dash+1","floor":48.0}],"player_experience":618323,"relics_obtained":[{"floor":9.0,"key":"Molten Egg 2"},{"floor":14.0,"key":"Incense Burner"},{"floor":26.0,"key":"Shovel"},{"floor":28.0,"key":"Torii"},{"floor":38.0,"key":"Bag of Preparation"},{"floor":43.0,"key":"Darkstone Periapt"}],"event_choices":[{"damage_healed":0.0,"max_hp_gain":0.0,"max_hp_loss":0.0,"gold_gain":100.0,"event_name":"Golden Shrine","player_choice":"Pray","floor":2.0,"gold_loss":0.0,"damage_taken":0.0},{"damage_healed":0.0,"max_hp_gain":0.0,"max_hp_loss":0.0,"gold_gain":0.0,"event_name":"Lab","player_choice":"Got Potions","floor":7.0,"gold_loss":0.0,"damage_taken":0.0},{"damage_healed":0.0,"max_hp_gain":0.0,"max_hp_loss":0.0,"gold_gain":0.0,"cards_transformed":["Strike_G"],"event_name":"Transmorgrifier","player_choice":"Transformed","floor":19.0,"gold_loss":0.0,"damage_taken":0.0,"cards_obtained":["Deadly Poison"]},{"damage_healed":0.0,"max_hp_gain":0.0,"max_hp_loss":0.0,"gold_gain":0.0,"event_name":"Mysterious Sphere","player_choice":"Ignored","floor":37.0,"gold_loss":0.0,"damage_taken":0.0},{"damage_healed":0.0,"max_hp_gain":0.0,"max_hp_loss":0.0,"gold_gain":0.0,"event_name":"SecretPortal","player_choice":"Ignored","floor":39.0,"gold_loss":0.0,"damage_taken":0.0}],"is_beta":false,"boss_relics":[{"not_picked":["Sozu","Calling Bell"],"picked":"Runic Dome"},{"not_picked":["Astrolabe","HoveringKite"],"picked":"Philosopher\u0027s Stone"}],"items_purged_floors":[4,24],"is_endless":false,"potions_floor_spawned":[5,11,22,25,28,31,33,36,41,46,47],"ascension_level":11}