{"gold_per_floor":[116,191,366,316,333,333,360,360,360,360],"floor_reached":10,"playtime":341,"items_purged":[],"score":77,"play_id":"2a61fb52-a746-42f2-a2d5-3469b48a8565","local_time":"20190508215909","is_ascension_mode":true,"campfire_choices":[{"data":"Zap","floor":6,"key":"SMITH"},{"data":"Fusion","floor":8,"key":"SMITH"}],"neow_cost":"NONE","seed_source_timestamp":10757795319989,"circlet_count":0,"master_deck":["Strike_B","Strike_B","Strike_B","Strike_B","Defend_B","Defend_B","Defend_B","Defend_B","Zap+1","Dualcast","Turbo","Fusion+1","Creative AI"],"relics":["Cracked Core","Ornamental Fan","Vajra"],"potions_floor_usage":[10,10],"damage_taken":[{"damage":2,"enemies":"Jaw Worm","floor":1,"turns":3},{"damage":0,"enemies":"2 Louse","floor":5,"turns":2},{"damage":37,"enemies":"Lagavulin","floor":7,"turns":8},{"damage":43,"enemies":"Lagavulin Event","floor":10,"turns":6}],"seed_played":"-3963347626911126911","potions_obtained":[{"floor":5,"key":"EssenceOfSteel"},{"floor":7,"key":"FearPotion"}],"is_trial":false,"path_per_floor":["M","?","?","?","M","R","E","R","T","?"],"character_chosen":"DEFECT","items_purchased":[],"campfire_rested":0,"item_purchase_floors":[],"current_hp_per_floor":[80,69,69,69,69,69,32,32,32,0],"gold":360,"neow_bonus":"TEN_PERCENT_HP_BONUS","is_prod":false,"is_daily":false,"chose_seed":false,"campfire_upgraded":2,"win_rate":0,"timestamp":1557349149,"path_taken":["M","?","?","?","M","R","E","R","T","?"],"build_version":"2019-01-23","purchased_purges":0,"victory":false,"max_hp_per_floor":[82,82,82,82,82,82,82,82,82,82],"card_choices":[{"not_picked":["Go for the Eyes","Steam"],"picked":"Turbo","floor":1},{"not_picked":["Consume","Turbo"],"picked":"Fusion","floor":5},{"not_picked":["Steam","Gash"],"picked":"Creative AI","floor":7}],"player_experience":225517,"relics_obtained":[{"floor":7,"key":"Ornamental Fan"},{"floor":9,"key":"Vajra"}],"event_choices":[{"damage_healed":0,"gold_gain":75,"player_choice":"Gather Gold","damage_taken":11,"max_hp_gain":0,"max_hp_loss":0,"event_name":"World of Goop","floor":2,"gold_loss":0},{"damage_healed":0,"gold_gain":175,"player_choice":"AGREE","damage_taken":0,"max_hp_gain":0,"max_hp_loss":0,"event_name":"Liars Game","floor":3,"gold_loss":0,"cards_obtained":["Doubt"]},{"cards_removed":["Doubt"],"damage_healed":0,"gold_gain":0,"player_choice":"Card Removal","damage_taken":0,"max_hp_gain":0,"max_hp_loss":0,"event_name":"The Cleric","floor":4,"gold_loss":50},{"damage_healed":0,"gold_gain":0,"player_choice":"Searched \u00271\u0027 times","damage_taken":0,"max_hp_gain":0,"max_hp_loss":0,"event_name":"Dead Adventurer","floor":10,"gold_loss":0}],"is_beta":false,"boss_relics":[],"items_purged_floors":[],"is_endless":false,"potions_floor_spawned":[5,7],"killed_by":"Lagavulin Event","ascension_level":4}