{"gold_per_floor":[111,124,137,147,162,162,172,172,197,122,122,122,122,122,122,241,241,260,278,278,302,302,302,333,333,333,533,551,306,306,306,306,431,431,452,452,527,548,162,197,197,238,311,311,324,324,324,24,24,24],"floor_reached":51,"playtime":2946,"items_purged":["Strike_G","Shame","Strike_G","Doubt"],"score":1064,"play_id":"1790ed31-3a5b-468d-8961-e8c3aa3d2e37","local_time":"20190920233531","is_ascension_mode":true,"campfire_choices":[{"data":"Noxious Fumes","floor":6,"key":"SMITH"},{"data":"Neutralize","floor":8,"key":"SMITH"},{"data":"Survivor","floor":13,"key":"SMITH"},{"floor":15,"key":"REST"},{"data":"Caltrops","floor":23,"key":"SMITH"},{"data":"Corpse Explosion","floor":25,"key":"SMITH"},{"data":"Corpse Explosion","floor":30,"key":"SMITH"},{"data":"Bouncing Flask","floor":32,"key":"SMITH"},{"data":"Wraith Form v2","floor":41,"key":"SMITH"},{"data":"Doppelganger","floor":44,"key":"SMITH"},{"data":"Blade Dance","floor":47,"key":"SMITH"},{"data":"Tools of the Trade","floor":49,"key":"SMITH"}],"neow_cost":"NONE","seed_source_timestamp":125796242998100,"circlet_count":0,"master_deck":["Defend_G","Defend_G","Defend_G","Defend_G","Defend_G","Survivor+1","Neutralize+1","PiercingWail+1","Flying Knee+1","Noxious Fumes+1","Predator+1","Bouncing Flask+1","Corpse Explosion+1","Caltrops+1","Ghostly","Ghostly","Ghostly","Ghostly","Ghostly","Caltrops+1","Tools of the Trade+1","Blade Dance+1","Riddle With Holes+1","Crippling Poison","Corpse Explosion+1","Wraith Form v2+1","Prepared+1","Blade Dance+1","Doppelganger+1","Outmaneuver+1"],"relics":["Cursed Key","Juzu Bracelet","Golden Idol","Coffee Dripper","Ice Cream","Dead Branch","theSenshi:MoonKaleidoScopeRelic","Bottled Lightning","Whetstone","Happy Flower","theSenshi:FeatherClipsRelic","Art of War"],"potions_floor_usage":[7,33,35,42,50],"damage_taken":[{"damage":0,"enemies":"2 Louse","floor":1,"turns":3},{"damage":0,"enemies":"Jaw Worm","floor":2,"turns":4},{"damage":0,"enemies":"Small Slimes","floor":3,"turns":4},{"damage":4,"enemies":"Blue Slaver","floor":4,"turns":4},{"damage":2,"enemies":"Looter","floor":5,"turns":4},{"damage":0,"enemies":"Large Slime","floor":7,"turns":6},{"damage":13,"enemies":"Slime Boss","floor":16,"turns":9},{"damage":18,"enemies":"Shell Parasite","floor":18,"turns":4},{"damage":6,"enemies":"Spheric Guardian","floor":19,"turns":4},{"damage":0,"enemies":"Centurion and Healer","floor":21,"turns":4},{"damage":0,"enemies":"Slavers","floor":24,"turns":4},{"damage":0,"enemies":"3 Cultists","floor":28,"turns":4},{"damage":5,"enemies":"Collector","floor":33,"turns":8},{"damage":0,"enemies":"3 Shapes","floor":35,"turns":3},{"damage":1,"enemies":"3 Darklings","floor":38,"turns":2},{"damage":4,"enemies":"Reptomancer","floor":40,"turns":6},{"damage":0,"enemies":"Giant Head","floor":42,"turns":6},{"damage":2,"enemies":"Sphere and 2 Shapes","floor":45,"turns":3},{"damage":25,"enemies":"Donu and Deca","floor":50,"turns":6}],"seed_played":"3955776885554110662","potions_obtained":[{"floor":5,"key":"GamblersBrew"},{"floor":16,"key":"LiquidBronze"},{"floor":21,"key":"Dexterity Potion"},{"floor":24,"key":"FearPotion"},{"floor":33,"key":"Explosive Potion"},{"floor":35,"key":"SkillPotion"},{"floor":42,"key":"Swift Potion"},{"floor":45,"key":"Weak Potion"}],"is_trial":false,"path_per_floor":["M","M","M","M","M","R","M","R","T","$","?","?","R","?","R","B",null,"M","M","?","M","?","R","E","R","T","?","M","$","R","?","R","B",null,"M","?","?","M","$","E","R","E","T","R","M","?","R","$","R","B",null],"character_chosen":"THE_SILENT","items_purchased":["Corpse Explosion","Bottled Lightning","Art of War"],"campfire_rested":1,"item_purchase_floors":[29,39,48],"current_hp_per_floor":[63,63,63,59,57,57,57,57,57,57,40,33,33,19,40,27,59,41,35,35,35,35,35,35,35,35,35,35,35,35,31,31,26,37,37,37,33,32,32,28,28,28,28,28,32,32,32,32,32,13],"gold":24,"neow_bonus":"BOSS_RELIC","is_prod":false,"is_daily":false,"chose_seed":false,"campfire_upgraded":11,"win_rate":0,"timestamp":1569018931,"path_taken":["M","M","M","M","M","R","M","R","T","$","?","?","R","?","R","BOSS","M","M","?","M","?","R","E","R","T","?","M","$","R","?","R","BOSS","M","?","?","M","$","E","R","E","T","R","M","?","R","$","R","BOSS"],"build_version":"2019-07-17","purchased_purges":4,"victory":true,"max_hp_per_floor":[70,70,70,70,70,70,70,70,70,70,70,70,70,70,70,70,70,70,70,35,35,35,35,35,35,35,35,35,35,35,40,40,40,40,40,40,40,40,40,40,40,40,40,40,40,40,40,40,40,40],"card_choices":[{"not_picked":["Backflip","Poisoned Stab"],"picked":"PiercingWail","floor":1},{"not_picked":["Slice","Cloak And Dagger"],"picked":"Flying Knee","floor":2},{"not_picked":["Cloak And Dagger","Backstab"],"picked":"Noxious Fumes","floor":3},{"not_picked":["Quick Slash","Setup"],"picked":"Predator","floor":4},{"not_picked":["All Out Attack","Prepared"],"picked":"Bouncing Flask","floor":5},{"not_picked":["Sucker Punch","Dodge and Roll","Backstab"],"picked":"SKIP","floor":7},{"not_picked":["Glass Knife","Malaise"],"picked":"Corpse Explosion","floor":16},{"not_picked":["Poisoned Stab","Dagger Spray"],"picked":"Caltrops","floor":18},{"not_picked":["Sucker Punch+1","All Out Attack","Outmaneuver"],"picked":"SKIP","floor":19},{"not_picked":["Bane","PiercingWail"],"picked":"Caltrops+1","floor":21},{"not_picked":["Heel Hook","Blade Dance"],"picked":"Riddle With Holes+1","floor":24},{"not_picked":["Acrobatics","Dagger Throw+1"],"picked":"Crippling Poison","floor":28},{"not_picked":["A Thousand Cuts","Malaise"],"picked":"Wraith Form v2","floor":33},{"not_picked":["Deadly Poison","Underhanded Strike"],"picked":"Prepared+1","floor":35},{"not_picked":["Quick Slash","Cloak And Dagger"],"picked":"Blade Dance+1","floor":38},{"not_picked":["Dodge and Roll","Tools of the Trade","PiercingWail"],"picked":"SKIP","floor":40},{"not_picked":["Bane","Dodge and Roll+1"],"picked":"Doppelganger","floor":42},{"not_picked":["Quick Slash+1","Deflect+1"],"picked":"Outmaneuver+1","floor":45}],"player_experience":361812,"relics_obtained":[{"floor":9,"key":"Juzu Bracelet"},{"floor":24,"key":"Ice Cream"},{"floor":26,"key":"Dead Branch"},{"floor":40,"key":"Whetstone"},{"floor":42,"key":"Happy Flower"},{"floor":43,"key":"theSenshi:FeatherClipsRelic"}],"event_choices":[{"damage_healed":0,"gold_gain":0,"player_choice":"Take Damage","damage_taken":17,"relics_obtained":["Golden Idol"],"max_hp_gain":0,"max_hp_loss":0,"event_name":"Golden Idol","floor":11,"gold_loss":0},{"cards_removed":["Shame"],"damage_healed":0,"gold_gain":0,"player_choice":"Card Removal","damage_taken":7,"max_hp_gain":0,"max_hp_loss":0,"event_name":"Golden Wing","floor":12,"gold_loss":0},{"damage_healed":0,"gold_gain":0,"player_choice":"Entered Light","damage_taken":14,"max_hp_gain":0,"max_hp_loss":0,"event_name":"Shining Light","floor":14,"gold_loss":0,"cards_upgraded":["Predator","PiercingWail"]},{"damage_healed":0,"gold_gain":0,"player_choice":"Became a Ghost","damage_taken":0,"max_hp_gain":0,"max_hp_loss":35,"event_name":"Ghosts","floor":20,"gold_loss":0,"cards_obtained":["Ghostly","Ghostly","Ghostly","Ghostly","Ghostly"]},{"damage_healed":0,"gold_gain":0,"cards_transformed":["Strike_G","Strike_G"],"player_choice":"Became Test Subject","damage_taken":0,"max_hp_gain":0,"max_hp_loss":0,"event_name":"Drug Dealer","floor":22,"gold_loss":0,"cards_obtained":["Tools of the Trade","Blade Dance"]},{"damage_healed":0,"gold_gain":250,"player_choice":"Bet on Owner","damage_taken":0,"max_hp_gain":0,"max_hp_loss":0,"event_name":"The Joust","floor":27,"gold_loss":50},{"damage_healed":0,"gold_gain":0,"player_choice":"Shed Blood","damage_taken":9,"max_hp_gain":5,"max_hp_loss":0,"event_name":"Forgotten Altar","floor":31,"gold_loss":0},{"damage_healed":0,"gold_gain":0,"player_choice":"Ignored","damage_taken":0,"max_hp_gain":0,"max_hp_loss":0,"event_name":"Tomb of Lord Red Mask","floor":36,"gold_loss":0},{"damage_healed":0,"gold_gain":75,"player_choice":"Touch","damage_taken":4,"max_hp_gain":0,"max_hp_loss":0,"event_name":"FaceTrader","floor":37,"gold_loss":0},{"cards_removed":["Strike_G"],"damage_healed":0,"gold_gain":0,"player_choice":"Removed Attack","damage_taken":0,"max_hp_gain":0,"max_hp_loss":0,"event_name":"Falling","floor":46,"gold_loss":0}],"is_beta":false,"boss_relics":[{"not_picked":["White Beast Statue","Astrolabe"],"picked":"Coffee Dripper"},{"not_picked":["Tiny House","Sozu"],"picked":"theSenshi:MoonKaleidoScopeRelic"}],"items_purged_floors":[10,29,39,48],"is_endless":false,"potions_floor_spawned":[5,16,21,24,33,35,42,45],"ascension_level":6}