{"gold_per_floor":[116,11,11,25,40,74,84,84,84,84,96,96,126,136,136,208,208,196,209,221,221],"floor_reached":21,"playtime":1501,"items_purged":[],"score":318,"play_id":"64db1e72-8f35-44fa-a5b7-4cd37d9b05d6","local_time":"20191002075737","is_ascension_mode":true,"campfire_choices":[{"floor":8,"key":"REST"},{"floor":12,"key":"REST"},{"floor":15,"key":"REST"}],"neow_cost":"NONE","seed_source_timestamp":13837111317257,"circlet_count":0,"master_deck":["AscendersBane","Strike_G","Strike_G","Strike_G","Strike_G","Strike_G","Defend_G","Defend_G","Defend_G","Defend_G","Defend_G","Survivor","Neutralize","Adrenaline","PiercingWail","Footwork","Poisoned Stab","Quick Slash","Well Laid Plans","Dash","Poisoned Stab","Backflip","Glass Knife","Accuracy","Accuracy","Footwork"],"relics":["Ring of the Snake","Paper Crane","Mummified Hand","Velvet Choker"],"potions_floor_usage":[13],"damage_taken":[{"damage":4,"enemies":"Cultist","floor":1,"turns":6},{"damage":2,"enemies":"Jaw Worm","floor":4,"turns":4},{"damage":0,"enemies":"Small Slimes","floor":5,"turns":3},{"damage":51,"enemies":"Lagavulin","floor":6,"turns":12},{"damage":0,"enemies":"2 Fungi Beasts","floor":7,"turns":4},{"damage":2,"enemies":"Red Slaver","floor":11,"turns":3},{"damage":20,"enemies":"Gremlin Nob","floor":13,"turns":4},{"damage":7,"enemies":"Exordium Thugs","floor":14,"turns":4},{"damage":27,"enemies":"Slime Boss","floor":16,"turns":20},{"damage":8,"enemies":"2 Thieves","floor":18,"turns":4},{"damage":12,"enemies":"Spheric Guardian","floor":19,"turns":4},{"damage":0,"enemies":"Centurion and Healer","floor":20,"turns":9},{"damage":56,"enemies":"3 Cultists","floor":21,"turns":7}],"seed_played":"3465471766217899491","potions_obtained":[{"floor":4,"key":"Ancient Potion"},{"floor":6,"key":"Strength Potion"},{"floor":11,"key":"AttackPotion"},{"floor":14,"key":"EssenceOfSteel"}],"is_trial":false,"path_per_floor":["M","$","$","M","M","E","M","R","T","?","M","R","E","M","R","B",null,"M","M","M","M"],"character_chosen":"THE_SILENT","items_purchased":["Footwork","Poisoned Stab"],"campfire_rested":3,"item_purchase_floors":[2,2],"current_hp_per_floor":[59,59,59,57,57,6,6,27,27,27,25,46,26,19,40,13,56,48,36,36,0],"gold":221,"neow_bonus":"ONE_RANDOM_RARE_CARD","is_prod":false,"is_daily":false,"chose_seed":false,"campfire_upgraded":0,"win_rate":0,"timestamp":1569995857,"path_taken":["M","?","$","M","M","E","M","R","T","?","M","R","E","M","R","BOSS","M","M","M","M"],"build_version":"2019-07-17","purchased_purges":0,"victory":false,"max_hp_per_floor":[70,70,70,70,70,70,70,70,70,70,70,70,70,70,70,70,70,70,70,70,70],"card_choices":[{"not_picked":["Reflex","Outmaneuver"],"picked":"PiercingWail","floor":1},{"not_picked":["Concentrate","Acrobatics","Setup"],"picked":"SKIP","floor":4},{"not_picked":["Underhanded Strike","PiercingWail"],"picked":"Quick Slash","floor":5},{"not_picked":["Catalyst","Deflect"],"picked":"Well Laid Plans","floor":6},{"not_picked":["Predator","Slice"],"picked":"Dash","floor":7},{"not_picked":["Bouncing Flask","Quick Slash"],"picked":"Poisoned Stab","floor":11},{"not_picked":["Sucker Punch","Eviscerate","Outmaneuver"],"picked":"SKIP","floor":13},{"not_picked":["Noxious Fumes","Prepared"],"picked":"Backflip","floor":14},{"not_picked":["Doppelganger","Phantasmal Killer"],"picked":"Glass Knife","floor":16},{"not_picked":["Outmaneuver","Escape Plan"],"picked":"Accuracy","floor":18},{"not_picked":["Dodge and Roll","Deflect"],"picked":"Accuracy","floor":19},{"not_picked":["Deadly Poison+1","Flechettes"],"picked":"Footwork","floor":20}],"player_experience":335771,"relics_obtained":[{"floor":6,"key":"Paper Crane"},{"floor":9,"key":"Mummified Hand"}],"event_choices":[{"damage_healed":0,"gold_gain":0,"player_choice":"Bought 0 Potions","damage_taken":0,"max_hp_gain":0,"max_hp_loss":0,"event_name":"The Woman in Blue","floor":10,"gold_loss":0}],"is_beta":false,"boss_relics":[{"not_picked":["Tiny House","Philosopher\u0027s Stone"],"picked":"Velvet Choker"}],"items_purged_floors":[],"is_endless":false,"potions_floor_spawned":[4,6,11,14,18],"killed_by":"3 Cultists","ascension_level":13}