{"gold_per_floor":[119,136,136,149,160,189,189,200,200,231,231,251,267,217,217,317,317,328,328,132,149,159,191,106,106,106,106,106,122,122,122,122,122],"floor_reached":33,"playtime":2066,"items_purged":["Catalyst"],"score":352,"play_id":"bfef31cc-791a-47aa-b9e6-4c49124fb546","local_time":"20181216124112","is_ascension_mode":false,"campfire_choices":[{"data":"Footwork","floor":7,"key":"SMITH"},{"data":"A Thousand Cuts","floor":11,"key":"SMITH"},{"data":"Blade Dance","floor":15,"key":"SMITH"},{"floor":28,"key":"RECALL"},{"data":"Blade Dance","floor":30,"key":"SMITH"},{"data":"Blade Dance","floor":32,"key":"SMITH"}],"neow_cost":"NONE","seed_source_timestamp":803067827002,"circlet_count":0,"master_deck":["Survivor","Neutralize","Slice","Noxious Fumes","Quick Slash","Footwork+1","A Thousand Cuts+1","Escape Plan","Escape Plan","Blade Dance+1","Grand Finale","Setup","Dagger Spray","Night Terror","Adrenaline","Die Die Die","Riddle With Holes","Quick Slash","Blade Dance+1","Blade Dance+1","Blade Dance+1","Escape Plan+1","Writhe"],"relics":["Empty Cage","Meat on the Bone","Kunai","Shuriken","Pandora\u0027s Box","Tiny Chest","Frozen Egg 2","Letter Opener","Vajra","Centennial Puzzle"],"potions_floor_usage":[10,16,21,33,33],"damage_taken":[{"damage":0,"enemies":"Cultist","floor":1,"turns":6},{"damage":0,"enemies":"2 Louse","floor":2,"turns":2},{"damage":0,"enemies":"Small Slimes","floor":4,"turns":4},{"damage":4,"enemies":"Red Slaver","floor":5,"turns":4},{"damage":28,"enemies":"Lagavulin","floor":6,"turns":8},{"damage":16,"enemies":"Large Slime","floor":8,"turns":7},{"damage":24,"enemies":"Gremlin Nob","floor":10,"turns":5},{"damage":2,"enemies":"Blue Slaver","floor":12,"turns":4},{"damage":10,"enemies":"3 Louse","floor":13,"turns":4},{"damage":12,"enemies":"Slime Boss","floor":16,"turns":6},{"damage":11,"enemies":"3 Byrds","floor":18,"turns":3},{"damage":12,"enemies":"Spheric Guardian","floor":21,"turns":4},{"damage":17,"enemies":"Snake Plant","floor":22,"turns":4},{"damage":0,"enemies":"Gremlin Leader","floor":23,"turns":4},{"damage":0,"enemies":"Snecko","floor":29,"turns":2},{"damage":60,"enemies":"Champ","floor":33,"turns":6}],"seed_played":"1311019190605009730","potions_obtained":[{"floor":1,"key":"Ancient Potion"},{"floor":10,"key":"FearPotion"},{"floor":12,"key":"SpeedPotion"},{"floor":13,"key":"SpeedPotion"},{"floor":16,"key":"GhostInAJar"},{"floor":18,"key":"FearPotion"},{"floor":23,"key":"Block Potion"}],"is_trial":false,"path_per_floor":["M","M","?","M","M","E","R","M","T","E","R","M","M","?","R","B",null,"M","?","$","M","M","E","?","T","T","?","R","M","R","?","R","B"],"character_chosen":"THE_SILENT","items_purchased":["Tiny Chest"],"campfire_rested":0,"item_purchase_floors":[20],"current_hp_per_floor":[70,70,70,70,66,38,38,34,34,22,22,32,34,34,34,34,70,59,59,59,47,42,42,42,42,42,42,42,42,42,42,42,0],"gold":122,"neow_bonus":"BOSS_RELIC","is_prod":false,"is_daily":false,"chose_seed":false,"campfire_upgraded":5,"win_rate":0,"timestamp":1544964072,"path_taken":["M","M","?","M","M","E","R","M","T","E","R","M","M","?","R","BOSS","M","?","$","M","?","E","?","?","T","?","R","M","R","?","R","BOSS"],"build_version":"2018-12-13","purchased_purges":1,"victory":false,"max_hp_per_floor":[70,70,70,70,70,70,70,70,70,70,70,70,70,70,70,70,70,70,70,70,70,70,70,70,70,70,70,70,70,70,70,70,70],"card_choices":[{"not_picked":["Blur","Blade Dance"],"picked":"Slice","floor":1},{"not_picked":["Quick Slash","Blur"],"picked":"Noxious Fumes","floor":2},{"not_picked":["Slice","All Out Attack"],"picked":"Quick Slash","floor":4},{"not_picked":["Well Laid Plans","Dagger Spray"],"picked":"Footwork","floor":5},{"not_picked":["Crippling Poison","Concentrate"],"picked":"A Thousand Cuts","floor":6},{"not_picked":["Crippling Poison","Underhanded Strike"],"picked":"Escape Plan","floor":8},{"not_picked":["Quick Slash","Terror"],"picked":"Escape Plan","floor":10},{"not_picked":["Dash","Setup","Bane"],"picked":"SKIP","floor":12},{"not_picked":["Finisher","Cloak And Dagger"],"picked":"Blade Dance","floor":13},{"not_picked":["Phantasmal Killer","Glass Knife"],"picked":"Grand Finale","floor":16},{"not_picked":["Setup+1","Bane"],"picked":"Quick Slash","floor":18},{"not_picked":["Sucker Punch","Dagger Throw"],"picked":"Blade Dance","floor":21},{"not_picked":["Masterful Stab+1","Slice+1"],"picked":"Blade Dance","floor":22},{"not_picked":["Choke","Unload"],"picked":"Escape Plan+1","floor":23},{"not_picked":["Deflect","Backflip","PiercingWail"],"picked":"SKIP","floor":29}],"player_experience":203303,"relics_obtained":[{"floor":6,"key":"Meat on the Bone"},{"floor":9,"key":"Kunai"},{"floor":10,"key":"Shuriken"},{"floor":23,"key":"Frozen Egg 2"},{"floor":25,"key":"Vajra"}],"event_choices":[{"damage_healed":0,"gold_gain":0,"player_choice":"Ignored","damage_taken":0,"max_hp_gain":0,"max_hp_loss":0,"event_name":"Liars Game","floor":3,"gold_loss":0},{"cards_removed":["Strike_G"],"damage_healed":0,"gold_gain":0,"player_choice":"Card Removal","damage_taken":0,"max_hp_gain":0,"max_hp_loss":0,"event_name":"The Cleric","floor":14,"gold_loss":50},{"damage_healed":0,"gold_gain":0,"player_choice":"Copied","damage_taken":0,"max_hp_gain":0,"max_hp_loss":0,"event_name":"Duplicator","floor":19,"gold_loss":0,"cards_obtained":["Blade Dance"]},{"damage_healed":0,"gold_gain":0,"player_choice":"Obtained Relic","damage_taken":0,"relics_obtained":["Letter Opener"],"max_hp_gain":0,"max_hp_loss":0,"event_name":"Addict","floor":24,"gold_loss":85},{"damage_healed":0,"gold_gain":0,"player_choice":"Ignored","damage_taken":0,"max_hp_gain":0,"max_hp_loss":0,"event_name":"Vampires","floor":27,"gold_loss":0},{"damage_healed":0,"gold_gain":0,"player_choice":"Opened","damage_taken":0,"relics_obtained":["Centennial Puzzle"],"max_hp_gain":0,"max_hp_loss":0,"event_name":"The Mausoleum","floor":31,"gold_loss":0,"cards_obtained":["Writhe"]}],"is_beta":true,"boss_relics":[{"not_picked":["Ectoplasm","Fusion Hammer"],"picked":"Pandora\u0027s Box"}],"items_purged_floors":[20],"is_endless":false,"potions_floor_spawned":[1,10,12,13,16,18,23],"killed_by":"Champ","ascension_level":0}