{"gold_per_floor":[116,126,42,55,55,55,113,113,113,143,158,174,174,206,206,306,306,326,89,89,101,112,112],"floor_reached":23,"playtime":1160,"items_purged":["Strike_G"],"score":285,"play_id":"c0bb3132-89c3-414b-bcfd-5462986e81b6","local_time":"20190911162056","is_ascension_mode":true,"campfire_choices":[{"data":"Dash","floor":6,"key":"SMITH"},{"floor":8,"key":"REST"},{"floor":13,"key":"REST"},{"floor":15,"key":"REST"}],"neow_cost":"NONE","seed_source_timestamp":428561163175500,"circlet_count":0,"master_deck":["Strike_G","Strike_G","Strike_G","Strike_G","Defend_G","Defend_G","Defend_G","Defend_G","Defend_G","Survivor","Neutralize","Dash+1","Prepared","Flash of Steel","Leg Sweep","Noxious Fumes","Deflect","Underhanded Strike","Sucker Punch","Cloak And Dagger","Corpse Explosion","Heel Hook","Flechettes","Crippling Poison","Noxious Fumes","Tools of the Trade","Infinite Blades","Slice+1"],"relics":["Ring of the Snake","NeowsBlessing","Pear","Tiny Chest","Mummified Hand","Sundial","Blue Candle","Philosopher\u0027s Stone"],"potions_floor_usage":[7,10,11,12,14,22],"damage_taken":[{"damage":0,"enemies":"Small Slimes","floor":1,"turns":1},{"damage":0,"enemies":"2 Louse","floor":2,"turns":1},{"damage":0,"enemies":"Cultist","floor":4,"turns":1},{"damage":40,"enemies":"Gremlin Nob","floor":7,"turns":7},{"damage":32,"enemies":"Lagavulin","floor":10,"turns":8},{"damage":0,"enemies":"Exordium Wildlife","floor":11,"turns":5},{"damage":0,"enemies":"Large Slime","floor":12,"turns":7},{"damage":23,"enemies":"3 Sentries","floor":14,"turns":10},{"damage":33,"enemies":"Hexaghost","floor":16,"turns":13},{"damage":24,"enemies":"Spheric Guardian","floor":18,"turns":5},{"damage":0,"enemies":"Chosen","floor":21,"turns":5},{"damage":0,"enemies":"3 Cultists","floor":22,"turns":2},{"damage":44,"enemies":"Book of Stabbing","floor":23,"turns":6}],"seed_played":"-2841072343969544684","potions_obtained":[{"floor":1,"key":"Dexterity Potion"},{"floor":7,"key":"Weak Potion"},{"floor":10,"key":"Fire Potion"},{"floor":11,"key":"Block Potion"},{"floor":12,"key":"AttackPotion"}],"is_trial":false,"path_per_floor":["M","M","$","M","?","R","E","R","T","E","M","M","R","E","R","B",null,"M","$","?","M","M","E"],"character_chosen":"THE_SILENT","items_purchased":["Flash of Steel","Flechettes","Crippling Poison","Fire Potion"],"campfire_rested":3,"item_purchase_floors":[3,19,19,19],"current_hp_per_floor":[63,63,63,63,70,70,30,54,54,22,22,22,46,23,47,14,64,40,40,40,40,40,0],"gold":112,"neow_bonus":"THREE_ENEMY_KILL","is_prod":false,"is_daily":false,"chose_seed":false,"campfire_upgraded":1,"win_rate":0,"timestamp":1568233256,"path_taken":["M","M","$","M","?","R","E","R","T","E","M","M","R","E","R","BOSS","M","$","?","M","M","E"],"build_version":"2019-07-17","purchased_purges":1,"victory":false,"max_hp_per_floor":[70,70,70,70,80,80,80,80,80,80,80,80,80,80,80,80,80,80,80,80,80,80,80],"card_choices":[{"not_picked":["Outmaneuver","Cloak And Dagger"],"picked":"Dash","floor":1},{"not_picked":["Eviscerate","Deadly Poison"],"picked":"Prepared","floor":2},{"not_picked":["Bane","All Out Attack"],"picked":"Leg Sweep","floor":4},{"not_picked":["Cloak And Dagger","Eviscerate"],"picked":"Noxious Fumes","floor":7},{"not_picked":["Outmaneuver","Poisoned Stab"],"picked":"Deflect","floor":10},{"not_picked":["Outmaneuver","Prepared"],"picked":"Underhanded Strike","floor":11},{"not_picked":["Poisoned Stab","Burst"],"picked":"Sucker Punch","floor":12},{"not_picked":["Prepared","Deadly Poison"],"picked":"Cloak And Dagger","floor":14},{"not_picked":["Die Die Die","Glass Knife"],"picked":"Corpse Explosion","floor":16},{"not_picked":["Dagger Spray","Deadly Poison"],"picked":"Heel Hook","floor":18},{"not_picked":["Backflip","Prepared"],"picked":"Infinite Blades","floor":21},{"not_picked":["PiercingWail","Caltrops"],"picked":"Slice+1","floor":22}],"player_experience":571276,"relics_obtained":[{"floor":7,"key":"Tiny Chest"},{"floor":9,"key":"Mummified Hand"},{"floor":10,"key":"Sundial"},{"floor":14,"key":"Blue Candle"}],"event_choices":[{"damage_healed":0,"gold_gain":0,"player_choice":"Success","damage_taken":3,"relics_obtained":["Pear"],"max_hp_gain":0,"max_hp_loss":0,"event_name":"Scrap Ooze","floor":5,"gold_loss":0},{"damage_healed":0,"gold_gain":0,"player_choice":"2 cards matched","damage_taken":0,"max_hp_gain":0,"max_hp_loss":0,"event_name":"Match and Keep!","floor":20,"gold_loss":0,"cards_obtained":["Noxious Fumes","Tools of the Trade"]}],"is_beta":false,"boss_relics":[{"not_picked":["Ectoplasm","Runic Dome"],"picked":"Philosopher\u0027s Stone"}],"items_purged_floors":[19],"is_endless":false,"potions_floor_spawned":[1,7,10,11,12],"killed_by":"Book of Stabbing","ascension_level":7}