{"gold_per_floor":[114,35,35,53,53,53,84,84,84,108,283,306,337,30,30,159,159,174,45,65,65,65,409,409,450,473,27,27,47,62,106,106,106],"floor_reached":33,"playtime":2962,"items_purged":["Doubt"],"score":395,"play_id":"3e58444b-631e-4eac-83f1-d2335a482837","local_time":"20181230174226","is_ascension_mode":true,"campfire_choices":[{"data":"Noxious Fumes","floor":6,"key":"SMITH"},{"data":"Backflip","floor":8,"key":"SMITH"},{"data":"Accuracy","floor":15,"key":"SMITH"},{"floor":24,"key":"REST"},{"floor":28,"key":"REST"},{"floor":32,"key":"REST"}],"neow_cost":"NONE","seed_source_timestamp":85938611864073,"circlet_count":0,"master_deck":["Defend_G","Defend_G","Defend_G","Defend_G","Defend_G","Strike_G","Strike_G","Strike_G","Strike_G","Survivor","Neutralize","Backflip+1","Noxious Fumes+1","Finisher","Injury","Infinite Blades","Cloak And Dagger+1","Crippling Poison+1","Burst+1","Accuracy+1","Envenom","Dash","Cloak And Dagger+1","Accuracy","Finisher","RitualDagger","Noxious Fumes","Noxious Fumes","Well Laid Plans","Cloak And Dagger+1","Caltrops","Noxious Fumes"],"relics":["Ring of the Snake","NeowsBlessing","Golden Idol","Toxic Egg 2","Ninja Scroll","WingedGreaves","Potion Belt","WristBlade","Old Coin","Snake Skull","Bird Faced Urn","Girya"],"potions_floor_usage":[13,23,29,31],"damage_taken":[{"damage":0,"enemies":"Small Slimes","floor":1,"turns":1},{"damage":0,"enemies":"2 Louse","floor":4,"turns":1},{"damage":0,"enemies":"Lagavulin","floor":7,"turns":1},{"damage":0,"enemies":"Cultist","floor":10,"turns":3},{"damage":0,"enemies":"Looter","floor":12,"turns":2},{"damage":21,"enemies":"Gremlin Nob","floor":13,"turns":4},{"damage":18,"enemies":"The Guardian","floor":16,"turns":9},{"damage":6,"enemies":"Shell Parasite","floor":18,"turns":6},{"damage":0,"enemies":"3 Byrds","floor":20,"turns":4},{"damage":23,"enemies":"Book of Stabbing","floor":23,"turns":5},{"damage":23,"enemies":"Slavers","floor":25,"turns":5},{"damage":39,"enemies":"Snake Plant","floor":29,"turns":6},{"damage":14,"enemies":"Centurion and Healer","floor":30,"turns":4},{"damage":26,"enemies":"Book of Stabbing","floor":31,"turns":5},{"damage":59,"enemies":"Champ","floor":33,"turns":9}],"seed_played":"1698087676637798104","potions_obtained":[{"floor":1,"key":"LiquidBronze"},{"floor":4,"key":"Ancient Potion"},{"floor":12,"key":"Dexterity Potion"},{"floor":18,"key":"PowerPotion"},{"floor":25,"key":"FearPotion"}],"is_trial":false,"path_per_floor":["M","$","?","M","?","R","E","R","T","M","?","M","E","$","R","B",null,"M","$","M","?","?","E","R","E","T","$","R","M","M","E","R","B"],"character_chosen":"THE_SILENT","items_purchased":["Noxious Fumes","Accuracy","Potion Belt","Cloak And Dagger+1","Accuracy","Bird Faced Urn","Well Laid Plans","Energy Potion"],"campfire_rested":3,"item_purchase_floors":[2,14,14,19,19,27,27,27],"current_hp_per_floor":[70,70,70,70,70,70,70,70,70,70,70,70,49,49,49,31,70,64,64,64,58,58,35,56,33,33,33,54,27,21,5,26,0],"gold":106,"neow_bonus":"THREE_ENEMY_KILL","is_prod":false,"is_daily":false,"chose_seed":false,"campfire_upgraded":3,"win_rate":0,"timestamp":1546209746,"path_taken":["M","$","?","M","?","R","E","R","T","M","?","M","E","$","R","BOSS","M","$","M","?","?","E","R","E","T","$","R","M","?","E","R","BOSS"],"build_version":"2018-12-20","purchased_purges":1,"victory":false,"max_hp_per_floor":[70,70,70,70,70,70,70,70,70,70,70,70,70,70,70,70,70,70,70,70,70,70,70,70,70,70,70,70,70,70,70,70,70],"card_choices":[{"not_picked":["Acrobatics","Flechettes"],"picked":"Backflip","floor":1},{"not_picked":["Bane","Underhanded Strike"],"picked":"Finisher","floor":4},{"not_picked":["Dagger Spray","Distraction"],"picked":"Infinite Blades","floor":7},{"not_picked":["Bouncing Flask+1","Well Laid Plans"],"picked":"Cloak And Dagger+1","floor":10},{"not_picked":["Blade Dance+1","Terror+1"],"picked":"Crippling Poison+1","floor":12},{"not_picked":["Deadly Poison+1","Crippling Poison+1"],"picked":"Burst+1","floor":13},{"not_picked":["Wraith Form v2","Night Terror+1"],"picked":"Envenom","floor":16},{"not_picked":["Bouncing Flask+1","Sucker Punch+1"],"picked":"Dash","floor":18},{"not_picked":["Deadly Poison+1","Escape Plan+1"],"picked":"Finisher","floor":20},{"not_picked":["Deadly Poison+1","Choke"],"picked":"Noxious Fumes","floor":23},{"not_picked":["Underhanded Strike","Terror+1"],"picked":"Noxious Fumes","floor":25},{"not_picked":["Deadly Poison+1","Choke"],"picked":"Cloak And Dagger+1","floor":29},{"not_picked":["Phantasmal Killer+1","Heel Hook"],"picked":"Caltrops","floor":30},{"not_picked":["Night Terror+1","Concentrate+1"],"picked":"Noxious Fumes","floor":31}],"player_experience":286774,"relics_obtained":[{"floor":7,"key":"Toxic Egg 2"},{"floor":9,"key":"Ninja Scroll"},{"floor":13,"key":"WingedGreaves"},{"floor":23,"key":"Old Coin"},{"floor":25,"key":"Snake Skull"},{"floor":31,"key":"Girya"}],"event_choices":[{"damage_healed":0,"gold_gain":0,"player_choice":"Leave","damage_taken":0,"max_hp_gain":0,"max_hp_loss":0,"event_name":"The Cleric","floor":3,"gold_loss":0},{"damage_healed":0,"gold_gain":0,"player_choice":"Take Wound","damage_taken":0,"relics_obtained":["Golden Idol"],"max_hp_gain":0,"max_hp_loss":0,"event_name":"Golden Idol","floor":5,"gold_loss":0,"cards_obtained":["Injury"]},{"damage_healed":0,"gold_gain":175,"player_choice":"AGREE","damage_taken":0,"max_hp_gain":0,"max_hp_loss":0,"event_name":"Liars Game","floor":11,"gold_loss":0,"cards_obtained":["Doubt"]},{"damage_healed":0,"gold_gain":0,"player_choice":"Joined the Cult","damage_taken":6,"max_hp_gain":0,"max_hp_loss":0,"event_name":"Nest","floor":21,"gold_loss":0,"cards_obtained":["RitualDagger"]},{"cards_removed":["Strike_G"],"damage_healed":0,"gold_gain":0,"player_choice":"Offered Basic","damage_taken":0,"max_hp_gain":0,"max_hp_loss":0,"event_name":"Bonfire Elementals","floor":22,"gold_loss":0}],"is_beta":false,"boss_relics":[{"not_picked":["Snecko Eye","HoveringKite"],"picked":"WristBlade"}],"items_purged_floors":[14],"is_endless":false,"potions_floor_spawned":[1,4,12,18,25],"killed_by":"Champ","ascension_level":2}