{"gold_per_floor":[119,69,144,144,168,211,211,244,244,244],"floor_reached":10,"playtime":742,"items_purged":[],"score":81,"play_id":"9a4d8081-5892-49ae-9f47-2aee532e6863","local_time":"20181230162932","is_ascension_mode":true,"campfire_choices":[{"floor":7,"key":"REST"}],"neow_cost":"NONE","seed_source_timestamp":83819251259963,"circlet_count":0,"master_deck":["Defend_G","Defend_G","Defend_G","Defend_G","Defend_G","Strike_G","Strike_G","Strike_G","Survivor","Neutralize","Dagger Throw","Injury","Well Laid Plans","Well Laid Plans","Leg Sweep"],"relics":["Ring of the Snake","Golden Idol","Bottled Tornado","Incense Burner","Kunai"],"potions_floor_usage":[6],"damage_taken":[{"damage":1,"enemies":"Cultist","floor":1,"turns":4},{"damage":0,"enemies":"Jaw Worm","floor":5,"turns":5},{"damage":18,"enemies":"3 Sentries","floor":6,"turns":10},{"damage":38,"enemies":"Lagavulin","floor":8,"turns":10},{"damage":25,"enemies":"3 Sentries","floor":10,"turns":14}],"seed_played":"-4667440413201804437","potions_obtained":[{"floor":1,"key":"SteroidPotion"}],"is_trial":false,"path_per_floor":["M","?","?","?","M","E","R","E","T","E"],"character_chosen":"THE_SILENT","items_purchased":[],"campfire_rested":1,"item_purchase_floors":[],"current_hp_per_floor":[69,69,58,58,58,40,61,23,23,0],"gold":244,"neow_bonus":"REMOVE_CARD","is_prod":false,"is_daily":false,"chose_seed":false,"campfire_upgraded":0,"win_rate":0,"timestamp":1546205372,"path_taken":["M","?","?","?","M","E","R","E","T","E"],"build_version":"2018-12-20","purchased_purges":0,"victory":false,"max_hp_per_floor":[70,70,70,70,70,70,70,70,70,70],"card_choices":[{"not_picked":["Calculated Gamble","Quick Slash"],"picked":"Dagger Throw","floor":1},{"not_picked":["Underhanded Strike","Acrobatics"],"picked":"Well Laid Plans","floor":5},{"not_picked":["Flechettes","Concentrate"],"picked":"Well Laid Plans","floor":6},{"not_picked":["Outmaneuver","Blade Dance"],"picked":"Leg Sweep","floor":8}],"player_experience":284706,"relics_obtained":[{"floor":6,"key":"Bottled Tornado"},{"floor":8,"key":"Incense Burner"},{"floor":9,"key":"Kunai"}],"event_choices":[{"cards_removed":["Strike_G"],"damage_healed":0,"gold_gain":0,"player_choice":"Card Removal","damage_taken":0,"max_hp_gain":0,"max_hp_loss":0,"event_name":"The Cleric","floor":2,"gold_loss":50},{"damage_healed":0,"gold_gain":75,"player_choice":"Gather Gold","damage_taken":11,"max_hp_gain":0,"max_hp_loss":0,"event_name":"World of Goop","floor":3,"gold_loss":0},{"damage_healed":0,"gold_gain":0,"player_choice":"Take Wound","damage_taken":0,"relics_obtained":["Golden Idol"],"max_hp_gain":0,"max_hp_loss":0,"event_name":"Golden Idol","floor":4,"gold_loss":0,"cards_obtained":["Injury"]}],"is_beta":false,"boss_relics":[],"items_purged_floors":[],"is_endless":false,"potions_floor_spawned":[1],"killed_by":"3 Sentries","ascension_level":2}