{"gold_per_floor":[113,123,139,152,152,182,182,244,290,290,323,273,293,307,307,307],"floor_reached":16,"playtime":718,"items_purged":[],"score":195,"play_id":"34fa68b2-f93e-4d85-bb15-c1778581972d","local_time":"20190930210314","is_ascension_mode":true,"campfire_choices":[{"floor":7,"key":"REST"},{"floor":10,"key":"REST"},{"floor":15,"key":"REST"}],"neow_cost":"NONE","seed_source_timestamp":1133748887577300,"circlet_count":0,"master_deck":["AscendersBane","Strike_R","Strike_R","Strike_R","Strike_R","Strike_R","Defend_R","Defend_R","Defend_R","Defend_R","Bash","Infernal Blade","Heavy Blade","Flex","Shrug It Off","Limit Break","Havoc","Dropkick","Battle Trance","Perfected Strike"],"relics":["Burning Blood","Torii","Bottled Lightning","Tiny Chest","Happy Flower","Meat on the Bone"],"potions_floor_usage":[3,8,8,11],"damage_taken":[{"damage":16,"enemies":"2 Louse","floor":1,"turns":3},{"damage":0,"enemies":"Small Slimes","floor":2,"turns":3},{"damage":2,"enemies":"Jaw Worm","floor":3,"turns":5},{"damage":12,"enemies":"Looter","floor":4,"turns":3},{"damage":54,"enemies":"Gremlin Nob","floor":6,"turns":5},{"damage":37,"enemies":"3 Sentries","floor":8,"turns":8},{"damage":32,"enemies":"Lagavulin","floor":11,"turns":5},{"damage":14,"enemies":"3 Louse","floor":13,"turns":3},{"damage":15,"enemies":"Blue Slaver","floor":14,"turns":4},{"damage":54,"enemies":"Hexaghost","floor":16,"turns":10}],"seed_played":"-9162966223311670886","potions_obtained":[{"floor":1,"key":"LiquidBronze"},{"floor":2,"key":"Dexterity Potion"},{"floor":6,"key":"Swift Potion"},{"floor":8,"key":"Ancient Potion"},{"floor":13,"key":"Dexterity Potion"}],"is_trial":false,"path_per_floor":["M","M","M","M","?","E","R","E","T","R","E","?","M","M","R","B"],"character_chosen":"IRONCLAD","items_purchased":[],"campfire_rested":3,"item_purchase_floors":[],"current_hp_per_floor":[70,76,80,74,71,23,49,18,18,44,18,18,22,25,51,0],"gold":307,"neow_bonus":"TEN_PERCENT_HP_BONUS","is_prod":false,"is_daily":false,"chose_seed":false,"campfire_upgraded":0,"win_rate":0,"timestamp":1569891794,"path_taken":["M","M","M","M","?","E","R","E","T","R","E","?","M","M","R","BOSS"],"build_version":"2019-07-17","purchased_purges":0,"victory":false,"max_hp_per_floor":[88,88,88,88,88,88,88,88,88,88,88,88,88,88,88,88],"card_choices":[{"not_picked":["Intimidate","Iron Wave"],"picked":"Infernal Blade","floor":1},{"not_picked":["Headbutt","Flex"],"picked":"Heavy Blade","floor":2},{"not_picked":["Brutality","Twin Strike"],"picked":"Flex","floor":3},{"not_picked":["Infernal Blade","Searing Blow"],"picked":"Shrug It Off","floor":4},{"not_picked":["Wild Strike","Armaments"],"picked":"Limit Break","floor":6},{"not_picked":["Rage","Twin Strike"],"picked":"Havoc","floor":8},{"not_picked":["Armaments","Iron Wave"],"picked":"Dropkick","floor":11},{"not_picked":["Iron Wave","Wild Strike"],"picked":"Battle Trance","floor":13},{"not_picked":["Rampage","Evolve"],"picked":"Perfected Strike","floor":14}],"player_experience":745474,"relics_obtained":[{"floor":6,"key":"Bottled Lightning"},{"floor":8,"key":"Tiny Chest"},{"floor":9,"key":"Happy Flower"},{"floor":11,"key":"Meat on the Bone"}],"event_choices":[{"damage_healed":0,"gold_gain":0,"player_choice":"Success","damage_taken":3,"relics_obtained":["Torii"],"max_hp_gain":0,"max_hp_loss":0,"event_name":"Scrap Ooze","floor":5,"gold_loss":0},{"damage_healed":0,"gold_gain":0,"player_choice":"Left Gold","damage_taken":0,"max_hp_gain":0,"max_hp_loss":0,"event_name":"World of Goop","floor":12,"gold_loss":50}],"is_beta":false,"boss_relics":[],"items_purged_floors":[],"is_endless":false,"potions_floor_spawned":[1,2,6,8,13],"killed_by":"Hexaghost","ascension_level":12}