{"gold_per_floor":[10,10,10,10,25,25,54,54,54,70,100,112,112,128,128,128],"floor_reached":16,"playtime":1143,"items_purged":[],"score":127,"play_id":"6f32742d-410e-4f70-a067-91203f973f73","local_time":"20190105215529","is_ascension_mode":true,"campfire_choices":[{"data":"Dodge and Roll","floor":6.0,"key":"SMITH"},{"floor":8.0,"key":"REST"},{"floor":13,"key":"REST"},{"data":"Distraction","floor":15,"key":"SMITH"}],"neow_cost":"NO_GOLD","seed_source_timestamp":0,"circlet_count":0,"master_deck":["Defend_G","Defend_G","Defend_G","Defend_G","Strike_G","Strike_G","Strike_G","Strike_G","Strike_G","Survivor","Neutralize","Dodge and Roll","Dodge and Roll+1","Backflip","Dagger Throw","Crippling Poison","Distraction+1","PiercingWail"],"special_seed":0,"relics":["Ring of the Snake","Blood Vial","Ninja Scroll","Juzu Bracelet"],"potions_floor_usage":[16,16],"damage_taken":[{"damage":0.0,"enemies":"2 Louse","floor":1.0,"turns":3.0},{"damage":0.0,"enemies":"Jaw Worm","floor":5.0,"turns":3.0},{"damage":29.0,"enemies":"3 Sentries","floor":7.0,"turns":19.0},{"damage":0.0,"enemies":"Cultist","floor":10.0,"turns":5.0},{"damage":46,"enemies":"Lagavulin","floor":11,"turns":9},{"damage":0,"enemies":"Blue Slaver","floor":12,"turns":4},{"damage":0,"enemies":"Looter","floor":14,"turns":4},{"damage":63,"enemies":"The Guardian","floor":16,"turns":22}],"seed_played":"2987969691198570395","potions_obtained":[{"floor":5.0,"key":"SkillPotion"},{"floor":11,"key":"FearPotion"},{"floor":12,"key":"SpeedPotion"}],"is_trial":false,"path_per_floor":["M","?","?","$","M","R","E","R","T","M","E","M","R","M","R","B"],"character_chosen":"THE_SILENT","items_purchased":[],"campfire_rested":2,"item_purchase_floors":[],"current_hp_per_floor":[84,77,77,77,77,77,48,73,73,75,31,33,58,60,60,0],"gold":128,"neow_bonus":"TWENTY_PERCENT_HP_BONUS","is_prod":false,"is_daily":false,"chose_seed":false,"campfire_upgraded":2,"win_rate":0,"timestamp":1546743329,"path_taken":["M","?","?","?","?","R","E","R","T","M","E","M","R","M","R","BOSS"],"build_version":"2019-01-03v4","purchased_purges":0,"victory":false,"max_hp_per_floor":[84,84,84,84,84,84,84,84,84,84,84,84,84,84,84,84],"card_choices":[{"not_picked":["Prepared","Flying Knee"],"picked":"Dodge and Roll","floor":1.0},{"not_picked":["Bane","Poisoned Stab"],"picked":"Dodge and Roll","floor":5.0},{"not_picked":["Flying Knee","Terror"],"picked":"Backflip","floor":7.0},{"not_picked":["All Out Attack","Sucker Punch"],"picked":"Dagger Throw","floor":10},{"not_picked":["Tactician","Unload"],"picked":"Crippling Poison","floor":11},{"not_picked":["Deflect","Underhanded Strike"],"picked":"Distraction","floor":12},{"not_picked":["Quick Slash","Sucker Punch"],"picked":"PiercingWail","floor":14}],"player_experience":330937,"relics_obtained":[{"floor":7.0,"key":"Blood Vial"},{"floor":9.0,"key":"Ninja Scroll"},{"floor":11,"key":"Juzu Bracelet"}],"event_choices":[{"cards_removed":["Defend_G"],"damage_healed":0.0,"max_hp_gain":0.0,"max_hp_loss":0.0,"gold_gain":0.0,"event_name":"Golden Wing","player_choice":"Card Removal","floor":2.0,"gold_loss":0.0,"damage_taken":7.0},{"damage_healed":0.0,"max_hp_gain":0.0,"max_hp_loss":0.0,"gold_gain":0.0,"event_name":"The Cleric","player_choice":"Leave","floor":3.0,"gold_loss":0.0,"damage_taken":0.0}],"is_beta":false,"boss_relics":[],"items_purged_floors":[],"is_endless":false,"potions_floor_spawned":[5,11,12],"killed_by":"The Guardian","ascension_level":3}