{"gold_per_floor":[19,19,29,29,3,23,58,76,102,67,107,107,126,169,169,289,289,303,317,341,40,60,60,60,83,164,232,250,293,293],"floor_reached":30,"playtime":1412,"items_purged":[],"score":434,"play_id":"addb7427-9d38-4989-9666-5c0bb6dae35a","local_time":"20190910114124","is_ascension_mode":true,"campfire_choices":[{"floor":12,"key":"REST"},{"floor":15,"key":"REST"},{"floor":23,"key":"REST"}],"neow_cost":"NO_GOLD","seed_source_timestamp":325138198976100,"circlet_count":0,"master_deck":["Strike_R","Strike_R","Strike_R","Strike_R","Strike_R","Defend_R","Defend_R","Defend_R","Defend_R","Bash+1","Dropkick","Headbutt","Shrug It Off","Armaments","Pummel","Headbutt","Demon Form","Cleave","Thunderclap","Double Tap","Flex","Twin Strike","Flex","True Grit+1","Havoc","Thunderclap+1","Flex"],"relics":["Burning Blood","Golden Idol","Red Skull","Happy Flower","Juzu Bracelet","White Beast Statue","MealTicket","Gremlin Horn","Tiny Chest","Shuriken"],"potions_floor_usage":[7,8,16,16,19,21,22,27,27,28],"damage_taken":[{"damage":10,"enemies":"Small Slimes","floor":1,"turns":3},{"damage":0,"enemies":"2 Louse","floor":3,"turns":3},{"damage":11,"enemies":"Jaw Worm","floor":6,"turns":4},{"damage":47,"enemies":"3 Sentries","floor":7,"turns":13},{"damage":0,"enemies":"Large Slime","floor":8,"turns":6},{"damage":40,"enemies":"Lagavulin","floor":11,"turns":4},{"damage":10,"enemies":"Exordium Thugs","floor":13,"turns":3},{"damage":16,"enemies":"Gremlin Nob","floor":14,"turns":3},{"damage":33,"enemies":"Hexaghost","floor":16,"turns":8},{"damage":41,"enemies":"2 Thieves","floor":18,"turns":4},{"damage":11,"enemies":"Shell Parasite","floor":19,"turns":4},{"damage":4,"enemies":"Cultist and Chosen","floor":20,"turns":4},{"damage":27,"enemies":"Snake Plant","floor":22,"turns":3},{"damage":40,"enemies":"Shelled Parasite and Fungi","floor":25,"turns":4},{"damage":41,"enemies":"Book of Stabbing","floor":27,"turns":4},{"damage":5,"enemies":"Centurion and Healer","floor":28,"turns":2},{"damage":8,"enemies":"Gremlin Leader","floor":29,"turns":4},{"damage":35,"enemies":"Snake Plant","floor":30,"turns":2}],"seed_played":"3636254403070626346","potions_obtained":[{"floor":6,"key":"SkillPotion"},{"floor":7,"key":"EssenceOfSteel"},{"floor":8,"key":"EssenceOfSteel"},{"floor":13,"key":"LiquidBronze"},{"floor":18,"key":"PowerPotion"},{"floor":19,"key":"Poison Potion"},{"floor":20,"key":"SkillPotion"},{"floor":22,"key":"Strength Potion"},{"floor":25,"key":"Ancient Potion"},{"floor":27,"key":"Fire Potion"},{"floor":28,"key":"FearPotion"},{"floor":29,"key":"FairyPotion"}],"is_trial":false,"path_per_floor":["M","?","M","?","$","M","E","M","T","?","E","R","M","E","R","B",null,"M","M","M","$","M","R","?","M","T","E","M","E","M"],"character_chosen":"IRONCLAD","items_purchased":["Shrug It Off","MealTicket","Fruit Juice"],"campfire_rested":3,"item_purchase_floors":[5,21,21],"current_hp_per_floor":[84,84,90,66,66,61,20,26,26,50,16,44,40,30,58,31,80,45,40,42,47,26,56,89,55,55,20,21,19,0],"gold":293,"neow_bonus":"TWENTY_PERCENT_HP_BONUS","is_prod":false,"is_daily":false,"chose_seed":false,"campfire_upgraded":0,"win_rate":0,"timestamp":1568130084,"path_taken":["M","?","M","?","$","M","E","M","T","?","E","R","M","E","R","BOSS","M","M","M","$","M","R","?","M","T","E","M","E","M"],"build_version":"2019-07-17","purchased_purges":0,"victory":false,"max_hp_per_floor":[96,96,96,96,96,96,96,96,96,96,96,96,96,96,96,96,96,96,96,96,101,101,101,101,101,101,101,101,101,101],"card_choices":[{"not_picked":["Heavy Blade","Bloodletting"],"picked":"Dropkick","floor":1},{"not_picked":["Cleave","Disarm"],"picked":"Headbutt","floor":3},{"not_picked":["Corruption","Ghostly Armor"],"picked":"Armaments","floor":6},{"not_picked":["Power Through","Armaments"],"picked":"Pummel","floor":7},{"not_picked":["Iron Wave","Intimidate"],"picked":"Headbutt","floor":8},{"not_picked":["Flex","Inflame"],"picked":"Demon Form","floor":11},{"not_picked":["Body Slam","Iron Wave"],"picked":"Cleave","floor":13},{"not_picked":["Cleave","Dual Wield"],"picked":"Thunderclap","floor":14},{"not_picked":["Bludgeon","Juggernaut"],"picked":"Double Tap","floor":16},{"not_picked":["Carnage","Cleave"],"picked":"Flex","floor":18},{"not_picked":["Rupture","Reckless Charge"],"picked":"Twin Strike","floor":19},{"not_picked":["Armaments+1","Searing Blow"],"picked":"Flex","floor":20},{"not_picked":["Power Through","Reckless Charge"],"picked":"True Grit+1","floor":22},{"not_picked":["Iron Wave","Battle Trance"],"picked":"Havoc","floor":25},{"not_picked":["Perfected Strike","Clothesline"],"picked":"Thunderclap+1","floor":27},{"not_picked":["Juggernaut","Rupture","Disarm"],"picked":"SKIP","floor":28},{"not_picked":["Cleave","Reckless Charge+1"],"picked":"Flex","floor":29}],"player_experience":528299,"relics_obtained":[{"floor":7,"key":"Red Skull"},{"floor":11,"key":"Happy Flower"},{"floor":14,"key":"Juzu Bracelet"},{"floor":26,"key":"Gremlin Horn"},{"floor":27,"key":"Tiny Chest"},{"floor":29,"key":"Shuriken"}],"event_choices":[{"damage_healed":0,"gold_gain":0,"player_choice":"Grow","damage_taken":0,"max_hp_gain":0,"max_hp_loss":0,"event_name":"Living Wall","floor":2,"gold_loss":0,"cards_upgraded":["Bash"]},{"damage_healed":0,"gold_gain":0,"player_choice":"Take Damage","damage_taken":24,"relics_obtained":["Golden Idol"],"max_hp_gain":0,"max_hp_loss":0,"event_name":"Golden Idol","floor":4,"gold_loss":0},{"damage_healed":24,"gold_gain":0,"player_choice":"Healed","damage_taken":0,"max_hp_gain":0,"max_hp_loss":0,"event_name":"The Cleric","floor":10,"gold_loss":35},{"damage_healed":33,"gold_gain":0,"player_choice":"Heal","damage_taken":0,"max_hp_gain":0,"max_hp_loss":0,"event_name":"The Library","floor":24,"gold_loss":0}],"is_beta":false,"boss_relics":[{"not_picked":["Orrery","Sozu"],"picked":"White Beast Statue"}],"items_purged_floors":[],"is_endless":false,"potions_floor_spawned":[6,7,8,13,18,19,20,22,25,27,28,29],"killed_by":"Snake Plant","ascension_level":8}