{"gold_per_floor":[110,125,142,162,162,192,211,223,223,235,235,136,156,190,190,287,287,298,316,334,136,136,170,170,182,182,201,235,253,253,287,287,386,386,402,402,14,26,44,70,84,111,137,137,156,188,221,221,221,221],"floor_reached":50,"playtime":5660,"items_purged":[],"score":821,"play_id":"7f4cbca9-bd45-4f68-a802-d25ebfb65615","local_time":"20181226160339","is_ascension_mode":true,"campfire_choices":[{"data":"Accuracy","floor":15,"key":"SMITH"},{"floor":24,"key":"REST"},{"floor":30,"key":"REST"},{"floor":32,"key":"REST"},{"floor":44,"key":"RECALL"},{"floor":49,"key":"REST"}],"neow_cost":"NONE","seed_source_timestamp":510498798003667,"circlet_count":0,"master_deck":["Neutralize","Blur","Quick Slash","Blade Dance","Infinite Blades","Finisher","Concentrate","Flying Knee","Crippling Poison","Backflip","Dagger Throw","Dagger Spray","Venomology","Accuracy+1","Envenom+1","Blur+1","Blade Dance","Well Laid Plans+1","Metamorphosis","Accuracy","Blur+1","Backstab","Poisoned Stab+1","Tactician","Reflex+1","Cloak And Dagger","Grand Finale","Heel Hook","Heel Hook","A Thousand Cuts","Burst","Masterful Stab","Poisoned Stab","Dagger Throw","Envenom","HandOfGreed","Bane","Blade Dance+1","Storm of Steel","Infinite Blades+1","Dagger Spray+1","Blade Dance+1","Blade Dance+1","Concentrate+1","PiercingWail+1"],"relics":["Ring of the Snake","Mummified Hand","Boot","WristBlade","Bag of Marbles","Mango","Kunai","FossilizedHelix","Pandora\u0027s Box","Snake Skull","Lantern","Dream Catcher","Omamori","Molten Egg 2"],"potions_floor_usage":[4,7,14,16,16,16,19,20,20,20,27,27,28,29,31,33,33,33,33,39,39,42,47,50],"damage_taken":[{"damage":0,"enemies":"Cultist","floor":1,"turns":5},{"damage":0,"enemies":"Jaw Worm","floor":2,"turns":4},{"damage":0,"enemies":"2 Louse","floor":3,"turns":3},{"damage":4,"enemies":"Gremlin Gang","floor":4,"turns":5},{"damage":23,"enemies":"3 Sentries","floor":6,"turns":9},{"damage":0,"enemies":"3 Louse","floor":7,"turns":2},{"damage":0,"enemies":"Exordium Wildlife","floor":8,"turns":3},{"damage":15,"enemies":"Lots of Slimes","floor":10,"turns":4},{"damage":0,"enemies":"3 Louse","floor":13,"turns":2},{"damage":0,"enemies":"Gremlin Nob","floor":14,"turns":2},{"damage":0,"enemies":"Slime Boss","floor":16,"turns":7},{"damage":13,"enemies":"Shell Parasite","floor":18,"turns":4},{"damage":2,"enemies":"3 Byrds","floor":19,"turns":3},{"damage":9,"enemies":"Snecko","floor":20,"turns":6},{"damage":59,"enemies":"Book of Stabbing","floor":23,"turns":6},{"damage":0,"enemies":"Centurion and Healer","floor":25,"turns":4},{"damage":16,"enemies":"Shelled Parasite and Fungi","floor":27,"turns":4},{"damage":8,"enemies":"Gremlin Leader","floor":28,"turns":4},{"damage":0,"enemies":"Snake Plant","floor":29,"turns":4},{"damage":9,"enemies":"Book of Stabbing","floor":31,"turns":4},{"damage":19,"enemies":"Automaton","floor":33,"turns":7},{"damage":28,"enemies":"3 Shapes","floor":35,"turns":2},{"damage":12,"enemies":"Orb Walker","floor":38,"turns":4},{"damage":0,"enemies":"Sphere and 2 Shapes","floor":39,"turns":3},{"damage":30,"enemies":"Giant Head","floor":40,"turns":6},{"damage":16,"enemies":"Spire Growth","floor":41,"turns":3},{"damage":0,"enemies":"Reptomancer","floor":42,"turns":5},{"damage":0,"enemies":"3 Darklings","floor":45,"turns":2},{"damage":12,"enemies":"Nemesis","floor":46,"turns":4},{"damage":0,"enemies":"Sphere and 2 Shapes","floor":47,"turns":4},{"damage":52,"enemies":"Donu and Deca","floor":50,"turns":3}],"seed_played":"95943696558694985","potions_obtained":[{"floor":2,"key":"Strength Potion"},{"floor":6,"key":"Explosive Potion"},{"floor":8,"key":"Weak Potion"},{"floor":13,"key":"SteroidPotion"},{"floor":14,"key":"Fire Potion"},{"floor":16,"key":"Regen Potion"},{"floor":23,"key":"SteroidPotion"},{"floor":27,"key":"Block Potion"},{"floor":28,"key":"Weak Potion"},{"floor":38,"key":"Fire Potion"},{"floor":40,"key":"Energy Potion"},{"floor":41,"key":"FearPotion"},{"floor":42,"key":"Fire Potion"},{"floor":45,"key":"SteroidPotion"}],"is_trial":false,"path_per_floor":["M","M","M","M","?","E","M","M","T","M","?","$","M","E","R","B",null,"M","M","M","$","?","E","R","M","T","M","E","M","R","E","R","B",null,"M","?","$","M","M","E","M","E","T","R","M","E","M","?","R","B"],"character_chosen":"THE_SILENT","items_purchased":["EssenceOfSteel","Dagger Spray","Metamorphosis","Accuracy","Snake Skull","Envenom","HandOfGreed"],"campfire_rested":4,"item_purchase_floors":[12,12,21,21,37,37,37],"current_hp_per_floor":[70,70,70,66,66,43,43,43,43,28,21,21,21,21,21,21,70,57,55,61,61,61,2,23,23,37,21,13,13,38,29,54,35,84,56,94,94,82,82,52,36,36,36,36,36,24,24,24,52,0],"gold":221,"neow_bonus":"TRANSFORM_CARD","is_prod":false,"is_daily":false,"chose_seed":false,"campfire_upgraded":1,"win_rate":0,"timestamp":1545858219,"path_taken":["M","?","M","M","?","E","M","M","T","M","?","?","M","E","R","BOSS","M","M","M","$","?","E","R","M","T","?","E","M","R","E","R","BOSS","M","?","$","M","?","E","M","E","T","R","M","E","M","?","R","BOSS"],"build_version":"2018-12-20","purchased_purges":0,"victory":false,"max_hp_per_floor":[70,70,70,70,70,70,70,70,70,70,70,70,70,70,70,70,70,70,70,70,70,70,70,70,70,84,84,84,84,84,84,84,84,84,84,94,94,94,94,94,94,94,94,94,94,94,94,94,94,94],"card_choices":[{"not_picked":["Acrobatics","Eviscerate"],"picked":"Quick Slash","floor":1},{"not_picked":["Deflect","Bane"],"picked":"Blade Dance","floor":2},{"not_picked":["Poisoned Stab","Backflip"],"picked":"Infinite Blades","floor":3},{"not_picked":["Prepared","Endless Agony"],"picked":"Finisher","floor":4},{"not_picked":["Bane","Underhanded Strike"],"picked":"Flying Knee","floor":6},{"not_picked":["Poisoned Stab","Deflect"],"picked":"Crippling Poison","floor":7},{"not_picked":["Sucker Punch","Predator"],"picked":"Backflip","floor":8},{"not_picked":["Catalyst","Flying Knee"],"picked":"Dagger Throw","floor":10},{"not_picked":["Catalyst","Quick Slash"],"picked":"Venomology","floor":13},{"not_picked":["Blur","Setup"],"picked":"Accuracy","floor":14},{"not_picked":["Night Terror","Adrenaline"],"picked":"Envenom","floor":16},{"not_picked":["Flying Knee+1","Quick Slash"],"picked":"Blur+1","floor":18},{"not_picked":["Deflect","Catalyst"],"picked":"Blade Dance","floor":19},{"not_picked":["Acrobatics","Distraction"],"picked":"Well Laid Plans+1","floor":20},{"not_picked":["Quick Slash","Acrobatics"],"picked":"Blur+1","floor":23},{"not_picked":["PiercingWail","Heel Hook+1"],"picked":"Backstab","floor":25},{"not_picked":["Slice","Sucker Punch"],"picked":"Poisoned Stab+1","floor":27},{"not_picked":["Sucker Punch","Deadly Poison+1"],"picked":"Tactician","floor":28},{"not_picked":["PiercingWail","Quick Slash+1"],"picked":"Reflex+1","floor":29},{"not_picked":["Dash","Die Die Die"],"picked":"Cloak And Dagger","floor":31},{"not_picked":["Venomology","Burst"],"picked":"Grand Finale","floor":33},{"not_picked":["Deflect","Deadly Poison"],"picked":"Dagger Throw","floor":35},{"not_picked":["Phantasmal Killer","Flying Knee"],"picked":"Bane","floor":38},{"not_picked":["Endless Agony","Bane+1"],"picked":"Blade Dance+1","floor":39},{"not_picked":["Prepared","Bane+1"],"picked":"Storm of Steel","floor":40},{"not_picked":["Bouncing Flask+1","Escape Plan"],"picked":"Infinite Blades+1","floor":41},{"not_picked":["All Out Attack","Dash"],"picked":"Dagger Spray+1","floor":42},{"not_picked":["Backflip+1","Catalyst"],"picked":"Blade Dance+1","floor":45},{"not_picked":["Blur","Slice"],"picked":"Blade Dance+1","floor":46},{"not_picked":["Acrobatics","PiercingWail+1"],"picked":"Concentrate+1","floor":47},{"not_picked":["Eviscerate+1","Slice+1"],"picked":"PiercingWail+1","floor":49}],"player_experience":162877,"relics_obtained":[{"floor":6,"key":"Mummified Hand"},{"floor":14,"key":"Boot"},{"floor":23,"key":"Bag of Marbles"},{"floor":26,"key":"Mango"},{"floor":28,"key":"Kunai"},{"floor":31,"key":"FossilizedHelix"},{"floor":40,"key":"Lantern"},{"floor":42,"key":"Dream Catcher"},{"floor":43,"key":"Omamori"},{"floor":46,"key":"Molten Egg 2"}],"event_choices":[{"damage_healed":0,"gold_gain":0,"cards_transformed":["Defend_G"],"player_choice":"Change","damage_taken":0,"max_hp_gain":0,"max_hp_loss":0,"event_name":"Living Wall","floor":5,"gold_loss":0,"cards_obtained":["Concentrate"]},{"cards_removed":["Strike_G"],"damage_healed":0,"gold_gain":0,"player_choice":"Card Removal","damage_taken":7,"max_hp_gain":0,"max_hp_loss":0,"event_name":"Golden Wing","floor":11,"gold_loss":0},{"damage_healed":0,"gold_gain":0,"player_choice":"Forge","damage_taken":0,"max_hp_gain":0,"max_hp_loss":0,"event_name":"Accursed Blacksmith","floor":22,"gold_loss":0,"cards_upgraded":["Envenom"]},{"cards_removed":["Doppelganger"],"damage_healed":28,"gold_gain":0,"player_choice":"Offered Rare","damage_taken":0,"max_hp_gain":10,"max_hp_loss":0,"event_name":"Bonfire Elementals","floor":36,"gold_loss":0},{"cards_removed":["Survivor"],"damage_healed":0,"gold_gain":0,"player_choice":"Removed Skill","damage_taken":0,"max_hp_gain":0,"max_hp_loss":0,"event_name":"Falling","floor":48,"gold_loss":0}],"is_beta":false,"boss_relics":[{"not_picked":["Velvet Choker","Coffee Dripper"],"picked":"WristBlade"},{"not_picked":["Snecko Eye","Ring of the Serpent"],"picked":"Pandora\u0027s Box"}],"items_purged_floors":[],"is_endless":false,"potions_floor_spawned":[2,6,8,13,14,16,23,27,28,29,31,38,40,41,42,45],"killed_by":"Donu and Deca","ascension_level":1}