{"gold_per_floor":[112,128,128,148,159,159,193,203,203,223,233,246,246,273,273,372,372,387,63,63,79,94,94,9,25,51,51,78,93,93,40,40,40],"floor_reached":33,"playtime":1581,"items_purged":[],"score":432,"play_id":"13078a1c-bd03-43f9-9188-26f4ba67d030","local_time":"20191002233310","is_ascension_mode":true,"campfire_choices":[{"floor":6,"key":"REST"},{"floor":13,"key":"REST"},{"floor":15,"key":"REST"},{"floor":23,"key":"REST"},{"floor":32,"key":"REST"}],"neow_cost":"NONE","seed_source_timestamp":1314683683785100,"circlet_count":0,"master_deck":["Defend_G","Defend_G","Defend_G","Defend_G","Defend_G","Survivor","Neutralize","Backstab","Deadly Poison","Well Laid Plans","Bouncing Flask","Dagger Throw","Sucker Punch","Poisoned Stab","Die Die Die","Cloak And Dagger","Dodge and Roll","Poisoned Stab","Malaise","Acrobatics+1","Footwork","Acrobatics","Bane+1","Poisoned Stab+1","Terror+1","Footwork","Bite","Bite","Bite","Bite","Bite","Backflip"],"relics":["Ring of the Snake","Bag of Preparation","Shuriken","Pear","Oddly Smooth Stone","Runic Pyramid","Mummified Hand","Meat on the Bone","Ice Cream"],"potions_floor_usage":[8,16,18,28,29,33,33],"damage_taken":[{"damage":0,"enemies":"Small Slimes","floor":1,"turns":3},{"damage":0,"enemies":"Cultist","floor":2,"turns":3},{"damage":0,"enemies":"Jaw Worm","floor":4,"turns":3},{"damage":30,"enemies":"Exordium Wildlife","floor":5,"turns":5},{"damage":12,"enemies":"Gremlin Nob","floor":7,"turns":3},{"damage":13,"enemies":"Exordium Thugs","floor":8,"turns":5},{"damage":0,"enemies":"Large Slime","floor":10,"turns":4},{"damage":13,"enemies":"Blue Slaver","floor":11,"turns":3},{"damage":0,"enemies":"Looter","floor":12,"turns":3},{"damage":21,"enemies":"Lagavulin","floor":14,"turns":5},{"damage":6,"enemies":"Slime Boss","floor":16,"turns":8},{"damage":3,"enemies":"Shell Parasite","floor":18,"turns":5},{"damage":15,"enemies":"2 Thieves","floor":21,"turns":4},{"damage":31,"enemies":"Snecko","floor":22,"turns":7},{"damage":21,"enemies":"Centurion and Healer","floor":25,"turns":9},{"damage":34,"enemies":"Gremlin Leader","floor":28,"turns":6},{"damage":2,"enemies":"Snake Plant","floor":29,"turns":4},{"damage":95,"enemies":"Champ","floor":33,"turns":10}],"seed_played":"-2548595753739887748","potions_obtained":[{"floor":2,"key":"FearPotion"},{"floor":7,"key":"LiquidBronze"},{"floor":8,"key":"Fire Potion"},{"floor":11,"key":"Dexterity Potion"},{"floor":22,"key":"Ancient Potion"},{"floor":25,"key":"FearPotion"},{"floor":28,"key":"PowerPotion"}],"is_trial":false,"path_per_floor":["M","M","?","M","M","R","E","M","T","M","M","M","R","E","R","B",null,"M","$","?","M","M","R","?","M","T","$","E","M","?","$","R","B"],"character_chosen":"THE_SILENT","items_purchased":["Footwork","Mummified Hand","Backflip"],"campfire_rested":5,"item_purchase_floors":[19,19,31],"current_hp_per_floor":[63,63,63,63,33,54,42,29,39,39,26,26,50,29,53,47,72,69,69,69,54,35,59,59,52,52,52,32,44,44,44,68,0],"gold":40,"neow_bonus":"RANDOM_COMMON_RELIC","is_prod":false,"is_daily":false,"chose_seed":false,"campfire_upgraded":0,"win_rate":0,"timestamp":1570073590,"path_taken":["M","M","?","M","M","R","E","M","T","?","M","M","R","E","R","BOSS","M","$","?","M","M","R","?","M","T","?","E","?","?","$","R","BOSS"],"build_version":"2019-07-17","purchased_purges":0,"victory":false,"max_hp_per_floor":[70,70,70,70,70,70,70,70,80,80,80,80,80,80,80,80,80,80,80,80,80,80,80,80,80,80,80,80,80,80,80,80,80],"card_choices":[{"not_picked":["PiercingWail","Deflect"],"picked":"Backstab","floor":1},{"not_picked":["Poisoned Stab","Choke"],"picked":"Deadly Poison","floor":2},{"not_picked":["Calculated Gamble","Underhanded Strike"],"picked":"Bouncing Flask","floor":4},{"not_picked":["Distraction","Quick Slash"],"picked":"Dagger Throw","floor":5},{"not_picked":["Predator","Quick Slash"],"picked":"Sucker Punch","floor":7},{"not_picked":["Predator","Slice"],"picked":"Poisoned Stab","floor":8},{"not_picked":["Acrobatics","Dagger Spray"],"picked":"Die Die Die","floor":10},{"not_picked":["PiercingWail","Sucker Punch"],"picked":"Cloak And Dagger","floor":11},{"not_picked":["Flying Knee","Eviscerate"],"picked":"Dodge and Roll","floor":12},{"not_picked":["Cloak And Dagger","Die Die Die"],"picked":"Poisoned Stab","floor":14},{"not_picked":["Burst","Die Die Die"],"picked":"Malaise","floor":16},{"not_picked":["Dodge and Roll","Terror+1"],"picked":"Acrobatics+1","floor":18},{"not_picked":["Masterful Stab+1","Setup"],"picked":"Acrobatics","floor":21},{"not_picked":["Prepared","Dagger Throw"],"picked":"Bane+1","floor":22},{"not_picked":["Bane","Well Laid Plans"],"picked":"Poisoned Stab+1","floor":25},{"not_picked":["All Out Attack","Sucker Punch"],"picked":"Terror+1","floor":28},{"not_picked":["Backstab","Endless Agony"],"picked":"Footwork","floor":29}],"player_experience":786427,"relics_obtained":[{"floor":7,"key":"Shuriken"},{"floor":9,"key":"Pear"},{"floor":14,"key":"Oddly Smooth Stone"},{"floor":28,"key":"Ice Cream"}],"event_choices":[{"damage_healed":0,"gold_gain":0,"cards_transformed":["Strike_G"],"player_choice":"Transformed","damage_taken":0,"max_hp_gain":0,"max_hp_loss":0,"event_name":"Transmorgrifier","floor":3,"gold_loss":0,"cards_obtained":["Well Laid Plans"]},{"damage_healed":0,"gold_gain":0,"player_choice":"Opened","damage_taken":0,"relics_obtained":["Meat on the Bone"],"max_hp_gain":0,"max_hp_loss":0,"event_name":"The Mausoleum","floor":20,"gold_loss":0},{"damage_healed":0,"gold_gain":0,"player_choice":"Obtained Relic","damage_taken":0,"relics_obtained":["Blood Vial"],"max_hp_gain":0,"max_hp_loss":0,"event_name":"Addict","floor":24,"gold_loss":85},{"damage_healed":0,"gold_gain":0,"player_choice":"Became a vampire (Vial)","damage_taken":0,"max_hp_gain":0,"max_hp_loss":0,"event_name":"Vampires","floor":30,"relics_lost":["Blood Vial"],"gold_loss":0,"cards_obtained":["Bite","Bite","Bite","Bite","Bite"]}],"is_beta":false,"boss_relics":[{"not_picked":["Coffee Dripper","Cursed Key"],"picked":"Runic Pyramid"}],"items_purged_floors":[],"is_endless":false,"potions_floor_spawned":[2,7,8,11,12,14,22,25,28],"killed_by":"Champ","ascension_level":9}