{"gold_per_floor":[113,125,225,242,258,258,269,294,321,271,446,446,464,464,464,561,561,545,564,216,216,216],"floor_reached":22,"playtime":1416,"items_purged":["Regret"],"score":211,"play_id":"74c9a18d-7aba-4096-9c95-8e1a0ee43fd4","local_time":"20181124194025","is_ascension_mode":false,"campfire_choices":[{"floor":6,"key":"RECALL"},{"data":"Body Slam","floor":12,"key":"SMITH"},{"data":"Body Slam","floor":15,"key":"SMITH"}],"neow_cost":"NONE","seed_source_timestamp":260649997302358,"circlet_count":0,"master_deck":["Strike_R","Defend_R","Defend_R","Defend_R","Defend_R","Bash","Body Slam+1","Body Slam+1","Warcry","Flex","Sever Soul","Shrug It Off","Doubt","Bloodletting","Berserk","True Grit+1","Armaments","Impervious","Body Slam","Body Slam"],"relics":["Burning Blood","Torii","Boot","Empty Cage","Anchor"],"potions_floor_usage":[8,8,16,16],"damage_taken":[{"damage":0,"enemies":"2 Louse","floor":1,"turns":4},{"damage":1,"enemies":"Cultist","floor":2,"turns":3},{"damage":0,"enemies":"Small Slimes","floor":4,"turns":3},{"damage":12,"enemies":"Looter","floor":5,"turns":5},{"damage":3,"enemies":"2 Fungi Beasts","floor":7,"turns":4},{"damage":12,"enemies":"Gremlin Nob","floor":8,"turns":4},{"damage":2,"enemies":"Blue Slaver","floor":13,"turns":4},{"damage":66,"enemies":"Slime Boss","floor":16,"turns":15},{"damage":16,"enemies":"2 Thieves","floor":18,"turns":4},{"damage":36,"enemies":"Chosen","floor":19,"turns":8},{"damage":42,"enemies":"Snecko","floor":22,"turns":6}],"seed_played":"8056854376778313524","potions_obtained":[{"floor":1,"key":"EssenceOfSteel"},{"floor":4,"key":"Block Potion"},{"floor":7,"key":"GamblersBrew"},{"floor":13,"key":"LiquidBronze"},{"floor":19,"key":"LiquidBronze"}],"is_trial":false,"path_per_floor":["M","M","?","M","M","R","M","E","T","?","?","R","M","?","R","B",null,"M","M","$","?","M"],"character_chosen":"IRONCLAD","items_purchased":["Anchor","Impervious","Body Slam"],"campfire_rested":0,"item_purchase_floors":[20,20,20],"current_hp_per_floor":[80,80,80,80,74,74,77,71,71,71,71,71,75,75,75,15,80,70,40,40,40,0],"gold":216,"neow_bonus":"REMOVE_CARD","is_prod":false,"is_daily":false,"chose_seed":false,"campfire_upgraded":2,"win_rate":0,"timestamp":1543088425,"path_taken":["M","M","?","?","M","R","M","E","T","?","?","R","M","?","R","BOSS","M","M","$","?","M"],"build_version":"2018-11-15","purchased_purges":1,"victory":false,"max_hp_per_floor":[80,80,80,80,80,80,80,80,80,80,80,80,80,80,80,80,80,80,80,80,80,80],"card_choices":[{"not_picked":["Dropkick","Cleave"],"picked":"Body Slam","floor":1},{"not_picked":["Wild Strike","Iron Wave"],"picked":"Body Slam","floor":2},{"not_picked":["Dropkick","Rupture"],"picked":"Warcry","floor":4},{"not_picked":["Whirlwind","Disarm"],"picked":"Flex","floor":5},{"not_picked":["Fire Breathing","Corruption"],"picked":"Sever Soul","floor":7},{"not_picked":["Perfected Strike","Warcry"],"picked":"Shrug It Off","floor":8},{"not_picked":["Headbutt","Heavy Blade"],"picked":"Bloodletting","floor":13},{"not_picked":["Offering","Bludgeon"],"picked":"Berserk","floor":16},{"not_picked":["Shrug It Off","Armaments"],"picked":"True Grit+1","floor":18},{"not_picked":["Flex","Rupture"],"picked":"Armaments","floor":19}],"player_experience":90669,"relics_obtained":[{"floor":8,"key":"Torii"}],"event_choices":[{"damage_healed":0,"gold_gain":100,"player_choice":"Pray","damage_taken":0,"max_hp_gain":0,"max_hp_loss":0,"event_name":"Golden Shrine","floor":3,"gold_loss":0},{"cards_removed":["Strike_R"],"damage_healed":0,"gold_gain":0,"player_choice":"Card Removal","damage_taken":0,"max_hp_gain":0,"max_hp_loss":0,"event_name":"The Cleric","floor":10,"gold_loss":50},{"damage_healed":0,"gold_gain":175,"player_choice":"AGREE","damage_taken":0,"max_hp_gain":0,"max_hp_loss":0,"event_name":"Liars Game","floor":11,"gold_loss":0,"cards_obtained":["Doubt"]},{"damage_healed":0,"gold_gain":0,"player_choice":"Box","damage_taken":0,"relics_obtained":["Boot"],"max_hp_gain":0,"max_hp_loss":0,"event_name":"Big Fish","floor":14,"gold_loss":0,"cards_obtained":["Regret"]},{"damage_healed":0,"gold_gain":0,"player_choice":"Read","damage_taken":0,"max_hp_gain":0,"max_hp_loss":0,"event_name":"The Library","floor":21,"gold_loss":0,"cards_obtained":["Body Slam"]}],"is_beta":true,"boss_relics":[{"not_picked":["Orrery","Cursed Key"],"picked":"Empty Cage"}],"items_purged_floors":[20],"is_endless":false,"potions_floor_spawned":[1,4,7,13,19],"killed_by":"Snecko","ascension_level":0}