{"gold_per_floor":[117,133,146,321,341,367,367,395,395,408,442,454,464,464,464,568,568,550,563,135,135,150,182,182,211,291,310,336,336,350,363,363,461,461,474,88,102,102,147,173,173,498,498,511,245,280,297,328,328,328,328,328,43,71,71],"floor_reached":55,"playtime":5396,"items_purged":[],"score":1507,"play_id":"f665c5f8-9ac3-4820-b44d-c1c8d55efb50","local_time":"20190211003244","is_ascension_mode":true,"campfire_choices":[{"floor":7,"key":"REST"},{"floor":15,"key":"REST"},{"data":"After Image","floor":24,"key":"SMITH"},{"data":"Noxious Fumes","floor":29,"key":"SMITH"},{"floor":32,"key":"RECALL"},{"data":"Footwork","floor":41,"key":"SMITH"},{"floor":49,"key":"DIG"},{"floor":52,"key":"DIG"}],"neow_cost":"NONE","seed_source_timestamp":1232342018907488,"circlet_count":0,"master_deck":["Survivor","Neutralize","Tactician","Underhanded Strike","Deadly Poison","Eviscerate+1","Cloak And Dagger","Well Laid Plans","Burst","Prepared","Blade Dance","Dash","PiercingWail","Dash","PiercingWail","Deflect","PiercingWail","Glass Knife","Dagger Spray","Backstab","Crippling Poison","Noxious Fumes","After Image+1","Dodge and Roll+1","Caltrops+1","Noxious Fumes+1","Bouncing Flask","Backflip","Ghostly","Ghostly","Ghostly","Ghostly","Ghostly","Predator+1","Sucker Punch+1","Footwork+1","Cloak And Dagger+1","Poisoned Stab","Deadly Poison+1","Quick Slash","Venomology","Blur","After Image+1","Well Laid Plans","Slice","Accuracy+1","Quick Slash+1","Distraction+1","Calculated Gamble","Apotheosis","Noxious Fumes","After Image","Deadly Poison","Dagger Throw","Infinite Blades","Dash+1"],"relics":["Pandora\u0027s Box","Oddly Smooth Stone","Darkstone Periapt","StoneCalendar","Incense Burner","Black Star","Letter Opener","Mercury Hourglass","Mummified Hand","Vajra","Ninja Scroll","Ornamental Fan","FossilizedHelix","Busted Crown","DollysMirror","Strawberry","Unceasing Top","Boot","Dodecahedron","Question Card","Old Coin","Shovel","Happy Flower","Blue Candle","Pear","Pocketwatch","Whetstone","Shuriken","Toy Ornithopter","Bronze Scales","Du-Vu Doll"],"potions_floor_usage":[5,11,16,23,28,33,42,44,46,50,50,54,55],"damage_taken":[{"damage":0,"enemies":"Cultist","floor":1,"turns":3},{"damage":0,"enemies":"2 Louse","floor":2,"turns":3},{"damage":0,"enemies":"Small Slimes","floor":3,"turns":3},{"damage":0,"enemies":"Blue Slaver","floor":5,"turns":5},{"damage":22,"enemies":"Lagavulin","floor":6,"turns":9},{"damage":9,"enemies":"3 Sentries","floor":8,"turns":11},{"damage":0,"enemies":"Exordium Wildlife","floor":10,"turns":4},{"damage":23,"enemies":"Gremlin Nob","floor":11,"turns":6},{"damage":0,"enemies":"3 Louse","floor":12,"turns":2},{"damage":0,"enemies":"Exordium Thugs","floor":13,"turns":5},{"damage":14,"enemies":"Hexaghost","floor":16,"turns":8},{"damage":0,"enemies":"2 Thieves","floor":18,"turns":4},{"damage":13,"enemies":"Shell Parasite","floor":19,"turns":7},{"damage":3,"enemies":"Snake Plant","floor":22,"turns":6},{"damage":4,"enemies":"Book of Stabbing","floor":23,"turns":6},{"damage":1,"enemies":"Gremlin Leader","floor":25,"turns":7},{"damage":0,"enemies":"Centurion and Healer","floor":27,"turns":5},{"damage":5,"enemies":"Slavers","floor":28,"turns":4},{"damage":0,"enemies":"Snecko","floor":30,"turns":5},{"damage":0,"enemies":"Cultist and Chosen","floor":31,"turns":5},{"damage":0,"enemies":"Champ","floor":33,"turns":10},{"damage":0,"enemies":"3 Darklings","floor":35,"turns":4},{"damage":0,"enemies":"Orb Walker","floor":37,"turns":3},{"damage":0,"enemies":"2 Orb Walkers","floor":39,"turns":5},{"damage":0,"enemies":"Nemesis","floor":40,"turns":7},{"damage":0,"enemies":"Giant Head","floor":42,"turns":7},{"damage":0,"enemies":"4 Shapes","floor":44,"turns":5},{"damage":0,"enemies":"Nemesis","floor":46,"turns":7},{"damage":0,"enemies":"Spire Growth","floor":47,"turns":4},{"damage":0,"enemies":"Reptomancer","floor":48,"turns":4},{"damage":0,"enemies":"Awakened One","floor":50,"turns":10},{"damage":0,"enemies":"Shield and Spear","floor":54,"turns":5},{"damage":51,"enemies":"The Heart","floor":55,"turns":6}],"seed_played":"7312985803979014418","potions_obtained":[{"floor":2,"key":"GamblersBrew"},{"floor":8,"key":"Block Potion"},{"floor":11,"key":"PowerPotion"},{"floor":13,"key":"SmokeBomb"},{"floor":16,"key":"LiquidBronze"},{"floor":22,"key":"Swift Potion"},{"floor":25,"key":"Strength Potion"},{"floor":27,"key":"Dexterity Potion"},{"floor":31,"key":"AttackPotion"},{"floor":39,"key":"GhostInAJar"}],"is_trial":false,"path_per_floor":["M","M","M","?","M","E","R","E","T","M","E","M","M","?","R","B",null,"M","M","$","?","M","E","R","E","T","M","E","R","M","M","R","B",null,"M","$","M","?","?","E","R","E","T","M","$","E","M","E","R","B",null,"R","$","E","B"],"character_chosen":"THE_SILENT","items_purchased":["Noxious Fumes","Letter Opener","Bouncing Flask","Backflip","DollysMirror","Strawberry","Well Laid Plans","Apotheosis","Noxious Fumes","Toy Ornithopter","Infinite Blades"],"campfire_rested":2,"item_purchase_floors":[20,20,20,20,36,36,36,45,45,53,53],"current_hp_per_floor":[63,63,63,63,63,41,62,53,53,53,30,30,30,23,44,30,60,60,47,47,35,32,28,28,27,27,27,22,22,22,22,22,22,32,32,39,39,39,39,39,39,39,39,39,39,39,39,49,49,49,50,50,50,50,0],"gold":71,"neow_bonus":"BOSS_RELIC","is_prod":false,"is_daily":false,"chose_seed":false,"campfire_upgraded":3,"win_rate":0,"timestamp":1549863164,"path_taken":["M","?","M","?","M","E","R","E","T","M","E","M","M","?","R","BOSS","M","M","$","?","M","E","R","E","T","M","E","R","M","M","R","BOSS","M","$","M","?","?","E","R","E","T","M","?","E","?","E","R","BOSS","R","$","E","BOSS"],"build_version":"2019-01-23","purchased_purges":0,"victory":false,"max_hp_per_floor":[70,70,70,70,70,70,70,70,70,70,70,70,70,70,70,70,70,70,70,70,35,35,35,35,35,35,35,35,35,35,35,35,35,35,35,42,42,40,40,40,40,40,40,40,40,40,40,50,50,50,50,50,50,50,50],"card_choices":[{"not_picked":["Blade Dance","Poisoned Stab"],"picked":"PiercingWail","floor":1},{"not_picked":["Sucker Punch","Blur"],"picked":"Dash","floor":2},{"not_picked":["Deflect","Tactician"],"picked":"PiercingWail","floor":3},{"not_picked":["Acrobatics","Riddle With Holes"],"picked":"Deflect","floor":5},{"not_picked":["Outmaneuver","Prepared"],"picked":"PiercingWail","floor":6},{"not_picked":["Catalyst","Deflect"],"picked":"Glass Knife","floor":8},{"not_picked":["Outmaneuver","Acrobatics"],"picked":"Dagger Spray","floor":10},{"not_picked":["PiercingWail","Predator"],"picked":"Backstab","floor":11},{"not_picked":["Choke","Eviscerate"],"picked":"Crippling Poison","floor":12},{"not_picked":["Deflect","Dagger Spray"],"picked":"Noxious Fumes","floor":13},{"not_picked":["Tools of the Trade","Unload"],"picked":"After Image","floor":16},{"not_picked":["Bane","Acrobatics+1"],"picked":"Dodge and Roll+1","floor":18},{"not_picked":["Blade Dance","Slice"],"picked":"Caltrops+1","floor":19},{"not_picked":["PiercingWail+1","Heel Hook+1"],"picked":"Predator+1","floor":22},{"not_picked":["Underhanded Strike+1","Deflect"],"picked":"Sucker Punch","floor":23},{"not_picked":["Bullet Time","Eviscerate"],"picked":"Footwork","floor":25},{"not_picked":["Dagger Throw","PiercingWail"],"picked":"Cloak And Dagger+1","floor":27},{"not_picked":["Setup","Concentrate"],"picked":"Poisoned Stab","floor":28},{"not_picked":["Dagger Spray","Blade Dance"],"picked":"Deadly Poison+1","floor":30},{"not_picked":["Deflect","PiercingWail"],"picked":"Quick Slash","floor":31},{"not_picked":["Storm of Steel","Malaise"],"picked":"Venomology","floor":33},{"not_picked":[],"picked":"Blur","floor":35},{"not_picked":[],"picked":"Slice","floor":37},{"not_picked":[],"picked":"Accuracy+1","floor":39},{"not_picked":[],"picked":"Quick Slash+1","floor":40},{"not_picked":[],"picked":"Distraction+1","floor":42},{"not_picked":["Poisoned Stab"],"picked":"Calculated Gamble","floor":44},{"not_picked":["Dodge and Roll+1"],"picked":"After Image","floor":46},{"not_picked":["Poisoned Stab"],"picked":"Deadly Poison","floor":47},{"not_picked":["Blade Dance"],"picked":"Dagger Throw","floor":48},{"not_picked":["PiercingWail"],"picked":"Dash+1","floor":54}],"player_experience":448834,"relics_obtained":[{"floor":6,"key":"Oddly Smooth Stone"},{"floor":8,"key":"Darkstone Periapt"},{"floor":9,"key":"StoneCalendar"},{"floor":11,"key":"Incense Burner"},{"floor":23,"key":"Mercury Hourglass"},{"floor":23,"key":"Mummified Hand"},{"floor":25,"key":"Vajra"},{"floor":25,"key":"Ninja Scroll"},{"floor":28,"key":"Ornamental Fan"},{"floor":28,"key":"FossilizedHelix"},{"floor":39,"key":"Unceasing Top"},{"floor":40,"key":"Boot"},{"floor":40,"key":"Dodecahedron"},{"floor":42,"key":"Question Card"},{"floor":42,"key":"Old Coin"},{"floor":43,"key":"Shovel"},{"floor":46,"key":"Happy Flower"},{"floor":46,"key":"Blue Candle"},{"floor":48,"key":"Pear"},{"floor":48,"key":"Pocketwatch"},{"floor":49,"key":"Whetstone"},{"floor":52,"key":"Shuriken"},{"floor":54,"key":"Bronze Scales"},{"floor":54,"key":"Du-Vu Doll"}],"event_choices":[{"damage_healed":0,"gold_gain":175,"player_choice":"AGREE","damage_taken":0,"max_hp_gain":0,"max_hp_loss":0,"event_name":"Liars Game","floor":4,"gold_loss":0,"cards_obtained":["Doubt"]},{"cards_removed":["Doubt"],"damage_healed":0,"gold_gain":0,"player_choice":"Card Removal","damage_taken":7,"max_hp_gain":0,"max_hp_loss":0,"event_name":"Golden Wing","floor":14,"gold_loss":0},{"damage_healed":0,"gold_gain":0,"player_choice":"Became a Ghost","damage_taken":0,"max_hp_gain":0,"max_hp_loss":35,"event_name":"Ghosts","floor":21,"gold_loss":0,"cards_obtained":["Ghostly","Ghostly","Ghostly","Ghostly","Ghostly"]},{"damage_healed":0,"gold_gain":0,"player_choice":"Max HP","damage_taken":0,"max_hp_gain":0,"max_hp_loss":2,"event_name":"Winding Halls","floor":38,"gold_loss":0},{"damage_healed":0,"gold_gain":0,"player_choice":"Fight","damage_taken":0,"max_hp_gain":0,"max_hp_loss":0,"event_name":"Mysterious Sphere","floor":39,"gold_loss":0}],"is_beta":false,"boss_relics":[{"not_picked":["Cursed Key","Coffee Dripper"],"picked":"Black Star"},{"not_picked":["Orrery","Empty Cage"],"picked":"Busted Crown"}],"items_purged_floors":[],"is_endless":false,"potions_floor_spawned":[2,8,11,13,16,22,25,27,31,39,42,44],"killed_by":"The Heart","ascension_level":6}