{"gold_per_floor":[110,125,56,67,86,86,117,117,117,117,128,147,176,196,196,294,294,312,331,119,133,133,133],"floor_reached":23,"playtime":1311,"items_purged":[],"score":277,"play_id":"8e75e34a-52fb-4781-8b32-f6d75c0ff44d","local_time":"20190911174317","is_ascension_mode":true,"campfire_choices":[{"data":"Footwork","floor":6,"key":"SMITH"},{"data":"Predator","floor":8,"key":"SMITH"},{"floor":10,"key":"REST"},{"data":"Footwork","floor":15,"key":"SMITH"}],"neow_cost":"NONE","seed_source_timestamp":433351726037100,"circlet_count":0,"master_deck":["Survivor","Neutralize+1","Leg Sweep","Predator+1","PiercingWail","Footwork+1","Cloak And Dagger","Footwork+1","Flying Knee+1","Accuracy","Slice+1","After Image","Deadly Poison","Tactician","Accuracy","Acrobatics","Caltrops","Flying Knee+1","Footwork","Masterful Stab+1","Dagger Throw+1","Dagger Spray+1","Flechettes+1","Quick Slash+1","Expertise","Doppelganger"],"relics":["Sozu","Blood Vial","Dead Branch","Molten Egg 2","Pantograph","Pandora\u0027s Box","Whetstone"],"potions_floor_usage":[],"damage_taken":[{"damage":10,"enemies":"Cultist","floor":1,"turns":6},{"damage":0,"enemies":"Jaw Worm","floor":2,"turns":4},{"damage":0,"enemies":"2 Louse","floor":4,"turns":3},{"damage":0,"enemies":"Looter","floor":5,"turns":4},{"damage":14,"enemies":"Lagavulin","floor":7,"turns":11},{"damage":0,"enemies":"Exordium Thugs","floor":11,"turns":5},{"damage":0,"enemies":"2 Fungi Beasts","floor":12,"turns":5},{"damage":17,"enemies":"3 Sentries","floor":13,"turns":6},{"damage":4,"enemies":"Gremlin Gang","floor":14,"turns":6},{"damage":8,"enemies":"The Guardian","floor":16,"turns":12},{"damage":0,"enemies":"3 Byrds","floor":18,"turns":5},{"damage":18,"enemies":"Shell Parasite","floor":19,"turns":7},{"damage":13,"enemies":"Snake Plant","floor":21,"turns":5},{"damage":46,"enemies":"Book of Stabbing","floor":23,"turns":5}],"seed_played":"6321129883679809863","potions_obtained":[],"is_trial":false,"path_per_floor":["M","M","?","M","M","R","E","R","T","R","M","M","E","M","R","B",null,"M","M","$","M","?","E"],"character_chosen":"THE_SILENT","items_purchased":["Flechettes+1","Whetstone"],"campfire_rested":1,"item_purchase_floors":[20,20],"current_hp_per_floor":[53,53,53,55,57,57,45,45,45,66,68,70,53,51,51,62,68,70,52,52,41,41,0],"gold":133,"neow_bonus":"BOSS_RELIC","is_prod":false,"is_daily":false,"chose_seed":false,"campfire_upgraded":3,"win_rate":0,"timestamp":1568238197,"path_taken":["M","M","?","M","?","R","E","R","T","R","M","M","E","M","R","BOSS","M","M","$","M","?","E"],"build_version":"2019-07-17","purchased_purges":0,"victory":false,"max_hp_per_floor":[70,70,70,70,70,70,70,70,70,70,70,70,70,70,70,70,70,70,70,70,70,70,70],"card_choices":[{"not_picked":["Terror","Sucker Punch"],"picked":"Leg Sweep","floor":1},{"not_picked":["All Out Attack","Dodge and Roll"],"picked":"Predator","floor":2},{"not_picked":["Crippling Poison","Riddle With Holes"],"picked":"PiercingWail","floor":4},{"not_picked":["Dodge and Roll","Prepared"],"picked":"Footwork","floor":5},{"not_picked":["All Out Attack","Envenom"],"picked":"Cloak And Dagger","floor":7},{"not_picked":["Riddle With Holes+1","Flying Knee+1"],"picked":"Footwork","floor":11},{"not_picked":["Deadly Poison","Underhanded Strike+1"],"picked":"Flying Knee+1","floor":12},{"not_picked":["Corpse Explosion","Flying Knee+1"],"picked":"Accuracy","floor":13},{"not_picked":["Quick Slash+1","PiercingWail"],"picked":"Slice+1","floor":14},{"not_picked":["Doppelganger","Burst"],"picked":"After Image","floor":16},{"not_picked":["Underhanded Strike+1","Outmaneuver+1"],"picked":"Dagger Throw+1","floor":18},{"not_picked":["Outmaneuver","Flying Knee+1"],"picked":"Dagger Spray+1","floor":19},{"not_picked":["Skewer+1","Poisoned Stab+1"],"picked":"Quick Slash+1","floor":21}],"player_experience":575963,"relics_obtained":[{"floor":7,"key":"Dead Branch"},{"floor":9,"key":"Molten Egg 2"},{"floor":13,"key":"Pantograph"}],"event_choices":[{"damage_healed":0,"gold_gain":0,"player_choice":"Paid Gold","damage_taken":0,"relics_obtained":["Blood Vial"],"max_hp_gain":0,"max_hp_loss":0,"event_name":"WeMeetAgain","floor":3,"gold_loss":69},{"damage_healed":0,"gold_gain":0,"cards_transformed":["Night Terror","Envenom"],"player_choice":"Became Test Subject","damage_taken":0,"max_hp_gain":0,"max_hp_loss":0,"event_name":"Drug Dealer","floor":22,"gold_loss":0,"cards_obtained":["Expertise","Doppelganger"]}],"is_beta":false,"boss_relics":[{"not_picked":["White Beast Statue","Fusion Hammer"],"picked":"Pandora\u0027s Box"}],"items_purged_floors":[],"is_endless":false,"potions_floor_spawned":[1,5,7,11,12,16,21],"killed_by":"Book of Stabbing","ascension_level":7}