{"gold_per_floor":[10,10,26,37,212,237,237,260,260,260,260,71,83,115,115,220,220,239,257,27,27,47,76,76,91,91,102,2,2,14,26,26,127,127,141,0,0,15,31,57,70,70,95,111,121,121],"floor_reached":46,"playtime":4164,"items_purged":["Strike_G","Pain"],"score":559,"play_id":"781e214e-5e86-4805-9aab-e3d601af9414","local_time":"20181221162135","is_ascension_mode":false,"campfire_choices":[{"data":"Noxious Fumes","floor":7,"key":"SMITH"},{"data":"Neutralize","floor":10,"key":"SMITH"},{"floor":15,"key":"REST"},{"floor":24,"key":"REST"},{"floor":29,"key":"REST"},{"floor":32,"key":"REST"},{"floor":42,"key":"REST"}],"neow_cost":"NO_GOLD","seed_source_timestamp":81062490196732,"circlet_count":0,"master_deck":["Defend_G","Defend_G","Defend_G","Defend_G","Strike_G","Strike_G","Survivor","Neutralize+1","Crippling Poison","Dodge and Roll","Noxious Fumes+1","Finisher+1","Leg Sweep","Doubt","Corpse Explosion","Bouncing Flask","Sadistic Nature","Deflect","Dodge and Roll","Die Die Die+1","Doubt","Normality","Blur+1","Backflip+1","Masterful Stab","Backstab+1","Backflip+1","PiercingWail+1","Bouncing Flask+1","Burst+1","Expertise+1","Dodge and Roll+1","Catalyst+1","Dodge and Roll+1","Heel Hook+1","Caltrops","Well Laid Plans"],"relics":["Ice Cream","Odd Mushroom","Mummified Hand","Boot","Calling Bell","Pen Nib","Shuriken","Tough Bandages","Whetstone","Nloth\u0027s Gift","Toxic Egg 2","Pocketwatch","Sozu","Red Mask","Happy Flower","Question Card","Bronze Scales"],"potions_floor_usage":[23,23,23],"damage_taken":[{"damage":0,"enemies":"Jaw Worm","floor":1,"turns":7},{"damage":4,"enemies":"Cultist","floor":3,"turns":6},{"damage":2,"enemies":"2 Louse","floor":4,"turns":2},{"damage":14,"enemies":"Lagavulin","floor":6,"turns":10},{"damage":0,"enemies":"The Mushroom Lair","floor":8,"turns":3},{"damage":12,"enemies":"Large Slime","floor":13,"turns":5},{"damage":5,"enemies":"Gremlin Nob","floor":14,"turns":4},{"damage":8,"enemies":"Slime Boss","floor":16,"turns":8},{"damage":13,"enemies":"Shell Parasite","floor":18,"turns":5},{"damage":23,"enemies":"2 Thieves","floor":19,"turns":3},{"damage":2,"enemies":"Snecko","floor":22,"turns":5},{"damage":18,"enemies":"Slavers","floor":23,"turns":2},{"damage":26,"enemies":"Snake Plant","floor":25,"turns":4},{"damage":10,"enemies":"Sentry and Sphere","floor":27,"turns":6},{"damage":0,"enemies":"Cultist and Chosen","floor":30,"turns":6},{"damage":0,"enemies":"3 Cultists","floor":31,"turns":3},{"damage":9,"enemies":"Collector","floor":33,"turns":8},{"damage":8,"enemies":"3 Darklings","floor":35,"turns":4},{"damage":7,"enemies":"Orb Walker","floor":38,"turns":4},{"damage":9,"enemies":"4 Shapes","floor":39,"turns":4},{"damage":36,"enemies":"Reptomancer","floor":40,"turns":6},{"damage":6,"enemies":"Maw","floor":41,"turns":7},{"damage":0,"enemies":"3 Darklings","floor":44,"turns":4},{"damage":20,"enemies":"Writhing Mass","floor":45,"turns":4},{"damage":5,"enemies":"Transient","floor":46,"turns":1}],"seed_played":"159145537381638231","potions_obtained":[{"floor":1,"key":"SkillPotion"},{"floor":4,"key":"Regen Potion"},{"floor":8,"key":"Poison Potion"},{"floor":25,"key":"FearPotion"},{"floor":30,"key":"Ancient Potion"},{"floor":33,"key":"Fire Potion"}],"is_trial":false,"path_per_floor":["M","?","M","M","?","E","R","?","T","R","?","$","M","E","R","B",null,"M","M","$","?","M","E","R","M","T","M","$","R","M","M","R","B",null,"M","?","?","M","M","E","M","R","T","M","M","M"],"character_chosen":"THE_SILENT","items_purchased":["Sadistic Nature","Whetstone"],"campfire_rested":5,"item_purchase_floors":[12,20],"current_hp_per_floor":[70,70,66,64,64,50,50,50,50,50,50,50,38,33,54,46,70,57,34,34,34,32,23,44,18,18,8,8,29,29,29,50,41,70,62,62,62,55,46,10,4,25,25,25,5,0],"gold":121,"neow_bonus":"TRANSFORM_TWO_CARDS","is_prod":false,"is_daily":false,"chose_seed":false,"campfire_upgraded":2,"win_rate":0.0,"timestamp":1545427295,"path_taken":["M","?","M","?","?","E","R","?","T","R","?","$","M","E","R","BOSS","M","?","$","?","?","E","R","M","T","M","?","R","M","M","R","BOSS","M","?","?","?","?","E","M","R","T","M","M","M"],"build_version":"2018-12-20","purchased_purges":2,"victory":false,"max_hp_per_floor":[70,70,70,70,70,70,70,70,70,70,70,70,70,70,70,70,70,70,70,70,70,70,70,70,70,70,70,70,70,70,70,70,70,70,70,70,70,70,70,70,70,70,70,70,70,70],"card_choices":[{"not_picked":["Calculated Gamble","All Out Attack"],"picked":"Noxious Fumes","floor":1},{"not_picked":["PiercingWail","Sucker Punch"],"picked":"Finisher","floor":3},{"not_picked":["Choke","Dodge and Roll"],"picked":"Leg Sweep","floor":4},{"not_picked":["Expertise","Bane"],"picked":"Corpse Explosion","floor":6},{"not_picked":["Deflect","Dodge and Roll"],"picked":"Bouncing Flask","floor":8},{"not_picked":["All Out Attack","Bane"],"picked":"Deflect","floor":13},{"not_picked":["Terror","Dagger Spray"],"picked":"Dodge and Roll","floor":14},{"not_picked":["Night Terror","Malaise"],"picked":"Die Die Die","floor":16},{"not_picked":["Dodge and Roll+1","Calculated Gamble"],"picked":"Blur+1","floor":18},{"not_picked":["Reflex","Flechettes+1"],"picked":"Backflip+1","floor":19},{"not_picked":["Flying Knee","Tactician+1"],"picked":"Masterful Stab","floor":22},{"not_picked":["Tools of the Trade","Poisoned Stab+1"],"picked":"Backstab+1","floor":23},{"not_picked":["Underhanded Strike","Corpse Explosion+1"],"picked":"Backflip+1","floor":25},{"not_picked":["Heel Hook","Crippling Poison+1"],"picked":"PiercingWail+1","floor":27},{"not_picked":["Calculated Gamble+1","Slice"],"picked":"Bouncing Flask+1","floor":30},{"not_picked":["Acrobatics+1","Quick Slash"],"picked":"Prepared+1","floor":31},{"not_picked":["After Image","Bullet Time+1"],"picked":"Burst+1","floor":33},{"not_picked":["Backstab+1","Crippling Poison+1"],"picked":"Expertise+1","floor":35},{"not_picked":["Slice+1","Deadly Poison+1"],"picked":"Dodge and Roll+1","floor":38},{"not_picked":["All Out Attack+1","Outmaneuver+1"],"picked":"Catalyst+1","floor":39},{"not_picked":["Prepared+1","Calculated Gamble+1"],"picked":"Dodge and Roll+1","floor":40},{"not_picked":["Deadly Poison+1","Dodge and Roll+1","Poisoned Stab"],"picked":"Heel Hook+1","floor":41},{"not_picked":["Prepared+1","Underhanded Strike","Envenom"],"picked":"Caltrops","floor":44},{"not_picked":["Deadly Poison+1","Backstab+1","Flying Knee+1"],"picked":"Well Laid Plans","floor":45}],"player_experience":25259,"relics_obtained":[{"floor":6,"key":"Ice Cream"},{"floor":8,"key":"Odd Mushroom"},{"floor":9,"key":"Mummified Hand"},{"floor":14,"key":"Boot"},{"floor":17,"key":"Pen Nib"},{"floor":17,"key":"Shuriken"},{"floor":17,"key":"Tough Bandages"},{"floor":23,"key":"Toxic Egg 2"},{"floor":26,"key":"Pocketwatch"},{"floor":40,"key":"Question Card"},{"floor":43,"key":"Bronze Scales"}],"event_choices":[{"damage_healed":0,"gold_gain":0,"player_choice":"Full Heal","damage_taken":0,"max_hp_gain":0,"max_hp_loss":0,"event_name":"Wheel of Change","floor":2,"gold_loss":0},{"damage_healed":0,"gold_gain":175,"player_choice":"AGREE","damage_taken":0,"max_hp_gain":0,"max_hp_loss":0,"event_name":"Liars Game","floor":5,"gold_loss":0,"cards_obtained":["Doubt"]},{"damage_healed":0,"gold_gain":0,"player_choice":"Fought Mushrooms","damage_taken":0,"max_hp_gain":0,"max_hp_loss":0,"event_name":"Mushrooms","floor":8,"gold_loss":0},{"cards_removed":["Defend_G"],"damage_healed":0,"gold_gain":0,"player_choice":"Purged","damage_taken":0,"max_hp_gain":0,"max_hp_loss":0,"event_name":"Purifier","floor":11,"gold_loss":0},{"damage_healed":0,"gold_gain":0,"player_choice":"Traded Relic","damage_taken":0,"relics_obtained":["Nloth\u0027s Gift"],"max_hp_gain":0,"max_hp_loss":0,"event_name":"N\u0027loth","floor":21,"relics_lost":["Ring of the Snake"],"gold_loss":0},{"damage_healed":0,"gold_gain":0,"player_choice":"Paid","damage_taken":0,"relics_obtained":["Red Mask"],"max_hp_gain":0,"max_hp_loss":0,"event_name":"Tomb of Lord Red Mask","floor":36,"gold_loss":141},{"cards_removed":["Prepared"],"damage_healed":0,"gold_gain":0,"player_choice":"Gave Card","damage_taken":0,"relics_obtained":["Happy Flower"],"max_hp_gain":0,"max_hp_loss":0,"event_name":"WeMeetAgain","floor":37,"gold_loss":0}],"is_beta":false,"boss_relics":[{"not_picked":["Ectoplasm","Ring of the Serpent"],"picked":"Calling Bell"},{"not_picked":["WristBlade","Busted Crown"],"picked":"Sozu"}],"items_purged_floors":[20,28],"is_endless":false,"potions_floor_spawned":[1,4,8,13,14,16,22,25,30,33,39,41,44],"killed_by":"Transient","ascension_level":0}