{"gold_per_floor":[117,130,130,55,73,73,104,104,155,185,185,200,217,217,217,337,337,357,370,445,464,52,52,52,70,70,111,111,127,165,165,165,295,295,319,333,333,357,19,19,60,60,83,83,416,416,450,469,469,469],"floor_reached":51,"playtime":4891,"items_purged":["Defend_G","Strike_G"],"score":864,"play_id":"e71f4f4c-a25a-4236-bcb1-737a363069fc","local_time":"20190108203853","is_ascension_mode":true,"campfire_choices":[{"data":"Distraction","floor":6,"key":"SMITH"},{"data":"Bouncing Flask","floor":8,"key":"SMITH"},{"floor":11,"key":"REST"},{"floor":15,"key":"REST"},{"data":"Chrysalis","floor":23,"key":"SMITH"},{"data":"Adrenaline","floor":28,"key":"SMITH"},{"floor":32,"key":"REST"},{"data":"Accuracy","floor":40,"key":"SMITH"},{"data":"Storm of Steel","floor":42,"key":"SMITH"},{"data":"After Image","floor":44,"key":"SMITH"},{"floor":49,"key":"REST"}],"neow_cost":"NONE","seed_source_timestamp":4372269839220,"circlet_count":0,"master_deck":["Defend_G","Defend_G","Defend_G","Defend_G","Strike_G","Strike_G","Survivor","Neutralize","Cloak And Dagger","Prepared","Crippling Poison","Distraction+1","Bouncing Flask+1","Storm of Steel+1","Cloak And Dagger","PiercingWail","Adrenaline+1","Deadly Poison+1","Backflip","Cloak And Dagger","Chrysalis+1","PiercingWail","Dash","Tools of the Trade","Choke+1","After Image+1","Backflip+1","Choke+1","Dodge and Roll+1","Accuracy+1","Escape Plan+1","Leg Sweep+1","Accuracy"],"relics":["Runic Pyramid","Anchor","Oddly Smooth Stone","Sozu","Strawberry","Pear","Bottled Lightning","Red Mask","Philosopher\u0027s Stone","Mercury Hourglass","Blue Candle","Bag of Preparation","Orichalcum"],"potions_floor_usage":[7,7,21,21],"damage_taken":[{"damage":3,"enemies":"Cultist","floor":1,"turns":4},{"damage":1,"enemies":"2 Louse","floor":2,"turns":3},{"damage":0,"enemies":"Small Slimes","floor":5,"turns":4},{"damage":23,"enemies":"Lagavulin","floor":7,"turns":8},{"damage":23,"enemies":"Gremlin Nob","floor":10,"turns":4},{"damage":0,"enemies":"3 Louse","floor":12,"turns":3},{"damage":0,"enemies":"2 Fungi Beasts","floor":13,"turns":3},{"damage":3,"enemies":"The Guardian","floor":16,"turns":7},{"damage":15,"enemies":"Shell Parasite","floor":18,"turns":5},{"damage":0,"enemies":"Spheric Guardian","floor":19,"turns":3},{"damage":2,"enemies":"Snake Plant","floor":21,"turns":5},{"damage":12,"enemies":"Sentry and Sphere","floor":25,"turns":5},{"damage":5,"enemies":"Book of Stabbing","floor":27,"turns":6},{"damage":8,"enemies":"Chosen and Byrds","floor":29,"turns":7},{"damage":15,"enemies":"Masked Bandits","floor":30,"turns":5},{"damage":59,"enemies":"Automaton","floor":33,"turns":9},{"damage":0,"enemies":"Orb Walker","floor":35,"turns":4},{"damage":0,"enemies":"3 Shapes","floor":36,"turns":4},{"damage":12,"enemies":"Writhing Mass","floor":38,"turns":6},{"damage":23,"enemies":"Nemesis","floor":41,"turns":5},{"damage":24,"enemies":"Reptomancer","floor":47,"turns":5},{"damage":0,"enemies":"4 Shapes","floor":48,"turns":3},{"damage":32,"enemies":"Time Eater","floor":50,"turns":9}],"seed_played":"-2813328549317262678","potions_obtained":[{"floor":2,"key":"FearPotion"},{"floor":5,"key":"PowerPotion"},{"floor":12,"key":"Energy Potion"},{"floor":16,"key":"FearPotion"}],"is_trial":false,"path_per_floor":["M","M","?","$","M","R","E","R","T","E","R","M","M","?","R","B",null,"M","M","?","M","$","R","$","M","T","E","R","M","?","?","R","B",null,"M","M","?","M","$","R","E","R","T","R","?","?","E","M","R","B",null],"character_chosen":"THE_SILENT","items_purchased":["Strawberry","Chrysalis","Mercury Hourglass","Accuracy"],"campfire_rested":4,"item_purchase_floors":[22,22,39,39],"current_hp_per_floor":[67,66,66,66,66,66,43,43,43,20,41,41,41,24,45,42,70,55,55,48,46,53,53,53,41,51,46,46,38,23,52,78,19,87,87,87,87,75,75,75,52,52,52,52,52,52,28,28,54,22],"gold":469,"neow_bonus":"BOSS_RELIC","is_prod":false,"is_daily":false,"chose_seed":false,"campfire_upgraded":7,"win_rate":0,"timestamp":1546997933,"path_taken":["M","M","?","$","M","R","E","R","T","E","R","M","M","?","R","BOSS","M","M","?","?","$","R","?","M","T","E","R","M","?","?","R","BOSS","M","M","?","M","$","R","E","R","T","R","?","?","E","?","R","BOSS"],"build_version":"2019-01-03v4","purchased_purges":2,"victory":true,"max_hp_per_floor":[70,70,70,70,70,70,70,70,70,70,70,70,70,70,70,70,70,70,70,70,70,77,77,77,77,87,87,87,87,87,87,87,87,87,87,87,87,87,87,87,87,87,87,87,87,87,87,87,87,87],"card_choices":[{"not_picked":["Outmaneuver","Caltrops"],"picked":"Cloak And Dagger","floor":1},{"not_picked":["Blade Dance","Choke"],"picked":"Prepared","floor":2},{"not_picked":["Dagger Throw","Dagger Spray"],"picked":"Distraction","floor":5},{"not_picked":["Blade Dance","Deadly Poison"],"picked":"Bouncing Flask","floor":7},{"not_picked":["Terror","Sucker Punch"],"picked":"Storm of Steel","floor":10},{"not_picked":["Underhanded Strike","Quick Slash"],"picked":"Cloak And Dagger","floor":12},{"not_picked":["Slice","Bane"],"picked":"PiercingWail","floor":13},{"not_picked":["Corpse Explosion","Night Terror"],"picked":"Adrenaline","floor":16},{"not_picked":["Slice","Expertise+1"],"picked":"Deadly Poison+1","floor":18},{"not_picked":["Concentrate","Bane+1"],"picked":"Backflip","floor":19},{"not_picked":["Dodge and Roll","Slice"],"picked":"Cloak And Dagger","floor":21},{"not_picked":["Deflect","Eviscerate"],"picked":"PiercingWail","floor":25},{"not_picked":["Slice+1","Bane+1"],"picked":"Dash","floor":27},{"not_picked":["PiercingWail","Flying Knee"],"picked":"Tools of the Trade","floor":29},{"not_picked":["Slice","Masterful Stab+1"],"picked":"Choke+1","floor":30},{"not_picked":["Wraith Form v2","Die Die Die"],"picked":"After Image","floor":33},{"not_picked":["Terror","Flying Knee+1"],"picked":"Backflip+1","floor":35},{"not_picked":["PiercingWail","Terror"],"picked":"Choke+1","floor":36},{"not_picked":["Poisoned Stab","Quick Slash"],"picked":"Dodge and Roll","floor":38},{"not_picked":["Underhanded Strike+1","Backflip+1"],"picked":"Escape Plan+1","floor":41},{"not_picked":["Deflect+1","Masterful Stab"],"picked":"Leg Sweep+1","floor":47},{"not_picked":["Cloak And Dagger+1","Terror+1"],"picked":"Accuracy","floor":48}],"player_experience":339702,"relics_obtained":[{"floor":7,"key":"Anchor"},{"floor":10,"key":"Oddly Smooth Stone"},{"floor":26,"key":"Pear"},{"floor":27,"key":"Bottled Lightning"},{"floor":30,"key":"Red Mask"},{"floor":41,"key":"Blue Candle"},{"floor":43,"key":"Bag of Preparation"},{"floor":47,"key":"Orichalcum"}],"event_choices":[{"damage_healed":0,"gold_gain":0,"cards_transformed":["Strike_G"],"player_choice":"Change","damage_taken":0,"max_hp_gain":0,"max_hp_loss":0,"event_name":"Living Wall","floor":3,"gold_loss":0,"cards_obtained":["Crippling Poison"]},{"damage_healed":0,"gold_gain":0,"player_choice":"Take Damage","damage_taken":17,"relics_obtained":["Golden Idol"],"max_hp_gain":0,"max_hp_loss":0,"event_name":"Golden Idol","floor":14,"gold_loss":0},{"damage_healed":0,"gold_gain":75,"player_choice":"Touch","damage_taken":7,"max_hp_gain":0,"max_hp_loss":0,"event_name":"FaceTrader","floor":20,"gold_loss":0},{"damage_healed":0,"gold_gain":0,"player_choice":"Fought Bandits","damage_taken":0,"max_hp_gain":0,"max_hp_loss":0,"event_name":"Masked Bandits","floor":30,"gold_loss":0},{"damage_healed":29,"gold_gain":0,"player_choice":"Heal","damage_taken":0,"max_hp_gain":0,"max_hp_loss":0,"event_name":"The Library","floor":31,"gold_loss":0},{"cards_removed":["Strike_G"],"damage_healed":0,"gold_gain":0,"player_choice":"Removed Attack","damage_taken":0,"max_hp_gain":0,"max_hp_loss":0,"event_name":"Falling","floor":37,"gold_loss":0},{"damage_healed":0,"gold_gain":333,"player_choice":"Gave Idol","damage_taken":0,"max_hp_gain":0,"max_hp_loss":0,"event_name":"The Moai Head","floor":45,"relics_lost":["Golden Idol"],"gold_loss":0},{"damage_healed":0,"gold_gain":0,"player_choice":"Forge","damage_taken":0,"max_hp_gain":0,"max_hp_loss":0,"event_name":"Accursed Blacksmith","floor":46,"gold_loss":0,"cards_upgraded":["Dodge and Roll"]}],"is_beta":false,"boss_relics":[{"not_picked":["Snecko Eye","HoveringKite"],"picked":"Sozu"},{"not_picked":["Empty Cage","Runic Dome"],"picked":"Philosopher\u0027s Stone"}],"items_purged_floors":[4,22],"is_endless":false,"potions_floor_spawned":[2,5,12,16,21,25,29,33,38,41],"ascension_level":3}