{"gold_per_floor":[139,194,227,243,275,275,322,355,355,355,4,4,4,39,39,39],"floor_reached":16,"playtime":571,"items_purged":[],"score":140,"play_id":"da1f6253-2421-4f2b-bca2-39f5c55c792e","local_time":"20190914124436","is_ascension_mode":true,"campfire_choices":[{"floor":6,"key":"REST"},{"floor":12,"key":"REST"},{"floor":15,"key":"REST"}],"neow_cost":"CURSE","seed_source_timestamp":153137823763100,"circlet_count":0,"master_deck":["Strike_G","Strike_G","Strike_G","Strike_G","Defend_G+1","Defend_G","Defend_G","Defend_G","Defend_G","Survivor","Neutralize","Forethought","HandOfGreed","Writhe","Heel Hook","Dagger Throw","Tactician","Backflip","Cloak And Dagger+1","Blur","Dagger Throw","Prepared","Reflex","Sucker Punch","Reflex"],"relics":["Ring of the Snake","War Paint","Golden Idol","TheAbacus"],"potions_floor_usage":[4,7,14,16],"damage_taken":[{"damage":0,"enemies":"2 Louse","floor":1,"turns":3},{"damage":9,"enemies":"Small Slimes","floor":2,"turns":5},{"damage":0,"enemies":"Cultist","floor":3,"turns":2},{"damage":1,"enemies":"Red Slaver","floor":4,"turns":5},{"damage":7,"enemies":"3 Louse","floor":5,"turns":3},{"damage":23,"enemies":"Gremlin Nob","floor":7,"turns":4},{"damage":3,"enemies":"2 Fungi Beasts","floor":8,"turns":4},{"damage":0,"enemies":"Large Slime","floor":14,"turns":2},{"damage":69,"enemies":"Slime Boss","floor":16,"turns":9}],"seed_played":"1213529638158852228","potions_obtained":[{"floor":1,"key":"LiquidBronze"},{"floor":2,"key":"Swift Potion"},{"floor":4,"key":"Fire Potion"},{"floor":8,"key":"SmokeBomb"}],"is_trial":false,"path_per_floor":["M","M","M","M","M","R","E","M","T","?","$","R","?","M","R","B"],"character_chosen":"THE_SILENT","items_purchased":["Prepared","TheAbacus","Reflex","Fire Potion"],"campfire_rested":3,"item_purchase_floors":[11,11,11,11],"current_hp_per_floor":[63,54,54,53,46,67,44,41,41,24,24,45,45,45,66,0],"gold":39,"neow_bonus":"RANDOM_COLORLESS_2","is_prod":false,"is_daily":false,"chose_seed":false,"campfire_upgraded":0,"win_rate":0,"timestamp":1568479476,"path_taken":["M","M","M","M","M","R","E","M","T","?","$","R","?","M","R","BOSS"],"build_version":"2019-07-17","purchased_purges":0,"victory":false,"max_hp_per_floor":[70,70,70,70,70,70,70,70,70,70,70,70,70,70,70,70],"card_choices":[{"not_picked":["Finisher","Catalyst"],"picked":"Heel Hook","floor":1},{"not_picked":["Heel Hook","PiercingWail"],"picked":"Dagger Throw","floor":2},{"not_picked":["Flying Knee","Outmaneuver"],"picked":"Tactician","floor":3},{"not_picked":["Deadly Poison","Acrobatics"],"picked":"Backflip","floor":4},{"not_picked":["PiercingWail","Underhanded Strike"],"picked":"Cloak And Dagger","floor":5},{"not_picked":["Poisoned Stab","Outmaneuver"],"picked":"Blur","floor":7},{"not_picked":["Catalyst","Reflex"],"picked":"Dagger Throw","floor":8},{"not_picked":["Dodge and Roll","Flechettes"],"picked":"Reflex","floor":14}],"player_experience":602065,"relics_obtained":[{"floor":7,"key":"War Paint"}],"event_choices":[{"damage_healed":0,"gold_gain":0,"player_choice":"Take Damage","damage_taken":17,"relics_obtained":["Golden Idol"],"max_hp_gain":0,"max_hp_loss":0,"event_name":"Golden Idol","floor":10,"gold_loss":0},{"damage_healed":0,"gold_gain":0,"cards_transformed":["Strike_G"],"player_choice":"Transformed","damage_taken":0,"max_hp_gain":0,"max_hp_loss":0,"event_name":"Transmorgrifier","floor":13,"gold_loss":0,"cards_obtained":["Sucker Punch"]}],"is_beta":false,"boss_relics":[],"items_purged_floors":[],"is_endless":false,"potions_floor_spawned":[1,2,4,8],"killed_by":"Slime Boss","ascension_level":7}