{"gold_per_floor":[110,60,79,79,79,114,114,39,39,39,39,74,88,102,102,227,227,251,251,274,549,570,570,570],"floor_reached":24,"playtime":1088,"items_purged":["Defend_R"],"score":298,"play_id":"f695a0cb-0479-4cff-b30a-04910de732ce","local_time":"20190904160832","is_ascension_mode":true,"campfire_choices":[{"data":"True Grit","floor":7,"key":"SMITH"},{"data":"Metallicize","floor":10,"key":"SMITH"},{"data":"Armaments","floor":15,"key":"SMITH"},{"data":"Body Slam","floor":23,"key":"SMITH"}],"neow_cost":"NONE","seed_source_timestamp":1737041682751044,"circlet_count":0,"master_deck":["Strike_R","Strike_R","Strike_R","Strike_R","Strike_R","Defend_R","Bash","Metallicize+1","Ghostly Armor","True Grit+1","Parasite","Shockwave","Body Slam+1","Armaments+1","Barricade","Havoc+1","Armaments+1","Regret","Shrug It Off+1"],"relics":["Cursed Key","Golden Idol","Vajra","Blue Candle","Bronze Scales","The Courier","Runic Pyramid","Enchiridion"],"potions_floor_usage":[12,12,16,24],"damage_taken":[{"damage":0,"enemies":"Small Slimes","floor":1,"turns":3},{"damage":5,"enemies":"2 Louse","floor":3,"turns":2},{"damage":18,"enemies":"Gremlin Nob","floor":6,"turns":4},{"damage":1,"enemies":"Lagavulin","floor":12,"turns":6},{"damage":5,"enemies":"Jaw Worm","floor":13,"turns":3},{"damage":4,"enemies":"2 Fungi Beasts","floor":14,"turns":3},{"damage":2,"enemies":"The Guardian","floor":16,"turns":11},{"damage":25,"enemies":"2 Thieves","floor":18,"turns":4},{"damage":0,"enemies":"3 Byrds","floor":20,"turns":2},{"damage":2,"enemies":"Snecko","floor":22,"turns":5},{"damage":26,"enemies":"Book of Stabbing","floor":24,"turns":3}],"seed_played":"-8515406143516740813","potions_obtained":[{"floor":1,"key":"BloodPotion"},{"floor":6,"key":"Swift Potion"},{"floor":13,"key":"Swift Potion"},{"floor":16,"key":"SpeedPotion"},{"floor":20,"key":"Weak Potion"}],"is_trial":false,"path_per_floor":["M","?","M","?","?","E","R","$","T","R","?","E","M","M","R","B",null,"M","?","M","?","M","R","E"],"character_chosen":"IRONCLAD","items_purchased":[],"campfire_rested":0,"item_purchase_floors":[],"current_hp_per_floor":[72,72,67,47,40,22,22,22,22,22,15,34,29,25,25,23,66,41,25,25,25,23,23,0],"gold":570,"neow_bonus":"BOSS_RELIC","is_prod":false,"is_daily":false,"chose_seed":false,"campfire_upgraded":4,"win_rate":0,"timestamp":1567609712,"path_taken":["M","?","M","?","?","E","R","?","T","R","?","E","M","M","R","BOSS","M","?","M","?","M","R","E"],"build_version":"2019-07-17","purchased_purges":1,"victory":false,"max_hp_per_floor":[80,80,80,80,80,80,80,80,80,80,80,80,80,80,80,80,80,80,80,80,80,80,80,80],"card_choices":[{"not_picked":["Pummel","Anger"],"picked":"Metallicize","floor":1},{"not_picked":["Anger","Heavy Blade"],"picked":"Ghostly Armor","floor":3},{"not_picked":["Sentinel","Headbutt"],"picked":"True Grit","floor":6},{"not_picked":["Pommel Strike","Wild Strike"],"picked":"Shockwave","floor":12},{"not_picked":["Pommel Strike","Heavy Blade"],"picked":"Body Slam","floor":13},{"not_picked":["Limit Break","Iron Wave"],"picked":"Armaments","floor":14},{"not_picked":["Exhume","Fiend Fire"],"picked":"Barricade","floor":16},{"not_picked":["Bloodletting","Dropkick"],"picked":"Havoc+1","floor":18},{"not_picked":["Anger","Pommel Strike"],"picked":"Armaments+1","floor":20},{"not_picked":["Armaments+1","Havoc"],"picked":"Shrug It Off+1","floor":22}],"player_experience":333750,"relics_obtained":[{"floor":6,"key":"Vajra"},{"floor":9,"key":"Blue Candle"},{"floor":12,"key":"The Courier"},{"floor":19,"key":"Enchiridion"}],"event_choices":[{"cards_removed":["Defend_R"],"damage_healed":0,"gold_gain":0,"player_choice":"Card Removal","damage_taken":0,"max_hp_gain":0,"max_hp_loss":0,"event_name":"The Cleric","floor":2,"gold_loss":50},{"damage_healed":0,"gold_gain":0,"player_choice":"Take Damage","damage_taken":20,"relics_obtained":["Golden Idol"],"max_hp_gain":0,"max_hp_loss":0,"event_name":"Golden Idol","floor":4,"gold_loss":0},{"cards_removed":["Defend_R"],"damage_healed":0,"gold_gain":0,"player_choice":"Card Removal","damage_taken":7,"max_hp_gain":0,"max_hp_loss":0,"event_name":"Golden Wing","floor":5,"gold_loss":0},{"damage_healed":0,"gold_gain":0,"player_choice":"Success","damage_taken":7,"relics_obtained":["Bronze Scales"],"max_hp_gain":0,"max_hp_loss":0,"event_name":"Scrap Ooze","floor":11,"gold_loss":0},{"damage_healed":0,"gold_gain":0,"player_choice":"Obtained Book","damage_taken":16,"max_hp_gain":0,"max_hp_loss":0,"event_name":"Cursed Tome","floor":19,"gold_loss":0},{"damage_healed":0,"gold_gain":275,"player_choice":"Desecrate","damage_taken":0,"max_hp_gain":0,"max_hp_loss":0,"event_name":"Golden Shrine","floor":21,"gold_loss":0,"cards_obtained":["Regret"]}],"is_beta":false,"boss_relics":[{"not_picked":["Snecko Eye","Eternal Feather"],"picked":"Runic Pyramid"}],"items_purged_floors":[8],"is_endless":false,"potions_floor_spawned":[1,6,13,16,20],"killed_by":"Book of Stabbing","ascension_level":6}