{"gold_per_floor":[112,130,205,38,56,89,89,123,123,142,156,169,193,44,44,44],"floor_reached":16,"playtime":664,"items_purged":[],"score":154,"play_id":"dbcd361f-2c68-4d64-812c-957517424ecb","local_time":"20190210220120","is_ascension_mode":true,"campfire_choices":[{"floor":15,"key":"DIG"}],"neow_cost":"NONE","seed_source_timestamp":1227997551523168,"circlet_count":0,"master_deck":["Strike_R","Strike_R","Strike_R","Strike_R","Strike_R","Defend_R","Defend_R","Defend_R","Defend_R","Bash","Flex","True Grit","Apotheosis","Thunderclap","Shockwave","Injury","Shrug It Off","Shrug It Off","Cleave","Twin Strike","Clothesline","Impervious"],"relics":["Burning Blood","NeowsBlessing","Anchor","Golden Idol","Shovel","Oddly Smooth Stone"],"potions_floor_usage":[8,11,16,16],"damage_taken":[{"damage":0,"enemies":"Jaw Worm","floor":1,"turns":1},{"damage":0,"enemies":"Cultist","floor":2,"turns":1},{"damage":0,"enemies":"2 Louse","floor":5,"turns":1},{"damage":40,"enemies":"Lagavulin","floor":6,"turns":7},{"damage":24,"enemies":"Gremlin Nob","floor":8,"turns":5},{"damage":0,"enemies":"Red Slaver","floor":10,"turns":5},{"damage":0,"enemies":"2 Fungi Beasts","floor":11,"turns":5},{"damage":24,"enemies":"Exordium Thugs","floor":12,"turns":5},{"damage":0,"enemies":"Exordium Wildlife","floor":13,"turns":3},{"damage":28,"enemies":"Slime Boss","floor":16,"turns":10}],"seed_played":"2397952129285763288","potions_obtained":[{"floor":2,"key":"Fire Potion"},{"floor":6,"key":"SpeedPotion"},{"floor":10,"key":"Strength Potion"},{"floor":12,"key":"Explosive Potion"}],"is_trial":false,"path_per_floor":["M","M","?","$","M","E","?","E","T","M","M","M","M","$","R","B"],"character_chosen":"IRONCLAD","items_purchased":["Apotheosis","Impervious"],"campfire_rested":0,"item_purchase_floors":[4,14],"current_hp_per_floor":[78,80,72,72,78,44,44,26,26,32,38,20,26,26,26,0],"gold":44,"neow_bonus":"THREE_ENEMY_KILL","is_prod":false,"is_daily":false,"chose_seed":false,"campfire_upgraded":0,"win_rate":0,"timestamp":1549854080,"path_taken":["M","M","?","?","?","E","?","E","T","M","M","M","M","$","R","BOSS"],"build_version":"2019-01-23","purchased_purges":0,"victory":false,"max_hp_per_floor":[80,80,80,80,80,80,80,80,80,80,80,80,80,80,80,80],"card_choices":[{"not_picked":["Combust","Fire Breathing"],"picked":"Flex","floor":1},{"not_picked":["Anger","Thunderclap"],"picked":"True Grit","floor":2},{"not_picked":["Blood for Blood","Heavy Blade"],"picked":"Thunderclap","floor":5},{"not_picked":["Cleave","Anger"],"picked":"Shockwave","floor":6},{"not_picked":["Berserk","Clash"],"picked":"Shrug It Off","floor":8},{"not_picked":["Headbutt","Armaments"],"picked":"Shrug It Off","floor":10},{"not_picked":["Dropkick","Wild Strike"],"picked":"Cleave","floor":11},{"not_picked":["Clash","Pommel Strike"],"picked":"Twin Strike","floor":12},{"not_picked":["Intimidate","Havoc"],"picked":"Clothesline","floor":13}],"player_experience":444622,"relics_obtained":[{"floor":6,"key":"Anchor"},{"floor":8,"key":"Shovel"},{"floor":15,"key":"Oddly Smooth Stone"}],"event_choices":[{"damage_healed":0,"gold_gain":75,"player_choice":"Touch","damage_taken":8,"max_hp_gain":0,"max_hp_loss":0,"event_name":"FaceTrader","floor":3,"gold_loss":0},{"damage_healed":0,"gold_gain":0,"player_choice":"Take Wound","damage_taken":0,"relics_obtained":["Golden Idol"],"max_hp_gain":0,"max_hp_loss":0,"event_name":"Golden Idol","floor":7,"gold_loss":0,"cards_obtained":["Injury"]}],"is_beta":false,"boss_relics":[],"items_purged_floors":[],"is_endless":false,"potions_floor_spawned":[2,6,10,12],"killed_by":"Slime Boss","ascension_level":7}