{"gold_per_floor":[111,286,47,47,65,106,106,106,131,56,56,70,70,88,88,218,218,236,511,531,531,731,774,798,819,819,844,888,888,931,846,846,972,972,993,993,1017,1033,1033,1071,357,357,357,357,375,94,94,113,113,113],"floor_reached":51,"playtime":2240,"items_purged":["Doubt","Strike_R","Strike_R"],"score":952,"play_id":"a3505202-290d-4b5e-b779-97a71ecd6c27","local_time":"20190419215713","is_ascension_mode":true,"campfire_choices":[{"data":"Bash","floor":7,"key":"SMITH"},{"data":"Strike_R","floor":11,"key":"SMITH"},{"data":"Strike_R","floor":13,"key":"SMITH"},{"data":"Defend_R","floor":15,"key":"SMITH"},{"data":"Defend_R","floor":29,"key":"SMITH"},{"data":"Defend_R","floor":32,"key":"SMITH"},{"data":"Panache","floor":42,"key":"SMITH"},{"data":"Impervious","floor":44,"key":"SMITH"},{"data":"Barricade","floor":47,"key":"SMITH"},{"data":"Impervious","floor":49,"key":"SMITH"}],"neow_cost":"NONE","seed_source_timestamp":28561883684237,"circlet_count":0,"master_deck":["Strike_R","Strike_R+1","Strike_R+1","Defend_R+1","Defend_R+1","Defend_R+1","Defend_R","Bash+1","Rampage+1","Impervious+1","Uppercut+1","Uppercut+1","Dropkick+1","Whirlwind+1","Sever Soul+1","Barricade+1","Pommel Strike+1","Ghostly Armor+1","Pommel Strike+1","Impervious+1","Panache+1","Flame Barrier+1"],"relics":["Sozu","Molten Egg 2","Golden Idol","Incense Burner","Red Skull","Oddly Smooth Stone","Velvet Choker","Pantograph","Mummified Hand","Lantern","Magic Flower","Mercury Hourglass","Mango","Coffee Dripper","Pen Nib","Kunai","DollysMirror","Vajra","Anchor"],"potions_floor_usage":[],"damage_taken":[{"damage":2,"enemies":"Jaw Worm","floor":1,"turns":3},{"damage":0,"enemies":"Small Slimes","floor":5,"turns":4},{"damage":30,"enemies":"Lagavulin","floor":6,"turns":5},{"damage":0,"enemies":"Cultist","floor":12,"turns":2},{"damage":0,"enemies":"Gremlin Gang","floor":14,"turns":2},{"damage":14,"enemies":"Slime Boss","floor":16,"turns":9},{"damage":18,"enemies":"Spheric Guardian","floor":18,"turns":4},{"damage":3,"enemies":"2 Thieves","floor":20,"turns":4},{"damage":15,"enemies":"Gremlin Leader","floor":23,"turns":6},{"damage":0,"enemies":"3 Cultists","floor":24,"turns":4},{"damage":14,"enemies":"Shelled Parasite and Fungi","floor":25,"turns":2},{"damage":22,"enemies":"Slavers","floor":28,"turns":3},{"damage":4,"enemies":"Book of Stabbing","floor":30,"turns":3},{"damage":21,"enemies":"Automaton","floor":33,"turns":6},{"damage":39,"enemies":"3 Shapes","floor":35,"turns":1},{"damage":0,"enemies":"3 Darklings","floor":37,"turns":3},{"damage":3,"enemies":"Spire Growth","floor":38,"turns":4},{"damage":35,"enemies":"Giant Head","floor":40,"turns":9},{"damage":0,"enemies":"Jaw Worm Horde","floor":45,"turns":1},{"damage":0,"enemies":"Writhing Mass","floor":48,"turns":4},{"damage":0,"enemies":"Time Eater","floor":50,"turns":12}],"seed_played":"-5650455234891550718","potions_obtained":[],"is_trial":false,"path_per_floor":["M","?","$","?","M","E","R","?","T","$","R","M","R","M","R","B",null,"M","?","M","?","?","E","M","M","T","T","E","R","E","?","R","B",null,"M","?","M","M","?","E","$","R","T","R","M","$","R","M","R","B",null],"character_chosen":"IRONCLAD","items_purchased":["Molten Egg 2","Kunai","DollysMirror","Panache","Anchor"],"campfire_rested":0,"item_purchase_floors":[3,41,41,41,46],"current_hp_per_floor":[78,78,78,58,58,28,28,28,28,28,28,28,28,28,28,14,80,62,62,59,59,59,44,44,30,30,30,8,8,4,18,18,35,94,55,94,94,91,91,56,56,56,56,56,56,56,56,56,56,94],"gold":113,"neow_bonus":"BOSS_RELIC","is_prod":false,"is_daily":false,"chose_seed":false,"campfire_upgraded":10,"win_rate":0,"timestamp":1555707433,"path_taken":["M","?","$","?","M","E","R","?","T","$","R","M","R","M","R","BOSS","M","?","?","?","?","E","?","M","T","?","E","R","E","?","R","BOSS","M","?","?","M","?","E","$","R","T","R","M","$","R","M","R","BOSS"],"build_version":"2019-01-23","purchased_purges":3,"victory":true,"max_hp_per_floor":[80,80,80,80,80,80,80,80,80,80,80,80,80,80,80,80,80,80,80,80,80,80,80,80,80,80,80,80,80,80,94,94,94,94,94,94,94,94,94,94,94,94,94,94,94,94,94,94,94,94],"card_choices":[{"not_picked":["Perfected Strike","Clash","Feel No Pain"],"picked":"SKIP","floor":1},{"not_picked":["Heavy Blade+1","Sword Boomerang+1"],"picked":"Twin Strike+1","floor":5},{"not_picked":["Infernal Blade","Sword Boomerang+1"],"picked":"Rampage+1","floor":6},{"not_picked":["Entrench","Wild Strike+1","Second Wind"],"picked":"SKIP","floor":12},{"not_picked":["Warcry","Reckless Charge+1","Perfected Strike+1"],"picked":"SKIP","floor":14},{"not_picked":["Demon Form","Juggernaut"],"picked":"Impervious","floor":16},{"not_picked":["Wild Strike+1","Intimidate+1"],"picked":"Uppercut+1","floor":18},{"not_picked":["Headbutt+1","Corruption+1"],"picked":"Uppercut+1","floor":20},{"not_picked":["Seeing Red","Spot Weakness"],"picked":"Dropkick+1","floor":23},{"not_picked":["Shockwave","Iron Wave+1"],"picked":"Whirlwind+1","floor":24},{"not_picked":["Shockwave","Clash+1","Wild Strike+1"],"picked":"SKIP","floor":25},{"not_picked":["Seeing Red","Sentinel"],"picked":"Sever Soul+1","floor":28},{"not_picked":["Sentinel","Entrench","Rampage+1"],"picked":"SKIP","floor":30},{"not_picked":["Fiend Fire+1","Limit Break"],"picked":"Barricade","floor":33},{"not_picked":["Combust+1","Body Slam+1"],"picked":"Pommel Strike+1","floor":35},{"not_picked":["Hemokinesis+1","Feel No Pain+1","Twin Strike+1"],"picked":"SKIP","floor":37},{"not_picked":["Havoc","Feel No Pain"],"picked":"Ghostly Armor","floor":38},{"not_picked":["True Grit","Dual Wield+1"],"picked":"Pommel Strike+1","floor":40},{"not_picked":["Havoc+1","Evolve"],"picked":"Flame Barrier+1","floor":45},{"not_picked":["Sword Boomerang+1","Corruption+1","Perfected Strike+1"],"picked":"SKIP","floor":48}],"player_experience":194231,"relics_obtained":[{"floor":6,"key":"Incense Burner"},{"floor":9,"key":"Oddly Smooth Stone"},{"floor":23,"key":"Pantograph"},{"floor":26,"key":"Mummified Hand"},{"floor":27,"key":"Lantern"},{"floor":28,"key":"Magic Flower"},{"floor":30,"key":"Mercury Hourglass"},{"floor":40,"key":"Pen Nib"},{"floor":43,"key":"Vajra"}],"event_choices":[{"damage_healed":0,"gold_gain":175,"player_choice":"AGREE","damage_taken":0,"max_hp_gain":0,"max_hp_loss":0,"event_name":"Liars Game","floor":2,"gold_loss":0,"cards_obtained":["Doubt"]},{"damage_healed":0,"gold_gain":0,"player_choice":"Take Damage","damage_taken":20,"relics_obtained":["Golden Idol"],"max_hp_gain":0,"max_hp_loss":0,"event_name":"Golden Idol","floor":4,"gold_loss":0},{"cards_removed":["Twin Strike"],"damage_healed":0,"gold_gain":0,"player_choice":"Gave Card","damage_taken":0,"relics_obtained":["Red Skull"],"max_hp_gain":0,"max_hp_loss":0,"event_name":"WeMeetAgain","floor":8,"gold_loss":0},{"damage_healed":0,"gold_gain":275,"player_choice":"Desecrate","damage_taken":0,"max_hp_gain":0,"max_hp_loss":0,"event_name":"Golden Shrine","floor":19,"gold_loss":0,"cards_obtained":["Regret"]},{"cards_removed":["Regret"],"damage_healed":0,"gold_gain":0,"player_choice":"Elegance","damage_taken":0,"max_hp_gain":0,"max_hp_loss":0,"event_name":"Back to Basics","floor":21,"gold_loss":0},{"damage_healed":0,"gold_gain":250,"player_choice":"Bet on Owner","damage_taken":0,"max_hp_gain":0,"max_hp_loss":0,"event_name":"The Joust","floor":22,"gold_loss":50},{"damage_healed":0,"gold_gain":0,"player_choice":"Obtained Relic","damage_taken":0,"relics_obtained":["Mango"],"max_hp_gain":0,"max_hp_loss":0,"event_name":"Addict","floor":31,"gold_loss":85},{"damage_healed":39,"gold_gain":0,"player_choice":"Full Heal","damage_taken":0,"max_hp_gain":0,"max_hp_loss":0,"event_name":"Wheel of Change","floor":36,"gold_loss":0},{"damage_healed":0,"gold_gain":0,"player_choice":"Upgraded","damage_taken":0,"max_hp_gain":0,"max_hp_loss":0,"event_name":"Upgrade Shrine","floor":39,"gold_loss":0,"cards_upgraded":["Ghostly Armor"]}],"is_beta":false,"boss_relics":[{"not_picked":["White Beast Statue","Snecko Eye"],"picked":"Velvet Choker"},{"not_picked":["Tiny House","Astrolabe"],"picked":"Coffee Dripper"}],"items_purged_floors":[10,41,46],"is_endless":false,"potions_floor_spawned":[16,20,25,33,38,40,48],"ascension_level":4}