{"gold_per_floor":[115,115,128,147,147,147,97,97,120,161,180,203,218,257,257,257],"floor_reached":16,"playtime":688,"items_purged":[],"score":206,"play_id":"ff7075e3-1958-4ca6-b489-47ba3464169f","local_time":"20191001152622","is_ascension_mode":true,"campfire_choices":[{"data":"Whirlwind","floor":6,"key":"SMITH"},{"data":"Bash","floor":8,"key":"SMITH"},{"data":"Havoc","floor":15,"key":"SMITH"}],"neow_cost":"PERCENT_DAMAGE","seed_source_timestamp":1049130443291800,"circlet_count":0,"master_deck":["AscendersBane","Strike_R","Strike_R","Strike_R","Strike_R","Defend_R","Defend_R","Defend_R","Defend_R","Bash+1","Whirlwind+1","Thunderclap","Thunderclap","Offering","Shrug It Off","Havoc+1"],"relics":["Burning Blood","Champion Belt","Golden Idol","Smiling Mask","Omamori","Incense Burner","Pen Nib"],"potions_floor_usage":[10,14,16,16],"damage_taken":[{"damage":5,"enemies":"Cultist","floor":1,"turns":4},{"damage":4,"enemies":"Jaw Worm","floor":3,"turns":7},{"damage":9,"enemies":"Small Slimes","floor":4,"turns":2},{"damage":35,"enemies":"Lagavulin","floor":10,"turns":7},{"damage":9,"enemies":"Blue Slaver","floor":11,"turns":5},{"damage":1,"enemies":"Lots of Slimes","floor":12,"turns":1},{"damage":6,"enemies":"3 Louse","floor":13,"turns":2},{"damage":6,"enemies":"3 Sentries","floor":14,"turns":1},{"damage":13,"enemies":"Hexaghost","floor":16,"turns":10}],"seed_played":"-8031011705539838686","potions_obtained":[{"floor":1,"key":"Regen Potion"},{"floor":11,"key":"Strength Potion"},{"floor":13,"key":"Swift Potion"},{"floor":14,"key":"SpeedPotion"}],"is_trial":false,"path_per_floor":["M","?","M","M","?","R","?","R","T","E","M","M","M","E","R","B"],"character_chosen":"IRONCLAD","items_purchased":[],"campfire_rested":0,"item_purchase_floors":[],"current_hp_per_floor":[52,32,34,31,24,24,24,24,24,10,7,12,12,12,12,0],"gold":257,"neow_bonus":"ONE_RARE_RELIC","is_prod":false,"is_daily":false,"chose_seed":false,"campfire_upgraded":3,"win_rate":0,"timestamp":1569939982,"path_taken":["M","?","M","M","?","R","?","R","T","E","M","M","M","E","R","BOSS"],"build_version":"2019-07-17","purchased_purges":0,"victory":false,"max_hp_per_floor":[80,80,80,80,80,80,80,80,80,80,80,80,80,80,80,80],"card_choices":[{"not_picked":["Searing Blow","Sever Soul"],"picked":"Whirlwind","floor":1},{"not_picked":["Cleave","Perfected Strike"],"picked":"Thunderclap","floor":3},{"not_picked":["Clothesline","Second Wind"],"picked":"Thunderclap","floor":4},{"not_picked":["Combust","Flex","Clash"],"picked":"SKIP","floor":10},{"not_picked":["True Grit","Wild Strike"],"picked":"Offering","floor":11},{"not_picked":["Wild Strike","Rupture","Power Through"],"picked":"SKIP","floor":12},{"not_picked":["Thunderclap","Havoc"],"picked":"Shrug It Off","floor":13},{"not_picked":["Clash","Headbutt"],"picked":"Havoc","floor":14}],"player_experience":221790,"relics_obtained":[{"floor":9,"key":"Omamori"},{"floor":10,"key":"Incense Burner"},{"floor":14,"key":"Pen Nib"}],"event_choices":[{"damage_healed":0,"gold_gain":0,"player_choice":"Take Damage","damage_taken":20,"relics_obtained":["Golden Idol"],"max_hp_gain":0,"max_hp_loss":0,"event_name":"Golden Idol","floor":2,"gold_loss":0},{"damage_healed":0,"gold_gain":0,"player_choice":"Success","damage_taken":7,"relics_obtained":["Smiling Mask"],"max_hp_gain":0,"max_hp_loss":0,"event_name":"Scrap Ooze","floor":5,"gold_loss":0},{"cards_removed":["Strike_R"],"damage_healed":0,"gold_gain":0,"player_choice":"Card Removal","damage_taken":0,"max_hp_gain":0,"max_hp_loss":0,"event_name":"The Cleric","floor":7,"gold_loss":50}],"is_beta":false,"boss_relics":[],"items_purged_floors":[],"is_endless":false,"potions_floor_spawned":[1,11,13,14],"killed_by":"Hexaghost","ascension_level":10}