{"gold_per_floor":[113,113,123,138,157,186,186,198,198,254,270,286,286,304,304,409,409,421,438,454,454],"floor_reached":21,"playtime":1983,"items_purged":[],"score":276,"play_id":"9a038741-3101-4611-b8f1-c11c4237b366","local_time":"20190920223606","is_ascension_mode":true,"campfire_choices":[{"floor":7,"key":"REST"},{"floor":15,"key":"REST"}],"neow_cost":"PERCENT_DAMAGE","seed_source_timestamp":274049854278300,"circlet_count":0,"master_deck":["Strike_G","Strike_G","Strike_G","Defend_G","Defend_G","Defend_G","Defend_G","Defend_G","Survivor","Neutralize","Bouncing Flask","Cloak And Dagger","Noxious Fumes","Slice","Venomology","Choke","Leg Sweep","Footwork","All Out Attack","Reflex","Tools of the Trade","Glass Knife","Cloak And Dagger","Cloak And Dagger+1","Noxious Fumes"],"relics":["Ring of the Snake","Vajra","Tiny Chest","Lizard Tail"],"potions_floor_usage":[10,10,10,11,14,14,16,18,19,20,20,20,21,21],"damage_taken":[{"damage":3,"enemies":"Jaw Worm","floor":1,"turns":6},{"damage":0,"enemies":"Cultist","floor":3,"turns":3},{"damage":7,"enemies":"Small Slimes","floor":4,"turns":5},{"damage":2,"enemies":"Exordium Wildlife","floor":5,"turns":4},{"damage":18,"enemies":"3 Sentries","floor":6,"turns":9},{"damage":3,"enemies":"Looter","floor":8,"turns":3},{"damage":18,"enemies":"Gremlin Nob","floor":10,"turns":4},{"damage":3,"enemies":"3 Louse","floor":11,"turns":5},{"damage":12,"enemies":"Blue Slaver","floor":12,"turns":5},{"damage":1,"enemies":"Large Slime","floor":14,"turns":5},{"damage":21,"enemies":"Hexaghost","floor":16,"turns":12},{"damage":8,"enemies":"3 Byrds","floor":18,"turns":5},{"damage":13,"enemies":"Shell Parasite","floor":19,"turns":10},{"damage":29,"enemies":"Shelled Parasite and Fungi","floor":20,"turns":7},{"damage":66,"enemies":"Cultist and Chosen","floor":21,"turns":10}],"seed_played":"3316321760800433936","potions_obtained":[{"floor":4,"key":"SteroidPotion"},{"floor":5,"key":"Weak Potion"},{"floor":10,"key":"Dexterity Potion"},{"floor":16,"key":"SteroidPotion"},{"floor":19,"key":"EssenceOfSteel"},{"floor":20,"key":"EssenceOfSteel"}],"is_trial":false,"path_per_floor":["M","?","M","M","M","E","R","M","T","E","M","M","?","M","R","B",null,"M","M","M","M"],"character_chosen":"THE_SILENT","items_purchased":[],"campfire_rested":2,"item_purchase_floors":[],"current_hp_per_floor":[56,56,56,49,47,29,54,51,51,33,30,18,18,17,42,21,68,60,47,18,0],"gold":454,"neow_bonus":"TWENTY_PERCENT_HP_BONUS","is_prod":false,"is_daily":false,"chose_seed":false,"campfire_upgraded":0,"win_rate":0,"timestamp":1569033366,"path_taken":["M","?","?","M","M","E","R","M","T","E","M","?","?","M","R","BOSS","M","M","M","M"],"build_version":"2019-07-17","purchased_purges":0,"victory":false,"max_hp_per_floor":[84,84,84,84,84,84,84,84,84,84,84,84,84,84,84,84,84,84,84,84,84],"card_choices":[{"not_picked":["Prepared","Reflex"],"picked":"Bouncing Flask","floor":1},{"not_picked":["PiercingWail","Accuracy"],"picked":"Cloak And Dagger","floor":3},{"not_picked":["Predator","Slice"],"picked":"Noxious Fumes","floor":4},{"not_picked":["Underhanded Strike","PiercingWail"],"picked":"Slice","floor":5},{"not_picked":["Flying Knee","Prepared"],"picked":"Venomology","floor":6},{"not_picked":["Deadly Poison","Dagger Spray"],"picked":"Choke","floor":8},{"not_picked":["Prepared","Deadly Poison"],"picked":"Leg Sweep","floor":10},{"not_picked":["Finisher","Deflect"],"picked":"Footwork","floor":11},{"not_picked":["Dagger Spray","Slice"],"picked":"All Out Attack","floor":12},{"not_picked":["Expertise","Deadly Poison"],"picked":"Tools of the Trade","floor":14},{"not_picked":["Storm of Steel","Bullet Time"],"picked":"Glass Knife","floor":16},{"not_picked":["Noxious Fumes","Eviscerate+1"],"picked":"Cloak And Dagger","floor":18},{"not_picked":["Flying Knee","Prepared+1"],"picked":"Cloak And Dagger+1","floor":19},{"not_picked":["Sucker Punch","Dagger Throw"],"picked":"Noxious Fumes","floor":20}],"player_experience":687477,"relics_obtained":[{"floor":6,"key":"Vajra"},{"floor":10,"key":"Tiny Chest"}],"event_choices":[{"cards_removed":["Strike_G"],"damage_healed":0,"gold_gain":0,"player_choice":"Purged","damage_taken":0,"max_hp_gain":0,"max_hp_loss":0,"event_name":"Purifier","floor":2,"gold_loss":0},{"damage_healed":0,"gold_gain":0,"cards_transformed":["Strike_G"],"player_choice":"Transformed","damage_taken":0,"max_hp_gain":0,"max_hp_loss":0,"event_name":"Transmorgrifier","floor":13,"gold_loss":0,"cards_obtained":["Reflex"]}],"is_beta":false,"boss_relics":[{"not_picked":["Busted Crown","Coffee Dripper"],"picked":"Lizard Tail"}],"items_purged_floors":[],"is_endless":false,"potions_floor_spawned":[4,5,10,16,19,20],"killed_by":"Cultist and Chosen","ascension_level":8}