{"gold_per_floor":[369,319,89,89,63,63,75,106,106,140,160,192,192,206,206,307,307,322,127,177,197,214,214,226,253,325,325,49,78,78,94,94,94],"floor_reached":33,"playtime":1165,"items_purged":["Strike_B","Strike_B","Defend_B"],"score":321,"play_id":"14c05afe-df6a-44ad-88ec-e14c329516b2","local_time":"20190919140653","is_ascension_mode":true,"campfire_choices":[{"data":"Hyperbeam","floor":6.0,"key":"SMITH"},{"data":"Coolheaded","floor":13.0,"key":"SMITH"},{"data":"Dualcast","floor":15.0,"key":"SMITH"},{"data":"FTL","floor":23.0,"key":"SMITH"},{"floor":27.0,"key":"REST"},{"data":"Fission","floor":30,"key":"SMITH"},{"data":"Zap","floor":32,"key":"SMITH"}],"neow_cost":"TEN_PERCENT_HP_LOSS","seed_source_timestamp":276141374239212,"circlet_count":0,"master_deck":["Strike_B","Defend_B","Defend_B","Defend_B","Zap+1","Dualcast+1","Hyperbeam+1","Coolheaded+1","Fission+1","FTL+1","Reprogram+1","Gash"],"special_seed":0,"relics":["Cracked Core","Bronze Scales","Smiling Mask","Calipers","Ancient Tea Set","Odd Mushroom","Boot","Busted Crown","Happy Flower","Juzu Bracelet","Kunai","Membership Card","Red Mask"],"potions_floor_usage":[],"damage_taken":[{"damage":2.0,"enemies":"2 Louse","floor":1.0,"turns":2.0},{"damage":1.0,"enemies":"Jaw Worm","floor":7.0,"turns":4.0},{"damage":15.0,"enemies":"Gremlin Nob","floor":8.0,"turns":4.0},{"damage":0.0,"enemies":"3 Sentries","floor":10.0,"turns":2.0},{"damage":0.0,"enemies":"The Mushroom Lair","floor":11.0,"turns":1.0},{"damage":23.0,"enemies":"Gremlin Nob","floor":12.0,"turns":4.0},{"damage":0.0,"enemies":"Cultist","floor":14.0,"turns":2.0},{"damage":12.0,"enemies":"Slime Boss","floor":16.0,"turns":7.0},{"damage":5.0,"enemies":"2 Thieves","floor":18.0,"turns":3.0},{"damage":0.0,"enemies":"Chosen","floor":21.0,"turns":3.0},{"damage":0.0,"enemies":"Centurion and Healer","floor":22.0,"turns":2.0},{"damage":2.0,"enemies":"Shelled Parasite and Fungi","floor":24.0,"turns":2.0},{"damage":39.0,"enemies":"Book of Stabbing","floor":25.0,"turns":6.0},{"damage":1,"enemies":"Masked Bandits","floor":29,"turns":3},{"damage":0,"enemies":"3 Cultists","floor":31,"turns":4},{"damage":51,"enemies":"Collector","floor":33,"turns":6}],"seed_played":"1866556603068189169","potions_obtained":[{"floor":8.0,"key":"Swift Potion"},{"floor":11.0,"key":"GamblersBrew"},{"floor":14.0,"key":"Block Potion"},{"floor":18.0,"key":"AttackPotion"},{"floor":21.0,"key":"SneckoOil"},{"floor":29,"key":"Block Potion"}],"is_trial":false,"path_per_floor":["M","?","$","?","$","R","M","E","T","E","?","E","R","M","R","B",null,"M","$","?","M","M","R","M","E","T","R","$","?","R","M","R","B"],"character_chosen":"DEFECT","items_purchased":["Hyperbeam","Coolheaded","Happy Flower","Membership Card","Gash"],"campfire_rested":1,"item_purchase_floors":[3,5,19,28,28],"current_hp_per_floor":[66,66,66,59,59,59,58,43,43,43,43,20,20,20,20,8,68,63,63,63,63,63,63,61,22,22,42,42,41,41,41,41,0],"gold":94,"neow_bonus":"TWO_FIFTY_GOLD","is_prod":false,"is_daily":false,"chose_seed":false,"campfire_upgraded":6,"win_rate":0,"timestamp":1568880413,"path_taken":["M","?","$","?","$","R","M","E","T","E","?","E","R","?","R","BOSS","M","$","?","M","?","R","M","E","T","R","?","?","R","M","R","BOSS"],"build_version":"2019-07-17","purchased_purges":3,"victory":false,"max_hp_per_floor":[68,68,68,68,68,68,68,68,68,68,68,68,68,68,68,68,68,68,68,68,68,68,68,68,68,68,68,68,68,68,68,68,68],"card_choices":[{"not_picked":["Barrage","Turbo","Redo"],"picked":"SKIP","floor":1.0},{"not_picked":["Rebound","Sweeping Beam","Leap"],"picked":"SKIP","floor":7.0},{"not_picked":["Barrage","Tempest","Streamline"],"picked":"SKIP","floor":8.0},{"not_picked":["Darkness","Go for the Eyes","Loop"],"picked":"SKIP","floor":10.0},{"not_picked":["Skim","Steam","Beam Cell"],"picked":"SKIP","floor":12.0},{"not_picked":["Capacitor","Melter","Redo"],"picked":"SKIP","floor":14.0},{"not_picked":["Meteor Strike","Hyperbeam"],"picked":"Fission","floor":16.0},{"not_picked":[],"picked":"FTL","floor":18.0},{"not_picked":["Leap"],"picked":"SKIP","floor":21.0},{"not_picked":["Compile Driver"],"picked":"SKIP","floor":22.0},{"not_picked":["Streamline"],"picked":"SKIP","floor":24.0},{"not_picked":["Reprogram+1"],"picked":"SKIP","floor":25.0},{"not_picked":[],"picked":"Reprogram+1","floor":25.0},{"not_picked":["Rip and Tear"],"picked":"SKIP","floor":31}],"player_experience":1736717,"relics_obtained":[{"floor":8.0,"key":"Smiling Mask"},{"floor":9.0,"key":"Calipers"},{"floor":10.0,"key":"Ancient Tea Set"},{"floor":11.0,"key":"Odd Mushroom"},{"floor":12.0,"key":"Boot"},{"floor":25.0,"key":"Juzu Bracelet"},{"floor":26.0,"key":"Kunai"},{"floor":29,"key":"Red Mask"}],"event_choices":[{"cards_removed":["Strike_B"],"damage_healed":0.0,"max_hp_gain":0.0,"max_hp_loss":0.0,"gold_gain":0.0,"event_name":"The Cleric","player_choice":"Card Removal","floor":2.0,"gold_loss":50.0,"damage_taken":0.0},{"damage_healed":0.0,"max_hp_gain":0.0,"max_hp_loss":0.0,"gold_gain":0.0,"event_name":"Scrap Ooze","player_choice":"Success","floor":4.0,"gold_loss":0.0,"damage_taken":7.0,"relics_obtained":["Bronze Scales"]},{"damage_healed":0.0,"max_hp_gain":0.0,"max_hp_loss":0.0,"gold_gain":0.0,"event_name":"Mushrooms","player_choice":"Fought Mushrooms","floor":11.0,"gold_loss":0.0,"damage_taken":0.0},{"damage_healed":0.0,"max_hp_gain":0.0,"max_hp_loss":0.0,"gold_gain":100.0,"event_name":"The Joust","player_choice":"Bet on Murderer","floor":20.0,"gold_loss":50.0,"damage_taken":0.0},{"damage_healed":0,"gold_gain":0,"player_choice":"Fought Bandits","damage_taken":0,"max_hp_gain":0,"max_hp_loss":0,"event_name":"Masked Bandits","floor":29,"gold_loss":0}],"is_beta":false,"boss_relics":[{"not_picked":["Inserter","Runic Pyramid"],"picked":"Busted Crown"}],"items_purged_floors":[3,19,28],"is_endless":false,"potions_floor_spawned":[8,11,14,18,21,25,29],"killed_by":"Collector","ascension_level":1}