{"gold_per_floor":[117,136,148,165,1,29,29,55,55,55,55,55,73,38,38,141,141,126,51,51,51,62,62],"floor_reached":23,"playtime":833,"items_purged":[],"score":318,"play_id":"896e47ed-6fea-4a18-af92-46250cff0d64","local_time":"20190928222454","is_ascension_mode":true,"campfire_choices":[{"floor":7,"key":"REST"},{"floor":11,"key":"REST"},{"data":"Bludgeon","floor":15,"key":"SMITH"}],"neow_cost":"NONE","seed_source_timestamp":965731488655400,"circlet_count":0,"master_deck":["AscendersBane","Strike_R","Strike_R","Strike_R","Strike_R","Defend_R","Defend_R","Defend_R","Defend_R","Bash","Metallicize","Cleave","Battle Trance","Warcry","Impervious","Thunderclap","Bludgeon+1","Demon Form","Headbutt","Flex","Thunderclap","Flex","Wild Strike+1","Carnage"],"relics":["Burning Blood","Omamori","Oddly Smooth Stone","Matryoshka","Orrery","Potion Belt","Peace Pipe"],"potions_floor_usage":[4,6],"damage_taken":[{"damage":4,"enemies":"Jaw Worm","floor":1,"turns":4},{"damage":5,"enemies":"2 Louse","floor":2,"turns":3},{"damage":10,"enemies":"Small Slimes","floor":3,"turns":5},{"damage":13,"enemies":"3 Louse","floor":4,"turns":3},{"damage":28,"enemies":"3 Sentries","floor":6,"turns":8},{"damage":71,"enemies":"Lagavulin","floor":8,"turns":12},{"damage":6,"enemies":"Blue Slaver","floor":13,"turns":4},{"damage":42,"enemies":"Slime Boss","floor":16,"turns":8},{"damage":33,"enemies":"2 Thieves","floor":18,"turns":4},{"damage":29,"enemies":"3 Byrds","floor":22,"turns":5},{"damage":60,"enemies":"Book of Stabbing","floor":23,"turns":5}],"seed_played":"-1482734599932852456","potions_obtained":[{"floor":2,"key":"Poison Potion"},{"floor":4,"key":"Strength Potion"},{"floor":8,"key":"Dexterity Potion"}],"is_trial":false,"path_per_floor":["M","M","M","M","$","E","R","E","T","?","R","?","M","?","R","B",null,"M","?","?","T","M","E"],"character_chosen":"IRONCLAD","items_purchased":["Impervious"],"campfire_rested":2,"item_purchase_floors":[5],"current_hp_per_floor":[82,83,79,72,72,50,76,11,11,11,37,42,42,65,65,29,77,50,50,81,81,58,0],"gold":62,"neow_bonus":"TEN_PERCENT_HP_BONUS","is_prod":false,"is_daily":false,"chose_seed":false,"campfire_upgraded":1,"win_rate":0,"timestamp":1569723894,"path_taken":["M","M","M","M","$","E","R","E","T","?","R","?","M","?","R","BOSS","M","?","?","?","?","E"],"build_version":"2019-07-17","purchased_purges":0,"victory":false,"max_hp_per_floor":[88,88,88,88,88,88,88,88,88,88,88,93,93,93,93,93,93,93,93,93,93,93,93],"card_choices":[{"not_picked":["Anger","True Grit"],"picked":"Metallicize","floor":1},{"not_picked":["Headbutt","Havoc"],"picked":"Cleave","floor":2},{"not_picked":["Clothesline","Headbutt"],"picked":"Battle Trance","floor":3},{"not_picked":["Hemokinesis","Perfected Strike"],"picked":"Warcry","floor":4},{"not_picked":["Power Through","Headbutt"],"picked":"Thunderclap","floor":6},{"not_picked":["Corruption","Feel No Pain"],"picked":"Bludgeon","floor":8},{"not_picked":["Sentinel","Sever Soul","Cleave"],"picked":"SKIP","floor":13},{"not_picked":["Exhume","Juggernaut"],"picked":"Demon Form","floor":16},{"not_picked":["Armaments","Combust"],"picked":"Headbutt","floor":17},{"not_picked":["Headbutt","Body Slam"],"picked":"Flex","floor":17},{"not_picked":["Whirlwind","Sword Boomerang"],"picked":"Thunderclap","floor":17},{"not_picked":["Iron Wave","Entrench"],"picked":"Flex","floor":17},{"not_picked":["Shrug It Off","Disarm"],"picked":"Wild Strike+1","floor":18},{"not_picked":["Searing Blow","Clothesline"],"picked":"Carnage","floor":22}],"player_experience":729646,"relics_obtained":[{"floor":6,"key":"Omamori"},{"floor":8,"key":"Oddly Smooth Stone"},{"floor":9,"key":"Matryoshka"},{"floor":21,"key":"Potion Belt"},{"floor":21,"key":"Peace Pipe"}],"event_choices":[{"damage_healed":0,"gold_gain":0,"player_choice":"Searched \u00270\u0027 times","damage_taken":0,"max_hp_gain":0,"max_hp_loss":0,"event_name":"Dead Adventurer","floor":10,"gold_loss":0},{"damage_healed":0,"gold_gain":0,"player_choice":"Donut","damage_taken":0,"max_hp_gain":5,"max_hp_loss":0,"event_name":"Big Fish","floor":12,"gold_loss":0},{"damage_healed":23,"gold_gain":0,"player_choice":"Healed","damage_taken":0,"max_hp_gain":0,"max_hp_loss":0,"event_name":"The Cleric","floor":14,"gold_loss":35},{"cards_removed":["Strike_R"],"damage_healed":0,"gold_gain":0,"player_choice":"Gave Gold","damage_taken":0,"max_hp_gain":0,"max_hp_loss":0,"event_name":"Beggar","floor":19,"gold_loss":75},{"damage_healed":31,"gold_gain":0,"player_choice":"Heal","damage_taken":0,"max_hp_gain":0,"max_hp_loss":0,"event_name":"The Library","floor":20,"gold_loss":0}],"is_beta":false,"boss_relics":[{"not_picked":["Runic Cube","Pandora\u0027s Box"],"picked":"Orrery"}],"items_purged_floors":[],"is_endless":false,"potions_floor_spawned":[2,4,8],"killed_by":"Book of Stabbing","ascension_level":12}