{"gold_per_floor":[116,116,136,136,151,185,199,10,88,88,88],"floor_reached":11,"playtime":463,"items_purged":[],"score":84,"play_id":"7ce9f499-9aa9-4f7f-aa67-da0532327c91","local_time":"20181225145207","is_ascension_mode":true,"campfire_choices":[],"neow_cost":"NONE","seed_source_timestamp":425007272125889,"circlet_count":0,"master_deck":["Strike_B","Strike_B","Strike_B","Strike_B","Defend_B","Defend_B","Defend_B","Defend_B","Zap+1","Dualcast","Genetic Algorithm","Steam","Redo","Ball Lightning","Steam","Mayhem"],"relics":["Cracked Core","NeowsBlessing","Golden Idol","Peace Pipe","Pen Nib"],"potions_floor_usage":[6,11],"damage_taken":[{"damage":0,"enemies":"Cultist","floor":1,"turns":1},{"damage":0,"enemies":"Small Slimes","floor":3,"turns":1},{"damage":0,"enemies":"Jaw Worm","floor":5,"turns":1},{"damage":31,"enemies":"3 Sentries","floor":6,"turns":8},{"damage":18,"enemies":"3 Louse","floor":7,"turns":3},{"damage":8,"enemies":"Large Slime","floor":11,"turns":1}],"seed_played":"-5402085480433330229","potions_obtained":[{"floor":5,"key":"Block Potion"},{"floor":7,"key":"SpeedPotion"}],"is_trial":false,"path_per_floor":["M","?","M","?","M","E","M","$","T","?","M"],"character_chosen":"DEFECT","items_purchased":["Mayhem"],"campfire_rested":0,"item_purchase_floors":[8],"current_hp_per_floor":[75,57,57,57,57,26,8,8,8,1,0],"gold":88,"neow_bonus":"THREE_ENEMY_KILL","is_prod":false,"is_daily":false,"chose_seed":false,"campfire_upgraded":0,"win_rate":0,"timestamp":1545767527,"path_taken":["M","?","M","?","?","E","M","?","T","?","M"],"build_version":"2018-12-20","purchased_purges":0,"victory":false,"max_hp_per_floor":[75,75,75,75,75,75,75,75,75,75,75],"card_choices":[{"not_picked":["Hologram","Compile Driver"],"picked":"Genetic Algorithm","floor":1},{"not_picked":["Hologram","Steam Power"],"picked":"Steam","floor":3},{"not_picked":["Conserve Battery","Scrape"],"picked":"Redo","floor":5},{"not_picked":["Meteor Strike","Darkness"],"picked":"Ball Lightning","floor":6},{"not_picked":["Turbo","Tempest"],"picked":"Steam","floor":7}],"player_experience":139177,"relics_obtained":[{"floor":6,"key":"Peace Pipe"}],"event_choices":[{"damage_healed":0,"gold_gain":0,"player_choice":"Take Damage","damage_taken":18,"relics_obtained":["Golden Idol"],"max_hp_gain":0,"max_hp_loss":0,"event_name":"Golden Idol","floor":2,"gold_loss":0},{"damage_healed":0,"gold_gain":0,"player_choice":"Upgraded","damage_taken":0,"max_hp_gain":0,"max_hp_loss":0,"event_name":"Upgrade Shrine","floor":4,"gold_loss":0,"cards_upgraded":["Zap"]},{"damage_healed":0,"gold_gain":0,"player_choice":"Success","damage_taken":7,"relics_obtained":["Pen Nib"],"max_hp_gain":0,"max_hp_loss":0,"event_name":"Scrap Ooze","floor":10,"gold_loss":0}],"is_beta":false,"boss_relics":[],"items_purged_floors":[],"is_endless":false,"potions_floor_spawned":[5,7],"killed_by":"Large Slime","ascension_level":3}