{"gold_per_floor":[113,123,140,160,160,187,362,393,393,393],"floor_reached":10,"playtime":708,"items_purged":[],"score":125,"play_id":"6fb36f6c-86c6-4542-8f13-b01ae2e7a42b","local_time":"20190919184432","is_ascension_mode":true,"campfire_choices":[],"neow_cost":"PERCENT_DAMAGE","seed_source_timestamp":175029385840000,"circlet_count":0,"master_deck":["AscendersBane","Strike_R","Strike_R","Strike_R","Strike_R","Strike_R","Defend_R","Defend_R","Defend_R","Defend_R","Bash","Pommel Strike","Thunderclap","Rage+1","Metallicize","Pummel","Doubt","Armaments"],"relics":["Burning Blood","Pocketwatch","Letter Opener","Bottled Tornado","Charon\u0027s Ashes"],"potions_floor_usage":[6,10],"damage_taken":[{"damage":6,"enemies":"2 Louse","floor":1,"turns":3},{"damage":2,"enemies":"Jaw Worm","floor":2,"turns":3},{"damage":1,"enemies":"Cultist","floor":3,"turns":3},{"damage":13,"enemies":"3 Louse","floor":4,"turns":3},{"damage":25,"enemies":"Gremlin Nob","floor":6,"turns":5},{"damage":46,"enemies":"Lagavulin","floor":8,"turns":7},{"damage":10,"enemies":"3 Sentries","floor":10,"turns":2}],"seed_played":"-7373653748691978287","potions_obtained":[{"floor":2,"key":"Regen Potion"},{"floor":8,"key":"GamblersBrew"}],"is_trial":false,"path_per_floor":["M","M","M","M","?","E","?","E","T","E"],"character_chosen":"IRONCLAD","items_purchased":[],"campfire_rested":0,"item_purchase_floors":[],"current_hp_per_floor":[51,55,60,53,53,48,48,8,8,0],"gold":393,"neow_bonus":"ONE_RARE_RELIC","is_prod":false,"is_daily":false,"chose_seed":false,"campfire_upgraded":0,"win_rate":0,"timestamp":1568933072,"path_taken":["M","M","M","M","?","E","?","E","T","E"],"build_version":"2019-07-17","purchased_purges":0,"victory":false,"max_hp_per_floor":[80,80,80,80,80,80,80,80,80,80],"card_choices":[{"not_picked":["Wild Strike","Whirlwind"],"picked":"Pommel Strike","floor":1},{"not_picked":["Intimidate","Perfected Strike"],"picked":"Thunderclap","floor":2},{"not_picked":["Wild Strike","Evolve"],"picked":"Rage","floor":3},{"not_picked":["Blood for Blood","Evolve"],"picked":"Metallicize","floor":4},{"not_picked":["Twin Strike","Thunderclap"],"picked":"Pummel","floor":6},{"not_picked":["Perfected Strike","Rupture"],"picked":"Armaments","floor":8}],"player_experience":672939,"relics_obtained":[{"floor":6,"key":"Letter Opener"},{"floor":8,"key":"Bottled Tornado"},{"floor":9,"key":"Charon\u0027s Ashes"}],"event_choices":[{"damage_healed":0,"gold_gain":0,"player_choice":"Grow","damage_taken":0,"max_hp_gain":0,"max_hp_loss":0,"event_name":"Living Wall","floor":5,"gold_loss":0,"cards_upgraded":["Rage"]},{"damage_healed":0,"gold_gain":175,"player_choice":"AGREE","damage_taken":0,"max_hp_gain":0,"max_hp_loss":0,"event_name":"Liars Game","floor":7,"gold_loss":0,"cards_obtained":["Doubt"]}],"is_beta":false,"boss_relics":[],"items_purged_floors":[],"is_endless":false,"potions_floor_spawned":[2,8],"killed_by":"3 Sentries","ascension_level":12}