{"gold_per_floor":[109,128,128,128,146,146],"floor_reached":6,"playtime":450,"items_purged":[],"score":49,"play_id":"3bcf2736-6c74-4929-a5db-edb823cecd99","local_time":"20190222214544","is_ascension_mode":true,"campfire_choices":[],"neow_cost":"NONE","seed_source_timestamp":811312649105303,"circlet_count":0,"master_deck":["Defend_G","Defend_G","Defend_G","Defend_G","Defend_G","Strike_G","Strike_G","Strike_G","Strike_G","Strike_G","Survivor","Neutralize","PiercingWail","Underhanded Strike","Deflect","Acrobatics","Prepared","Dagger Throw","Prepared","Injury","Prepared"],"relics":["Orrery","Golden Idol"],"potions_floor_usage":[6],"damage_taken":[{"damage":3,"enemies":"2 Louse","floor":1,"turns":5},{"damage":2,"enemies":"Jaw Worm","floor":2,"turns":4},{"damage":4,"enemies":"Small Slimes","floor":5,"turns":3},{"damage":60,"enemies":"Lagavulin","floor":6,"turns":11}],"seed_played":"4977303123555970049","potions_obtained":[{"floor":2,"key":"EssenceOfSteel"}],"is_trial":false,"path_per_floor":["M","M","?","?","M","E"],"character_chosen":"THE_SILENT","items_purchased":[],"campfire_rested":0,"item_purchase_floors":[],"current_hp_per_floor":[60,58,63,63,59,0],"gold":146,"neow_bonus":"BOSS_RELIC","is_prod":false,"is_daily":false,"chose_seed":false,"campfire_upgraded":0,"win_rate":0,"timestamp":1550889944,"path_taken":["M","M","?","?","M","E"],"build_version":"2019-01-23","purchased_purges":0,"victory":false,"max_hp_per_floor":[70,70,75,75,75,75],"card_choices":[{"not_picked":["Bane","Dodge and Roll"],"picked":"PiercingWail","floor":0},{"not_picked":["Poisoned Stab","Outmaneuver"],"picked":"Underhanded Strike","floor":0},{"not_picked":["Flechettes","Reflex"],"picked":"Deflect","floor":0},{"not_picked":["Underhanded Strike","Poisoned Stab"],"picked":"Acrobatics","floor":0},{"not_picked":["Poisoned Stab","Dagger Spray"],"picked":"Prepared","floor":0},{"not_picked":["Sucker Punch","Quick Slash"],"picked":"Dagger Throw","floor":1},{"not_picked":["Dagger Spray","Reflex"],"picked":"Prepared","floor":2},{"not_picked":["All Out Attack","Catalyst"],"picked":"Prepared","floor":5}],"player_experience":472717,"relics_obtained":[],"event_choices":[{"damage_healed":0,"gold_gain":0,"player_choice":"Donut","damage_taken":0,"max_hp_gain":5,"max_hp_loss":0,"event_name":"Big Fish","floor":3,"gold_loss":0},{"damage_healed":0,"gold_gain":0,"player_choice":"Take Wound","damage_taken":0,"relics_obtained":["Golden Idol"],"max_hp_gain":0,"max_hp_loss":0,"event_name":"Golden Idol","floor":4,"gold_loss":0,"cards_obtained":["Injury"]}],"is_beta":false,"boss_relics":[],"items_purged_floors":[],"is_endless":false,"potions_floor_spawned":[2],"killed_by":"Lagavulin","ascension_level":7}