{"gold_per_floor":[119,119,119,135,85,85,10,10,310,46,59,72,72,72,72,177,177,187,204,79,79],"floor_reached":21,"playtime":721,"items_purged":["Defend_B","Strike_B","Defend_B"],"score":192,"play_id":"d6c65ea9-dda4-4b1e-b950-f296057451b5","local_time":"20181229233056","is_ascension_mode":true,"campfire_choices":[{"data":"Zap","floor":6,"key":"SMITH"},{"data":"Dualcast","floor":15,"key":"SMITH"}],"neow_cost":"NONE","seed_source_timestamp":22720455231372,"circlet_count":0,"master_deck":["Strike_B","Strike_B","Defend_B","Defend_B","Zap+1","Dualcast+1","Purity","Bandage Up","Loop","Hologram","Reboot","Chill"],"relics":["Cracked Core","Old Coin","Nuclear Battery"],"potions_floor_usage":[16,19],"damage_taken":[{"damage":1,"enemies":"Cultist","floor":1,"turns":4},{"damage":6,"enemies":"2 Louse","floor":4,"turns":2},{"damage":11,"enemies":"Jaw Worm","floor":11,"turns":4},{"damage":7,"enemies":"Looter","floor":12,"turns":3},{"damage":51,"enemies":"The Guardian","floor":16,"turns":10},{"damage":41,"enemies":"Spheric Guardian","floor":18,"turns":6},{"damage":14,"enemies":"3 Byrds","floor":19,"turns":4},{"damage":40,"enemies":"Shelled Parasite and Fungi","floor":21,"turns":3}],"seed_played":"-8872222403842924705","potions_obtained":[{"floor":4,"key":"FocusPotion"},{"floor":16,"key":"LiquidBronze"}],"is_trial":false,"path_per_floor":["M","?","?","M","?","R","$","?","T","$","M","M","$","?","R","B",null,"M","M","$","M"],"character_chosen":"DEFECT","items_purchased":["Bandage Up","Loop"],"campfire_rested":0,"item_purchase_floors":[10,10],"current_hp_per_floor":[74,74,74,68,68,68,68,73,73,73,66,63,63,63,63,16,80,39,29,29,0],"gold":79,"neow_bonus":"RANDOM_COLORLESS","is_prod":false,"is_daily":false,"chose_seed":false,"campfire_upgraded":2,"win_rate":0,"timestamp":1546144256,"path_taken":["M","?","?","M","?","R","$","?","T","$","M","?","$","?","R","BOSS","M","M","$","M"],"build_version":"2018-12-20","purchased_purges":3,"victory":false,"max_hp_per_floor":[75,75,75,75,75,75,75,80,80,80,80,80,80,80,80,80,80,80,80,80,80],"card_choices":[{"not_picked":["Steam Power","Ball Lightning","Leap"],"picked":"SKIP","floor":1},{"not_picked":["Redo","Force Field","Beam Cell"],"picked":"SKIP","floor":4},{"not_picked":["Go for the Eyes","Turbo","Stack"],"picked":"SKIP","floor":11},{"not_picked":["Doom and Gloom","Melter"],"picked":"Hologram","floor":12},{"not_picked":["Rainbow","All For One"],"picked":"Reboot","floor":16},{"not_picked":["Sweeping Beam","Rebound","Hologram+1"],"picked":"SKIP","floor":18},{"not_picked":["Skim","Conserve Battery"],"picked":"Chill","floor":19}],"player_experience":274039,"relics_obtained":[{"floor":9,"key":"Old Coin"}],"event_choices":[{"damage_healed":0,"gold_gain":0,"player_choice":"Ignored","damage_taken":0,"max_hp_gain":0,"max_hp_loss":0,"event_name":"Golden Idol","floor":2,"gold_loss":0},{"damage_healed":0,"gold_gain":0,"player_choice":"Fled","damage_taken":0,"max_hp_gain":0,"max_hp_loss":0,"event_name":"Scrap Ooze","floor":3,"gold_loss":0},{"cards_removed":["Strike_B"],"damage_healed":0,"gold_gain":0,"player_choice":"Card Removal","damage_taken":0,"max_hp_gain":0,"max_hp_loss":0,"event_name":"The Cleric","floor":5,"gold_loss":50},{"damage_healed":0,"gold_gain":0,"player_choice":"Donut","damage_taken":0,"max_hp_gain":5,"max_hp_loss":0,"event_name":"Big Fish","floor":8,"gold_loss":0},{"damage_healed":0,"gold_gain":0,"player_choice":"Leave","damage_taken":0,"max_hp_gain":0,"max_hp_loss":0,"event_name":"FaceTrader","floor":14,"gold_loss":0}],"is_beta":false,"boss_relics":[{"not_picked":["Cursed Key","Orrery"],"picked":"Nuclear Battery"}],"items_purged_floors":[7,10,20],"is_endless":false,"potions_floor_spawned":[4,16],"killed_by":"Shelled Parasite and Fungi","ascension_level":3}