{"gold_per_floor":[109,109,120,120,137,172,172,347,347,347,360,360,370,405,405,503,503,523,543,543],"floor_reached":20,"playtime":603,"items_purged":[],"score":248,"play_id":"21c13231-e1a2-4504-8ebd-8dc5d69d63eb","local_time":"20190910165831","is_ascension_mode":true,"campfire_choices":[{"floor":7,"key":"REST"},{"floor":10,"key":"REST"},{"data":"Glass Knife","floor":12,"key":"SMITH"},{"floor":15,"key":"REST"}],"neow_cost":"NONE","seed_source_timestamp":344974387785800,"circlet_count":0,"master_deck":["Survivor","Neutralize","Slice","Flying Knee","Dash+1","Infinite Blades","Doubt","Glass Knife+1","Caltrops","Footwork","Die Die Die","Envenom","Masterful Stab","Well Laid Plans","Quick Slash","Outmaneuver","Catalyst","Eviscerate","Terror","Finisher","Footwork+1","Footwork"],"relics":["Ring of the Snake","NeowsBlessing","Darkstone Periapt","Happy Flower","Whetstone","Letter Opener","Pandora\u0027s Box"],"potions_floor_usage":[16],"damage_taken":[{"damage":0,"enemies":"Jaw Worm","floor":1,"turns":1},{"damage":0,"enemies":"2 Louse","floor":3,"turns":1},{"damage":0,"enemies":"Small Slimes","floor":5,"turns":1},{"damage":39,"enemies":"Lagavulin","floor":6,"turns":9},{"damage":15,"enemies":"Red Slaver","floor":11,"turns":5},{"damage":0,"enemies":"Looter","floor":13,"turns":2},{"damage":25,"enemies":"Gremlin Nob","floor":14,"turns":4},{"damage":26,"enemies":"The Guardian","floor":16,"turns":10},{"damage":40,"enemies":"2 Thieves","floor":18,"turns":4},{"damage":9,"enemies":"Spheric Guardian","floor":19,"turns":4}],"seed_played":"-8607749143426714828","potions_obtained":[{"floor":11,"key":"PowerPotion"},{"floor":16,"key":"EssenceOfSteel"},{"floor":18,"key":"FearPotion"}],"is_trial":false,"path_per_floor":["M","?","M","?","M","E","R","?","T","R","M","R","M","E","R","B",null,"M","M","?"],"character_chosen":"THE_SILENT","items_purchased":[],"campfire_rested":3,"item_purchase_floors":[],"current_hp_per_floor":[63,56,56,49,49,10,31,37,37,59,44,44,44,19,41,15,61,21,12,0],"gold":543,"neow_bonus":"THREE_ENEMY_KILL","is_prod":false,"is_daily":false,"chose_seed":false,"campfire_upgraded":1,"win_rate":0,"timestamp":1568149111,"path_taken":["M","?","M","?","?","E","R","?","T","R","M","R","M","E","R","BOSS","M","M","?"],"build_version":"2019-07-17","purchased_purges":0,"victory":false,"max_hp_per_floor":[70,70,70,70,70,70,70,76,76,76,76,76,76,76,76,76,76,76,76,81],"card_choices":[{"not_picked":["Backflip","Catalyst"],"picked":"Slice","floor":1},{"not_picked":["Prepared","Acrobatics"],"picked":"Flying Knee","floor":3},{"not_picked":["Dagger Spray","Leg Sweep"],"picked":"Dash","floor":5},{"not_picked":["Crippling Poison","Skewer"],"picked":"Infinite Blades","floor":6},{"not_picked":["Finisher","Escape Plan"],"picked":"Glass Knife","floor":11},{"not_picked":["Bane","Catalyst"],"picked":"Caltrops","floor":13},{"not_picked":["Crippling Poison","Heel Hook"],"picked":"Footwork","floor":14},{"not_picked":["Grand Finale","A Thousand Cuts"],"picked":"Die Die Die","floor":16},{"not_picked":["Escape Plan","Underhanded Strike"],"picked":"Footwork+1","floor":18},{"not_picked":["Outmaneuver","Calculated Gamble"],"picked":"Footwork","floor":19}],"player_experience":546405,"relics_obtained":[{"floor":6,"key":"Happy Flower"},{"floor":9,"key":"Whetstone"},{"floor":14,"key":"Letter Opener"}],"event_choices":[{"cards_removed":["Strike_G"],"damage_healed":0,"gold_gain":0,"player_choice":"Card Removal","damage_taken":7,"max_hp_gain":0,"max_hp_loss":0,"event_name":"Golden Wing","floor":2,"gold_loss":0},{"damage_healed":0,"gold_gain":0,"player_choice":"Success","damage_taken":7,"relics_obtained":["Darkstone Periapt"],"max_hp_gain":0,"max_hp_loss":0,"event_name":"Scrap Ooze","floor":4,"gold_loss":0},{"damage_healed":0,"gold_gain":175,"player_choice":"AGREE","damage_taken":0,"max_hp_gain":0,"max_hp_loss":0,"event_name":"Liars Game","floor":8,"gold_loss":0,"cards_obtained":["Doubt"]}],"is_beta":false,"boss_relics":[{"not_picked":["Orrery","Philosopher\u0027s Stone"],"picked":"Pandora\u0027s Box"}],"items_purged_floors":[],"is_endless":false,"potions_floor_spawned":[11,16,18],"ascension_level":7}