{"gold_per_floor":[111,127,137,137,153,153,165,165,165,192,207,207,223,223,223,296,296,307,318,337,262,262,287,287,322,322,348,21,21,32,55,55,132,132,146,157,4,24,24,24,50,50,50,50,50,82,82,100,100,100],"floor_reached":51,"playtime":5590,"items_purged":["Parasite","Shame"],"score":1292,"play_id":"5870a6f0-4919-49fd-8194-25840df2627c","local_time":"20191003212058","is_ascension_mode":true,"campfire_choices":[{"data":"Bouncing Flask","floor":6.0,"key":"SMITH"},{"data":"Neutralize","floor":8.0,"key":"SMITH"},{"data":"A Thousand Cuts","floor":12.0,"key":"SMITH"},{"floor":15.0,"key":"REST"},{"data":"Deadly Poison","floor":24.0,"key":"SMITH"},{"floor":29.0,"key":"REST"},{"data":"Well Laid Plans","floor":32.0,"key":"SMITH"},{"floor":40.0,"key":"REST"},{"floor":42.0,"key":"REST"},{"floor":44.0,"key":"RECALL"},{"floor":49.0,"key":"REST"}],"neow_cost":"NONE","seed_source_timestamp":2153035284777792,"circlet_count":0,"master_deck":["AscendersBane","Strike_G","Strike_G","Strike_G","Defend_G","Defend_G","Defend_G","Defend_G","Defend_G","Survivor","Neutralize+1","Bouncing Flask+1","Deadly Poison+1","Dash","A Thousand Cuts+1","Blur","Well Laid Plans+1","Ghostly","Ghostly","Ghostly","Ghostly","Ghostly","After Image","Backflip+1","Corpse Explosion+1","Prepared+1","Acrobatics+1","Footwork","Blind+1"],"special_seed":0,"relics":["Ring of the Snake","Pantograph","Bag of Marbles","Cursed Key","Mango","Singing Bowl","Toxic Egg 2","Red Mask","Dodecahedron","Regal Pillow","Fusion Hammer","Mummified Hand","Gremlin Horn","CultistMask"],"potions_floor_usage":[50],"damage_taken":[{"damage":4.0,"enemies":"2 Louse","floor":1.0,"turns":4.0},{"damage":0.0,"enemies":"Cultist","floor":2.0,"turns":4.0},{"damage":1.0,"enemies":"Small Slimes","floor":3.0,"turns":5.0},{"damage":0.0,"enemies":"Gremlin Gang","floor":5.0,"turns":2.0},{"damage":7.0,"enemies":"Exordium Wildlife","floor":7.0,"turns":5.0},{"damage":2.0,"enemies":"Gremlin Nob","floor":10.0,"turns":4.0},{"damage":0.0,"enemies":"3 Louse","floor":11.0,"turns":2.0},{"damage":11.0,"enemies":"Large Slime","floor":13.0,"turns":8.0},{"damage":25.0,"enemies":"Slime Boss","floor":16.0,"turns":14.0},{"damage":20.0,"enemies":"Shell Parasite","floor":18.0,"turns":5.0},{"damage":7.0,"enemies":"Spheric Guardian","floor":19.0,"turns":4.0},{"damage":3.0,"enemies":"Snecko","floor":20.0,"turns":5.0},{"damage":0.0,"enemies":"Book of Stabbing","floor":23.0,"turns":7.0},{"damage":3.0,"enemies":"Slavers","floor":25.0,"turns":8.0},{"damage":4.0,"enemies":"Masked Bandits","floor":27.0,"turns":5.0},{"damage":2.0,"enemies":"Cultist and Chosen","floor":30.0,"turns":8.0},{"damage":44.0,"enemies":"Automaton","floor":33.0,"turns":13.0},{"damage":0.0,"enemies":"3 Shapes","floor":35.0,"turns":3.0},{"damage":2.0,"enemies":"3 Darklings","floor":36.0,"turns":4.0},{"damage":0.0,"enemies":"Transient","floor":38.0,"turns":5.0},{"damage":5.0,"enemies":"Giant Head","floor":41.0,"turns":9.0},{"damage":6.0,"enemies":"Reptomancer","floor":46.0,"turns":7.0},{"damage":0.0,"enemies":"Maw","floor":48.0,"turns":9.0},{"damage":4,"enemies":"Donu and Deca","floor":50,"turns":8}],"seed_played":"5289137342019711014","potions_obtained":[{"floor":1.0,"key":"Energy Potion"},{"floor":3.0,"key":"Explosive Potion"},{"floor":18.0,"key":"SkillPotion"},{"floor":20.0,"key":"Strength Potion"},{"floor":23.0,"key":"SteroidPotion"},{"floor":33.0,"key":"Weak Potion"},{"floor":35.0,"key":"SkillPotion"},{"floor":46.0,"key":"SteroidPotion"}],"is_trial":false,"path_per_floor":["M","M","M","?","M","R","M","R","T","E","M","R","M","?","R","B",null,"M","M","M","?","?","E","R","E","T","?","$","R","M","T","R","B",null,"M","M","$","M","$","R","E","R","T","R","?","E","?","M","R","B",null],"character_chosen":"THE_SILENT","items_purchased":["Dodecahedron","Acrobatics+1"],"campfire_rested":5,"item_purchase_floors":[28,37],"current_hp_per_floor":[61,61,60,53,53,53,46,46,46,44,44,44,33,33,54,47,66,46,39,36,36,36,50,50,49,49,47,47,51,49,49,49,7,40,42,40,40,40,40,53,50,55,55,55,55,51,51,53,59,55],"gold":100,"neow_bonus":"TEN_PERCENT_HP_BONUS","is_prod":false,"is_daily":false,"chose_seed":false,"campfire_upgraded":5,"win_rate":0,"timestamp":1570152058,"path_taken":["M","M","M","?","M","R","M","R","T","E","?","R","?","?","R","BOSS","M","?","M","?","?","E","R","E","T","?","?","R","M","?","R","BOSS","M","M","$","M","$","R","E","R","T","R","?","E","?","M","R","BOSS"],"build_version":"2019-07-17","purchased_purges":2,"victory":true,"max_hp_per_floor":[72,72,72,72,72,72,72,72,72,72,72,72,72,72,72,72,72,72,72,72,72,36,50,50,52,52,54,51,51,51,51,51,51,51,53,53,53,53,53,53,55,55,55,55,55,57,57,59,59,59],"card_choices":[{"not_picked":["Accuracy","Caltrops"],"picked":"Bouncing Flask","floor":1.0},{"not_picked":["Dagger Spray","Riddle With Holes"],"picked":"Deadly Poison","floor":2.0},{"not_picked":["Predator","Flechettes","Outmaneuver"],"picked":"SKIP","floor":3.0},{"not_picked":["Dodge and Roll","Distraction","Prepared"],"picked":"SKIP","floor":5.0},{"not_picked":["Expertise","Heel Hook"],"picked":"Dash","floor":7.0},{"not_picked":["Poisoned Stab","Cloak And Dagger"],"picked":"A Thousand Cuts","floor":10.0},{"not_picked":["Predator","Endless Agony"],"picked":"Blur","floor":11.0},{"not_picked":["Flying Knee","Dagger Spray"],"picked":"Well Laid Plans","floor":13.0},{"not_picked":["Riddle With Holes","Deflect","Deadly Poison"],"picked":"SKIP","floor":18.0},{"not_picked":["Underhanded Strike+1","Concentrate","Cloak And Dagger"],"picked":"SKIP","floor":19.0},{"not_picked":["Accuracy","Quick Slash","Dodge and Roll"],"picked":"SKIP","floor":20.0},{"not_picked":["Masterful Stab","Flying Knee"],"picked":"After Image","floor":23.0},{"not_picked":["Leg Sweep","Dash","Cloak And Dagger"],"picked":"Singing Bowl","floor":25.0},{"not_picked":["Slice","Underhanded Strike","Bane"],"picked":"Singing Bowl","floor":27.0},{"not_picked":["Blade Dance+1","Dagger Spray"],"picked":"Backflip+1","floor":30.0},{"not_picked":["Wraith Form v2","Die Die Die"],"picked":"Corpse Explosion+1","floor":33.0},{"not_picked":["Finisher","Dagger Spray","Dagger Throw+1"],"picked":"Singing Bowl","floor":35.0},{"not_picked":["Flechettes","Dagger Spray"],"picked":"Prepared+1","floor":36.0},{"not_picked":["Calculated Gamble+1","Predator+1"],"picked":"Footwork","floor":38.0},{"not_picked":["Reflex+1","Accuracy+1","Grand Finale"],"picked":"Singing Bowl","floor":41.0},{"not_picked":["Bandage Up+1","Jack Of All Trades+1"],"picked":"Blind+1","floor":45.0},{"not_picked":["Sucker Punch","Dash","Poisoned Stab"],"picked":"Singing Bowl","floor":46.0},{"not_picked":["Predator","Flying Knee+1","Cloak And Dagger+1"],"picked":"Singing Bowl","floor":48.0}],"player_experience":638422,"relics_obtained":[{"floor":9.0,"key":"Pantograph"},{"floor":10.0,"key":"Bag of Marbles"},{"floor":23.0,"key":"Mango"},{"floor":25.0,"key":"Singing Bowl"},{"floor":26.0,"key":"Toxic Egg 2"},{"floor":27.0,"key":"Red Mask"},{"floor":31.0,"key":"Regal Pillow"},{"floor":41.0,"key":"Mummified Hand"},{"floor":46.0,"key":"Gremlin Horn"}],"event_choices":[{"damage_healed":0.0,"max_hp_gain":0.0,"max_hp_loss":0.0,"gold_gain":0.0,"event_name":"Wheel of Change","player_choice":"Damaged","floor":4.0,"gold_loss":0.0,"damage_taken":7.0},{"cards_removed":["Strike_G"],"damage_healed":0.0,"max_hp_gain":0.0,"max_hp_loss":0.0,"gold_gain":0.0,"event_name":"Purifier","player_choice":"Purged","floor":14.0,"gold_loss":0.0,"damage_taken":0.0},{"cards_removed":["Strike_G"],"damage_healed":0.0,"max_hp_gain":0.0,"max_hp_loss":0.0,"gold_gain":0.0,"event_name":"Beggar","player_choice":"Gave Gold","floor":21.0,"gold_loss":75.0,"damage_taken":0.0},{"damage_healed":0.0,"max_hp_gain":0.0,"max_hp_loss":36.0,"gold_gain":0.0,"event_name":"Ghosts","player_choice":"Became a Ghost","floor":22.0,"gold_loss":0.0,"damage_taken":0.0,"cards_obtained":["Ghostly","Ghostly","Ghostly","Ghostly","Ghostly"]},{"damage_healed":0.0,"max_hp_gain":0.0,"max_hp_loss":0.0,"gold_gain":0.0,"event_name":"Masked Bandits","player_choice":"Fought Bandits","floor":27.0,"gold_loss":0.0,"damage_taken":0.0},{"damage_healed":0.0,"max_hp_gain":0.0,"max_hp_loss":0.0,"gold_gain":0.0,"event_name":"SensoryStone","player_choice":"Memory 1","floor":45.0,"gold_loss":0.0,"damage_taken":0.0},{"damage_healed":0.0,"max_hp_gain":0.0,"max_hp_loss":0.0,"gold_gain":0.0,"event_name":"FaceTrader","player_choice":"Trade","floor":47.0,"gold_loss":0.0,"damage_taken":0.0,"relics_obtained":["CultistMask"]}],"is_beta":false,"boss_relics":[{"not_picked":["Lizard Tail","Runic Dome"],"picked":"Cursed Key"},{"not_picked":["Tiny House","Astrolabe"],"picked":"Fusion Hammer"}],"items_purged_floors":[28,37],"is_endless":false,"potions_floor_spawned":[1,3,18,20,23,33,35,46],"ascension_level":14}