{"gold_per_floor":[117,292,306,306,68,96,96,123,191,191,202,202,202,236,236,339,339,352,368,71,87,87,87,115,129,129,154,69,69,69,81,81,177,177,187,204,216,270,288,322,24,54,54,0,0,0,18,51,51,51,51,51,4,33,33],"floor_reached":56,"playtime":4917,"items_purged":["Defend_B","Strike_B"],"score":1663,"play_id":"872612eb-5a31-490c-9dc6-ac6e0d5a0f24","local_time":"20181225030146","is_ascension_mode":true,"campfire_choices":[{"data":"Dualcast","floor":7,"key":"SMITH"},{"data":"Zap","floor":10,"key":"SMITH"},{"data":"Redo","floor":15,"key":"SMITH"},{"data":"Creative AI","floor":23,"key":"SMITH"},{"floor":29,"key":"DIG"},{"floor":32,"key":"DIG"},{"data":"Aggregate","floor":45,"key":"SMITH"},{"floor":49,"key":"RECALL"},{"floor":52,"key":"DIG"}],"neow_cost":"NONE","seed_source_timestamp":377904959800047,"circlet_count":0,"master_deck":["Strike_B+1","Strike_B","Strike_B+1","Defend_B","Defend_B","Defend_B","Zap+1","Dualcast+1","Skim","Aggregate+1","Thinking Ahead","Rebound","Conserve Battery","Redo+1","Gash+1","Creative AI+1","Gash+1","Gash+1","Go for the Eyes+1","Streamline+1","Beam Cell+1","Storm+1","Hologram","Thunder Strike+1","Gash+1","Static Discharge+1","Go for the Eyes+1","Gash+1","Machine Learning+1","Beam Cell+1","Metamorphosis","Flash of Steel+1","Mayhem+1","Storm+1","Go for the Eyes+1","Gash+1"],"relics":["Cracked Core","NeowsBlessing","Orichalcum","Molten Egg 2","Mummified Hand","Unceasing Top","Bird Faced Urn","FossilizedHelix","Sozu","Frozen Egg 2","Shovel","Ginger","Letter Opener","Torii","Juzu Bracelet","Bag of Marbles","Pear","Coffee Dripper","Thread and Needle","Mercury Hourglass","Whetstone","Bottled Tornado","Vajra","Red Mask","Ornamental Fan","Pantograph","Sundial"],"potions_floor_usage":[14,14,16],"damage_taken":[{"damage":0,"enemies":"2 Louse","floor":1,"turns":1},{"damage":0,"enemies":"Small Slimes","floor":3,"turns":1},{"damage":0,"enemies":"3 Sentries","floor":6,"turns":1},{"damage":24,"enemies":"Lagavulin","floor":8,"turns":7},{"damage":2,"enemies":"Jaw Worm","floor":11,"turns":2},{"damage":19,"enemies":"3 Sentries","floor":14,"turns":5},{"damage":12,"enemies":"Slime Boss","floor":16,"turns":8},{"damage":6,"enemies":"Chosen","floor":18,"turns":3},{"damage":28,"enemies":"2 Thieves","floor":19,"turns":3},{"damage":16,"enemies":"Sentry and Sphere","floor":21,"turns":4},{"damage":16,"enemies":"Slavers","floor":24,"turns":5},{"damage":0,"enemies":"Cultist and Chosen","floor":25,"turns":4},{"damage":4,"enemies":"Gremlin Leader","floor":27,"turns":4},{"damage":0,"enemies":"Chosen and Byrds","floor":31,"turns":3},{"damage":16,"enemies":"Automaton","floor":33,"turns":5},{"damage":24,"enemies":"3 Shapes","floor":35,"turns":2},{"damage":0,"enemies":"Orb Walker","floor":36,"turns":2},{"damage":19,"enemies":"3 Darklings","floor":37,"turns":3},{"damage":23,"enemies":"2 Orb Walkers","floor":38,"turns":3},{"damage":0,"enemies":"Transient","floor":39,"turns":5},{"damage":0,"enemies":"Giant Head","floor":40,"turns":4},{"damage":19,"enemies":"Nemesis","floor":42,"turns":3},{"damage":0,"enemies":"Maw","floor":47,"turns":3},{"damage":0,"enemies":"Reptomancer","floor":48,"turns":2},{"damage":0,"enemies":"Awakened One","floor":50,"turns":4},{"damage":0,"enemies":"Shield and Spear","floor":54,"turns":2},{"damage":66,"enemies":"The Heart","floor":55,"turns":5}],"seed_played":"6850349224546165311","potions_obtained":[{"floor":3,"key":"Fire Potion"},{"floor":6,"key":"Regen Potion"},{"floor":14,"key":"Swift Potion"}],"is_trial":false,"path_per_floor":["M","?","M","?","$","E","R","E","T","R","M","T","?","E","R","B",null,"M","M","$","M","?","R","E","M","T","E","?","R","?","M","R","B",null,"M","M","M","?","M","E","$","E","T","?","R","?","M","E","R","B",null,"R","$","E","B",null],"character_chosen":"DEFECT","items_purchased":["Thinking Ahead","Frozen Egg 2","Gash+1","Whetstone","Beam Cell+1","Gash+1"],"campfire_rested":0,"item_purchase_floors":[5,20,20,41,41,53],"current_hp_per_floor":[75,75,75,68,68,68,68,44,44,44,42,42,39,34,34,22,75,73,49,49,41,41,41,33,33,33,41,41,41,41,47,57,51,85,61,67,56,37,51,59,59,52,52,52,52,42,56,68,68,85,85,85,85,85,34],"gold":33,"neow_bonus":"THREE_ENEMY_KILL","is_prod":false,"is_daily":false,"chose_seed":false,"campfire_upgraded":5,"win_rate":0,"timestamp":1545724906,"path_taken":["M","?","M","?","?","E","R","E","T","R","M","?","?","E","R","BOSS","M","M","$","M","?","R","E","?","T","E","?","R","?","M","R","BOSS","M","M","M","?","M","E","$","E","T","?","R","?","M","E","R","BOSS","R","$","E","BOSS"],"build_version":"2018-12-20","purchased_purges":2,"victory":true,"max_hp_per_floor":[75,75,75,75,75,75,75,75,75,75,75,75,75,75,75,75,75,75,75,75,75,75,75,75,75,75,75,75,75,75,75,85,85,85,85,85,85,85,85,85,85,85,85,85,85,85,85,85,85,85,85,85,85,85,85],"card_choices":[{"not_picked":["Barrage","Stack"],"picked":"Skim","floor":1},{"not_picked":["Compile Driver","Rebound"],"picked":"Aggregate","floor":3},{"not_picked":["Hyperbeam","Capacitor"],"picked":"Rebound","floor":6},{"not_picked":["Stack","Turbo"],"picked":"Conserve Battery","floor":8},{"not_picked":["Compile Driver+1","Stack"],"picked":"Redo","floor":11},{"not_picked":["Amplify","Aggregate"],"picked":"Gash+1","floor":14},{"not_picked":["Biased Cognition","Amplify"],"picked":"Creative AI","floor":16},{"not_picked":["Redo","Steam+1"],"picked":"Gash+1","floor":18},{"not_picked":["Darkness+1","Reinforced Body","Doom and Gloom+1"],"picked":"SKIP","floor":19},{"not_picked":["Barrage+1","Undo"],"picked":"Go for the Eyes+1","floor":21},{"not_picked":["Conserve Battery","Cold Snap+1"],"picked":"Streamline+1","floor":24},{"not_picked":["Turbo","Gash+1"],"picked":"Beam Cell+1","floor":25},{"not_picked":["Coolheaded","Thunder Strike+1"],"picked":"Storm+1","floor":27},{"not_picked":["Stack+1","Auto Shields"],"picked":"Hologram","floor":31},{"not_picked":["Meteor Strike+1","Hyperbeam+1"],"picked":"Thunder Strike+1","floor":33},{"not_picked":["Rebound+1","Blizzard+1"],"picked":"Gash+1","floor":35},{"not_picked":["Sweeping Beam+1","Blizzard+1","Rip and Tear+1"],"picked":"SKIP","floor":36},{"not_picked":["Conserve Battery","Streamline+1"],"picked":"Static Discharge+1","floor":37},{"not_picked":["Leap+1","Undo+1"],"picked":"Go for the Eyes+1","floor":38},{"not_picked":["Chill","Sunder+1"],"picked":"Gash+1","floor":39},{"not_picked":["Coolheaded+1","Blizzard+1"],"picked":"Machine Learning+1","floor":40},{"not_picked":["Hello World+1","Genetic Algorithm+1","Coolheaded"],"picked":"SKIP","floor":42},{"not_picked":["Good Instincts","Mayhem+1"],"picked":"Metamorphosis","floor":46},{"not_picked":["Dark Shackles","Panacea"],"picked":"Flash of Steel+1","floor":46},{"not_picked":["Enlightenment","PanicButton"],"picked":"Mayhem+1","floor":46},{"not_picked":["Self Repair+1","Conserve Battery+1"],"picked":"Storm+1","floor":47},{"not_picked":["Rebound+1","Redo"],"picked":"Go for the Eyes+1","floor":48},{"not_picked":["Hello World+1","Cold Snap+1","Melter+1"],"picked":"SKIP","floor":54}],"player_experience":128076,"relics_obtained":[{"floor":6,"key":"Orichalcum"},{"floor":8,"key":"Molten Egg 2"},{"floor":9,"key":"Mummified Hand"},{"floor":12,"key":"Unceasing Top"},{"floor":14,"key":"FossilizedHelix"},{"floor":22,"key":"Shovel"},{"floor":24,"key":"Ginger"},{"floor":27,"key":"Letter Opener"},{"floor":29,"key":"Juzu Bracelet"},{"floor":32,"key":"Pear"},{"floor":38,"key":"Thread and Needle"},{"floor":40,"key":"Mercury Hourglass"},{"floor":42,"key":"Bottled Tornado"},{"floor":43,"key":"Vajra"},{"floor":48,"key":"Ornamental Fan"},{"floor":52,"key":"Pantograph"},{"floor":54,"key":"Sundial"}],"event_choices":[{"damage_healed":0,"gold_gain":175,"player_choice":"AGREE","damage_taken":0,"max_hp_gain":0,"max_hp_loss":0,"event_name":"Liars Game","floor":2,"gold_loss":0,"cards_obtained":["Doubt"]},{"cards_removed":["Doubt"],"damage_healed":0,"gold_gain":0,"player_choice":"Card Removal","damage_taken":7,"max_hp_gain":0,"max_hp_loss":0,"event_name":"Golden Wing","floor":4,"gold_loss":0},{"damage_healed":0,"gold_gain":0,"player_choice":"Success","damage_taken":3,"relics_obtained":["Bird Faced Urn"],"max_hp_gain":0,"max_hp_loss":0,"event_name":"Scrap Ooze","floor":13,"gold_loss":0},{"damage_healed":0,"gold_gain":0,"player_choice":"Relic","damage_taken":0,"max_hp_gain":0,"max_hp_loss":0,"event_name":"Wheel of Change","floor":22,"gold_loss":0},{"damage_healed":0,"gold_gain":0,"player_choice":"Obtained Relic","damage_taken":0,"relics_obtained":["Torii"],"max_hp_gain":0,"max_hp_loss":0,"event_name":"Addict","floor":28,"gold_loss":85},{"damage_healed":0,"gold_gain":0,"player_choice":"Opened","damage_taken":0,"relics_obtained":["Bag of Marbles"],"max_hp_gain":0,"max_hp_loss":0,"event_name":"The Mausoleum","floor":30,"gold_loss":0},{"damage_healed":0,"gold_gain":0,"player_choice":"Fight","damage_taken":0,"max_hp_gain":0,"max_hp_loss":0,"event_name":"Mysterious Sphere","floor":38,"gold_loss":0},{"damage_healed":0,"gold_gain":0,"player_choice":"Paid","damage_taken":0,"relics_obtained":["Red Mask"],"max_hp_gain":0,"max_hp_loss":0,"event_name":"Tomb of Lord Red Mask","floor":44,"gold_loss":54},{"damage_healed":0,"gold_gain":0,"player_choice":"Memory 3","damage_taken":10,"max_hp_gain":0,"max_hp_loss":0,"event_name":"SensoryStone","floor":46,"gold_loss":0}],"is_beta":false,"boss_relics":[{"not_picked":["Cursed Key","Empty Cage"],"picked":"Sozu"},{"not_picked":["FrozenCore","Pandora\u0027s Box"],"picked":"Coffee Dripper"}],"items_purged_floors":[5,41],"is_endless":false,"potions_floor_spawned":[3,6,14,18,19,24,35,38,40,42,48],"ascension_level":2}