{"gold_per_floor":[111,111,130,147,158,184,154,170,170,203,203,230,249,264,264,362,362,379,392,406,130,130,165,185,214,214,214,228,247,247,275,275,376,376,393,393,412,422,422],"floor_reached":39,"playtime":3565,"items_purged":["Defend_G"],"score":619,"play_id":"1c66f038-4fcd-4ab5-b60c-2700af477030","local_time":"20181230005323","is_ascension_mode":true,"campfire_choices":[{"data":"Footwork","floor":11,"key":"SMITH"},{"floor":15,"key":"REST"},{"floor":30,"key":"REST"},{"floor":32,"key":"REST"}],"neow_cost":"NONE","seed_source_timestamp":24794070392082,"circlet_count":0,"master_deck":["Defend_G","Defend_G","Defend_G","Defend_G","Strike_G","Strike_G","Strike_G","Survivor","Neutralize","Malaise","Sucker Punch+1","Footwork+1","Leg Sweep","Cloak And Dagger","Corpse Explosion","Crippling Poison","Predator","Endless Agony","Footwork","Leg Sweep","Sucker Punch","Adrenaline","Crippling Poison","Infinite Blades","Cloak And Dagger","Ghostly","Ghostly","Ghostly","Ghostly","Ghostly","Backflip","Skewer+1","Dagger Spray","Slice","Calculated Gamble","Finisher","Cloak And Dagger","Leg Sweep+1","Tools of the Trade","Dodge and Roll+1","Noxious Fumes+1","Quick Slash+1"],"relics":["Ring of the Snake","Bottled Tornado","Blue Candle","Darkstone Periapt","Fusion Hammer","TheAbacus","Regal Pillow","FossilizedHelix","Potion Belt","Centennial Puzzle","Black Star"],"potions_floor_usage":[5,14,16,16,23,25,28,29,35,37],"damage_taken":[{"damage":0,"enemies":"2 Louse","floor":1,"turns":4},{"damage":0,"enemies":"Cultist","floor":3,"turns":4},{"damage":1,"enemies":"Jaw Worm","floor":4,"turns":4},{"damage":4,"enemies":"2 Fungi Beasts","floor":5,"turns":4},{"damage":15,"enemies":"Lagavulin","floor":6,"turns":12},{"damage":0,"enemies":"Looter","floor":7,"turns":4},{"damage":1,"enemies":"3 Louse","floor":8,"turns":4},{"damage":6,"enemies":"3 Sentries","floor":10,"turns":4},{"damage":27,"enemies":"Gremlin Nob","floor":12,"turns":7},{"damage":0,"enemies":"Exordium Wildlife","floor":13,"turns":6},{"damage":0,"enemies":"Large Slime","floor":14,"turns":5},{"damage":0,"enemies":"The Guardian","floor":16,"turns":11},{"damage":7,"enemies":"2 Thieves","floor":18,"turns":4},{"damage":2,"enemies":"Shell Parasite","floor":19,"turns":8},{"damage":4,"enemies":"Snake Plant","floor":20,"turns":7},{"damage":9,"enemies":"Book of Stabbing","floor":23,"turns":10},{"damage":0,"enemies":"3 Cultists","floor":24,"turns":6},{"damage":7,"enemies":"Gremlin Leader","floor":25,"turns":7},{"damage":3,"enemies":"Cultist and Chosen","floor":28,"turns":6},{"damage":6,"enemies":"Centurion and Healer","floor":29,"turns":4},{"damage":12,"enemies":"Slavers","floor":31,"turns":8},{"damage":19,"enemies":"Automaton","floor":33,"turns":14},{"damage":0,"enemies":"3 Shapes","floor":35,"turns":6},{"damage":6,"enemies":"3 Darklings","floor":37,"turns":5},{"damage":9,"enemies":"Jaw Worm Horde","floor":38,"turns":6},{"damage":42,"enemies":"Sphere and 2 Shapes","floor":39,"turns":3}],"seed_played":"7382459455674232806","potions_obtained":[{"floor":1,"key":"Poison Potion"},{"floor":10,"key":"Block Potion"},{"floor":12,"key":"Swift Potion"},{"floor":13,"key":"Poison Potion"},{"floor":14,"key":"Poison Potion"},{"floor":24,"key":"SkillPotion"},{"floor":25,"key":"Explosive Potion"},{"floor":28,"key":"GamblersBrew"},{"floor":33,"key":"Swift Potion"},{"floor":37,"key":"Fruit Juice"}],"is_trial":false,"path_per_floor":["M","?","M","M","M","E","M","M","T","E","R","E","M","M","R","B",null,"M","M","M","$","?","E","M","E","T","?","M","M","R","E","R","B",null,"M","?","M","M","M"],"character_chosen":"THE_SILENT","items_purchased":["TheAbacus"],"campfire_rested":3,"item_purchase_floors":[21],"current_hp_per_floor":[70,70,70,69,65,50,50,49,49,43,43,16,16,16,37,37,70,63,61,57,57,35,26,26,19,19,19,16,10,35,23,35,16,35,35,35,34,25,0],"gold":422,"neow_bonus":"ONE_RANDOM_RARE_CARD","is_prod":false,"is_daily":false,"chose_seed":false,"campfire_upgraded":1,"win_rate":0,"timestamp":1546149203,"path_taken":["M","?","M","M","M","E","M","M","T","E","R","E","M","?","R","BOSS","M","M","M","$","?","E","M","E","T","?","M","M","R","E","R","BOSS","M","?","M","M","M"],"build_version":"2018-12-20","purchased_purges":1,"victory":false,"max_hp_per_floor":[70,70,70,70,70,70,70,70,70,70,70,70,70,70,70,70,70,70,70,70,70,35,35,35,35,35,35,35,35,35,35,35,35,35,35,35,40,40,40],"card_choices":[{"not_picked":["Reflex","Quick Slash"],"picked":"Sucker Punch","floor":1},{"not_picked":["Dagger Throw","Expertise"],"picked":"Footwork","floor":3},{"not_picked":["Endless Agony","Sucker Punch"],"picked":"Leg Sweep","floor":4},{"not_picked":["Sucker Punch","Predator"],"picked":"Cloak And Dagger","floor":5},{"not_picked":["PiercingWail","Sucker Punch"],"picked":"Corpse Explosion","floor":6},{"not_picked":["Dagger Throw","Eviscerate"],"picked":"Crippling Poison","floor":7},{"not_picked":["Prepared","Dodge and Roll"],"picked":"Predator","floor":8},{"not_picked":["Phantasmal Killer","Flying Knee"],"picked":"Endless Agony","floor":10},{"not_picked":["Riddle With Holes","Terror"],"picked":"Footwork","floor":12},{"not_picked":["Prepared","Acrobatics"],"picked":"Leg Sweep","floor":13},{"not_picked":["Backstab","Underhanded Strike"],"picked":"Sucker Punch","floor":14},{"not_picked":["Glass Knife","Malaise"],"picked":"Adrenaline","floor":16},{"not_picked":["Prepared","Blade Dance"],"picked":"Crippling Poison","floor":18},{"not_picked":["Terror","Predator"],"picked":"Infinite Blades","floor":19},{"not_picked":["Underhanded Strike","Eviscerate"],"picked":"Cloak And Dagger","floor":20},{"not_picked":["Bullet Time","Poisoned Stab"],"picked":"Backflip","floor":23},{"not_picked":["Outmaneuver+1","Phantasmal Killer"],"picked":"Skewer+1","floor":24},{"not_picked":["Blade Dance","Wraith Form v2"],"picked":"Dagger Spray","floor":25},{"not_picked":["Slice+1","Riddle With Holes+1"],"picked":"Finisher","floor":28},{"not_picked":["Poisoned Stab+1","Deadly Poison"],"picked":"Cloak And Dagger","floor":29},{"not_picked":["Riddle With Holes","Choke+1"],"picked":"Leg Sweep+1","floor":31},{"not_picked":["Grand Finale","Storm of Steel"],"picked":"Tools of the Trade","floor":33},{"not_picked":["Calculated Gamble","Outmaneuver"],"picked":"Dodge and Roll+1","floor":35},{"not_picked":["Deadly Poison","Bane"],"picked":"Noxious Fumes+1","floor":37},{"not_picked":["Sucker Punch","Riddle With Holes+1"],"picked":"Quick Slash+1","floor":38}],"player_experience":274760,"relics_obtained":[{"floor":6,"key":"Bottled Tornado"},{"floor":10,"key":"Blue Candle"},{"floor":12,"key":"Darkstone Periapt"},{"floor":23,"key":"Regal Pillow"},{"floor":25,"key":"FossilizedHelix"},{"floor":26,"key":"Potion Belt"},{"floor":31,"key":"Centennial Puzzle"}],"event_choices":[{"damage_healed":0,"gold_gain":0,"player_choice":"Upgraded","damage_taken":0,"max_hp_gain":0,"max_hp_loss":0,"event_name":"Upgrade Shrine","floor":2,"gold_loss":0,"cards_upgraded":["Sucker Punch"]},{"damage_healed":0,"gold_gain":0,"player_choice":"Became a Ghost","damage_taken":0,"max_hp_gain":0,"max_hp_loss":35,"event_name":"Ghosts","floor":22,"gold_loss":0,"cards_obtained":["Ghostly","Ghostly","Ghostly","Ghostly","Ghostly"]},{"damage_healed":0,"gold_gain":0,"cards_transformed":["Strike_G","Strike_G"],"player_choice":"Became Test Subject","damage_taken":0,"max_hp_gain":0,"max_hp_loss":0,"event_name":"Drug Dealer","floor":27,"gold_loss":0,"cards_obtained":["Slice","Calculated Gamble"]},{"damage_healed":0,"gold_gain":0,"player_choice":"Ignored","damage_taken":0,"max_hp_gain":0,"max_hp_loss":0,"event_name":"Tomb of Lord Red Mask","floor":36,"gold_loss":0}],"is_beta":false,"boss_relics":[{"not_picked":["HoveringKite","Ring of the Serpent"],"picked":"Fusion Hammer"},{"not_picked":["Velvet Choker","WristBlade"],"picked":"Black Star"}],"items_purged_floors":[21],"is_endless":false,"potions_floor_spawned":[1,10,12,13,14,24,25,28,33,37],"killed_by":"Sphere and 2 Shapes","ascension_level":2}