{"gold_per_floor":[112,112,112,122,72,72,91,91,91,122,133,133,161,161,161,161],"floor_reached":16,"playtime":632,"items_purged":[],"score":124,"play_id":"127d7c02-4dbf-4ce8-aed2-d9bc29e69730","local_time":"20190419133637","is_ascension_mode":true,"campfire_choices":[{"data":"Zap","floor":6,"key":"SMITH"},{"data":"Dualcast","floor":8,"key":"SMITH"},{"floor":15,"key":"REST"}],"neow_cost":"TEN_PERCENT_HP_LOSS","seed_source_timestamp":145026145899,"circlet_count":0,"master_deck":["Strike_B","Strike_B","Defend_B","Defend_B","Zap+1","Dualcast+1","BootSequence","Darkness","Defragment","Doom and Gloom","Machine Learning","Regret"],"relics":["Cracked Core","Prayer Wheel","Juzu Bracelet","Art of War","Ancient Tea Set","Golden Idol"],"potions_floor_usage":[10,13,16],"damage_taken":[{"damage":0,"enemies":"2 Louse","floor":1,"turns":2},{"damage":0,"enemies":"Small Slimes","floor":4,"turns":2},{"damage":0,"enemies":"Jaw Worm","floor":7,"turns":3},{"damage":5,"enemies":"Lagavulin","floor":10,"turns":5},{"damage":0,"enemies":"3 Louse","floor":11,"turns":3},{"damage":35,"enemies":"3 Sentries","floor":13,"turns":5},{"damage":25,"enemies":"Hexaghost","floor":16,"turns":6}],"seed_played":"-5527696825307868938","potions_obtained":[{"floor":4,"key":"AttackPotion"},{"floor":7,"key":"SteroidPotion"},{"floor":13,"key":"SteroidPotion"}],"is_trial":false,"path_per_floor":["M","?","?","M","?","R","M","R","T","E","M","?","E","?","R","B"],"character_chosen":"DEFECT","items_purchased":[],"campfire_rested":1,"item_purchase_floors":[],"current_hp_per_floor":[68,61,61,61,61,61,61,61,61,56,56,56,21,4,24,0],"gold":161,"neow_bonus":"REMOVE_TWO","is_prod":false,"is_daily":false,"chose_seed":false,"campfire_upgraded":2,"win_rate":0,"timestamp":1555677397,"path_taken":["M","?","?","M","?","R","M","R","T","E","M","?","E","?","R","BOSS"],"build_version":"2019-01-23","purchased_purges":0,"victory":false,"max_hp_per_floor":[68,68,68,68,68,68,68,68,68,68,68,68,68,68,68,68],"card_choices":[{"not_picked":["Beam Cell","Conserve Battery"],"picked":"BootSequence","floor":1},{"not_picked":["Ball Lightning","Undo"],"picked":"Darkness","floor":4},{"not_picked":["Blizzard","Cold Snap"],"picked":"Defragment","floor":7},{"not_picked":["Reprogram","Rebound","Barrage"],"picked":"SKIP","floor":10},{"not_picked":["Sunder","Turbo"],"picked":"Doom and Gloom","floor":11},{"not_picked":["Lockon","Steam"],"picked":"Machine Learning","floor":11},{"not_picked":["Sweeping Beam","Stack","BootSequence"],"picked":"SKIP","floor":13}],"player_experience":178746,"relics_obtained":[{"floor":9,"key":"Prayer Wheel"},{"floor":10,"key":"Juzu Bracelet"},{"floor":13,"key":"Ancient Tea Set"}],"event_choices":[{"cards_removed":["Defend_B"],"damage_healed":0,"gold_gain":0,"player_choice":"Card Removal","damage_taken":7,"max_hp_gain":0,"max_hp_loss":0,"event_name":"Golden Wing","floor":2,"gold_loss":0},{"damage_healed":0,"gold_gain":0,"player_choice":"Ignored","damage_taken":0,"max_hp_gain":0,"max_hp_loss":0,"event_name":"Liars Game","floor":3,"gold_loss":0},{"cards_removed":["Strike_B"],"damage_healed":0,"gold_gain":0,"player_choice":"Card Removal","damage_taken":0,"max_hp_gain":0,"max_hp_loss":0,"event_name":"The Cleric","floor":5,"gold_loss":50},{"damage_healed":0,"gold_gain":0,"player_choice":"Box","damage_taken":0,"relics_obtained":["Art of War"],"max_hp_gain":0,"max_hp_loss":0,"event_name":"Big Fish","floor":12,"gold_loss":0,"cards_obtained":["Regret"]},{"damage_healed":0,"gold_gain":0,"player_choice":"Take Damage","damage_taken":17,"relics_obtained":["Golden Idol"],"max_hp_gain":0,"max_hp_loss":0,"event_name":"Golden Idol","floor":14,"gold_loss":0}],"is_beta":false,"boss_relics":[],"items_purged_floors":[],"is_endless":false,"potions_floor_spawned":[4,7,13],"killed_by":"Hexaghost","ascension_level":3}