{"gold_per_floor":[114,133,133,163,183,208,208,222,222,222],"floor_reached":10,"playtime":293,"items_purged":[],"score":109,"play_id":"3a9bcc97-cd9a-4c4f-af17-1951cb2391d9","local_time":"20191001120448","is_ascension_mode":true,"campfire_choices":[{"floor":7,"key":"REST"}],"neow_cost":"NONE","seed_source_timestamp":1188269131510600,"circlet_count":0,"master_deck":["AscendersBane","Strike_B","Strike_B","Strike_B","Strike_B","Defend_B","Defend_B","Defend_B","Defend_B","Zap","Dualcast","Scrape","Hello World","Regret","Gash","Conserve Battery"],"relics":["Cracked Core","Matryoshka","Tiny Chest","StoneCalendar","Sundial","Gremlin Horn"],"potions_floor_usage":[6,6,8,10],"damage_taken":[{"damage":7,"enemies":"Small Slimes","floor":1,"turns":3},{"damage":1,"enemies":"2 Louse","floor":2,"turns":3},{"damage":7,"enemies":"Jaw Worm","floor":5,"turns":3},{"damage":38,"enemies":"Gremlin Nob","floor":6,"turns":4},{"damage":35,"enemies":"Exordium Thugs","floor":8,"turns":4},{"damage":9,"enemies":"3 Sentries","floor":10,"turns":1}],"seed_played":"-3358976900027797859","potions_obtained":[{"floor":1,"key":"Swift Potion"},{"floor":2,"key":"FocusPotion"},{"floor":6,"key":"SpeedPotion"},{"floor":8,"key":"Explosive Potion"}],"is_trial":false,"path_per_floor":["M","M","?","?","M","E","R","M","T","E"],"character_chosen":"DEFECT","items_purchased":[],"campfire_rested":1,"item_purchase_floors":[],"current_hp_per_floor":[68,67,67,60,53,15,39,4,4,0],"gold":222,"neow_bonus":"TEN_PERCENT_HP_BONUS","is_prod":false,"is_daily":false,"chose_seed":false,"campfire_upgraded":0,"win_rate":0,"timestamp":1569945888,"path_taken":["M","M","?","?","M","E","R","M","T","E"],"build_version":"2019-07-17","purchased_purges":0,"victory":false,"max_hp_per_floor":[82,82,82,82,82,82,82,82,82,82],"card_choices":[{"not_picked":["Chaos","Compile Driver"],"picked":"Scrape","floor":1},{"not_picked":["Genetic Algorithm","Aggregate"],"picked":"Hello World","floor":2},{"not_picked":["Redo","Force Field","Skim"],"picked":"SKIP","floor":5},{"not_picked":["Sweeping Beam","Steam Power"],"picked":"Gash","floor":6},{"not_picked":["Beam Cell","Redo"],"picked":"Conserve Battery","floor":8}],"player_experience":753597,"relics_obtained":[{"floor":6,"key":"StoneCalendar"},{"floor":9,"key":"Sundial"},{"floor":9,"key":"Gremlin Horn"}],"event_choices":[{"damage_healed":0,"gold_gain":0,"player_choice":"Box","damage_taken":0,"relics_obtained":["Matryoshka"],"max_hp_gain":0,"max_hp_loss":0,"event_name":"Big Fish","floor":3,"gold_loss":0,"cards_obtained":["Regret"]},{"damage_healed":0,"gold_gain":0,"player_choice":"Success","damage_taken":7,"relics_obtained":["Tiny Chest"],"max_hp_gain":0,"max_hp_loss":0,"event_name":"Scrap Ooze","floor":4,"gold_loss":0}],"is_beta":false,"boss_relics":[],"items_purged_floors":[],"is_endless":false,"potions_floor_spawned":[1,2,6,8],"killed_by":"3 Sentries","ascension_level":12}