{"gold_per_floor":[118,118,136,151,151,176,194,220,269,283,23,23,23,0,0,95,95,114,114,114,126,126,126,138,172,172,204,220,252,50,64,64,167,167,177,196,196,249,263,291,323,323],"floor_reached":42,"playtime":4919,"items_purged":["Defend_G+1"],"score":630,"play_id":"55d20a07-6532-4ce2-a7e6-f3910faa15d9","local_time":"20181225012250","is_ascension_mode":true,"campfire_choices":[{"data":"Tools of the Trade","floor":12,"key":"SMITH"},{"data":"Survivor","floor":15,"key":"SMITH"},{"data":"Dagger Spray","floor":23,"key":"SMITH"},{"data":"Deflect","floor":32,"key":"SMITH"}],"neow_cost":"TEN_PERCENT_HP_LOSS","seed_source_timestamp":371995610335209,"circlet_count":0,"master_deck":["Defend_G+1","Defend_G+1","Defend_G+1","Survivor+1","Neutralize","Poisoned Stab+1","Dagger Spray+1","Endless Agony","Tools of the Trade+1","Deflect+1","Cloak And Dagger","Poisoned Stab+1","Glass Knife+1","Bite+1","Bite+1","Bite+1","Bite+1","Bite+1","Bane+1","Sucker Punch+1","Dagger Spray+1","Dagger Spray+1","Prepared+1","Slice+1","Flying Knee+1","Envenom","Blur+1","Deflect+1","Endless Agony+1","Blade Dance+1","Reflex+1","Bane+1"],"relics":["Ring of the Snake","Meat on the Bone","Bottled Flame","Molten Egg 2","Lizard Tail","MutagenicStrength","PreservedInsect","Smiling Mask","WingedGreaves","Ancient Tea Set","Vajra","Coffee Dripper","Pocketwatch","Omamori","Incense Burner"],"potions_floor_usage":[8,28,31,41,41,42],"damage_taken":[{"damage":0,"enemies":"Jaw Worm","floor":1,"turns":7},{"damage":0,"enemies":"Cultist","floor":3,"turns":3},{"damage":0,"enemies":"2 Louse","floor":4,"turns":2},{"damage":25,"enemies":"Lagavulin","floor":6,"turns":9},{"damage":0,"enemies":"Exordium Wildlife","floor":7,"turns":3},{"damage":19,"enemies":"3 Sentries","floor":8,"turns":6},{"damage":0,"enemies":"Blue Slaver","floor":10,"turns":3},{"damage":21,"enemies":"Hexaghost","floor":16,"turns":10},{"damage":18,"enemies":"Spheric Guardian","floor":18,"turns":5},{"damage":2,"enemies":"2 Thieves","floor":21,"turns":4},{"damage":24,"enemies":"Centurion and Healer","floor":24,"turns":5},{"damage":31,"enemies":"Gremlin Leader","floor":25,"turns":5},{"damage":23,"enemies":"Book of Stabbing","floor":27,"turns":3},{"damage":3,"enemies":"Shelled Parasite and Fungi","floor":28,"turns":6},{"damage":0,"enemies":"Slavers","floor":29,"turns":1},{"damage":0,"enemies":"3 Cultists","floor":31,"turns":3},{"damage":75,"enemies":"Collector","floor":33,"turns":8},{"damage":0,"enemies":"Orb Walker","floor":35,"turns":3},{"damage":8,"enemies":"3 Darklings","floor":36,"turns":4},{"damage":13,"enemies":"2 Orb Walkers","floor":38,"turns":4},{"damage":11,"enemies":"Maw","floor":39,"turns":7},{"damage":0,"enemies":"Reptomancer","floor":40,"turns":2},{"damage":15,"enemies":"Giant Head","floor":41,"turns":7},{"damage":57,"enemies":"Reptomancer","floor":42,"turns":2}],"seed_played":"-3988988124941640598","potions_obtained":[{"floor":6,"key":"Regen Potion"},{"floor":7,"key":"SmokeBomb"},{"floor":8,"key":"Swift Potion"},{"floor":10,"key":"Swift Potion"},{"floor":16,"key":"EssenceOfSteel"},{"floor":27,"key":"AttackPotion"},{"floor":28,"key":"Swift Potion"},{"floor":36,"key":"Energy Potion"}],"is_trial":false,"path_per_floor":["M","?","M","M","?","E","M","E","T","M","$","R","?","$","R","B",null,"M","?","?","M","?","R","M","E","T","E","M","E","$","M","R","B",null,"M","M","?","?","M","E","E","E"],"character_chosen":"THE_SILENT","items_purchased":["Molten Egg 2","Poisoned Stab+1","Vajra"],"campfire_rested":0,"item_purchase_floors":[11,14,30],"current_hp_per_floor":[63,63,63,63,56,31,43,38,38,38,38,38,38,38,38,29,63,45,44,44,44,44,44,26,25,25,29,38,38,38,41,41,34,44,44,38,38,34,38,41,36,0],"gold":323,"neow_bonus":"REMOVE_TWO","is_prod":false,"is_daily":false,"chose_seed":false,"campfire_upgraded":4,"win_rate":0,"timestamp":1545718970,"path_taken":["M","?","M","?","?","E","M","E","T","M","$","R","?","?","R","BOSS","M","?","?","M","?","R","M","E","T","E","M","E","?","?","R","BOSS","M","M","?","?","M","E","E","E"],"build_version":"2018-12-20","purchased_purges":1,"victory":false,"max_hp_per_floor":[63,63,63,63,63,63,63,63,63,63,63,63,63,63,63,63,63,63,44,44,44,44,44,44,44,44,44,44,44,44,44,44,44,44,44,44,44,44,44,44,44,44],"card_choices":[{"not_picked":["Dodge and Roll","Acrobatics"],"picked":"Poisoned Stab","floor":1},{"not_picked":["Catalyst","Outmaneuver","Riddle With Holes"],"picked":"SKIP","floor":3},{"not_picked":["Dagger Throw","Blade Dance"],"picked":"Dagger Spray","floor":4},{"not_picked":["Dagger Throw","Underhanded Strike"],"picked":"Endless Agony","floor":6},{"not_picked":["PiercingWail","Flying Knee"],"picked":"Tools of the Trade","floor":7},{"not_picked":["Storm of Steel","Reflex"],"picked":"Deflect","floor":8},{"not_picked":["Expertise","Bane"],"picked":"Cloak And Dagger","floor":10},{"not_picked":["Envenom","Doppelganger"],"picked":"Glass Knife+1","floor":16},{"not_picked":["Underhanded Strike+1","Flying Knee+1"],"picked":"Prepared+1","floor":18},{"not_picked":["Dagger Throw+1","Setup"],"picked":"Bane+1","floor":21},{"not_picked":["Setup","Skewer+1"],"picked":"Sucker Punch+1","floor":24},{"not_picked":["Bane+1","Caltrops"],"picked":"Dagger Spray+1","floor":25},{"not_picked":["Endless Agony+1","Accuracy+1"],"picked":"Dagger Spray+1","floor":27},{"not_picked":["Night Terror","Outmaneuver+1"],"picked":"Prepared+1","floor":28},{"not_picked":["Skewer+1","Expertise"],"picked":"Slice+1","floor":29},{"not_picked":["Blade Dance+1","Deadly Poison"],"picked":"Flying Knee+1","floor":31},{"not_picked":["A Thousand Cuts","Burst"],"picked":"Envenom","floor":33},{"not_picked":["Acrobatics","Sucker Punch+1"],"picked":"Blur+1","floor":35},{"not_picked":["Noxious Fumes","Dagger Throw+1"],"picked":"Deflect+1","floor":36},{"not_picked":["Dagger Throw+1","Underhanded Strike+1"],"picked":"Endless Agony+1","floor":38},{"not_picked":["Deadly Poison","Cloak And Dagger+1"],"picked":"Blade Dance+1","floor":39},{"not_picked":["Acrobatics","Bullet Time"],"picked":"Reflex+1","floor":40},{"not_picked":["PiercingWail","Quick Slash+1"],"picked":"Bane+1","floor":41}],"player_experience":122207,"relics_obtained":[{"floor":6,"key":"Meat on the Bone"},{"floor":8,"key":"Bottled Flame"},{"floor":25,"key":"PreservedInsect"},{"floor":26,"key":"Smiling Mask"},{"floor":27,"key":"WingedGreaves"},{"floor":29,"key":"Ancient Tea Set"},{"floor":38,"key":"Pocketwatch"},{"floor":40,"key":"Omamori"},{"floor":41,"key":"Incense Burner"}],"event_choices":[{"damage_healed":0,"gold_gain":0,"player_choice":"Upgraded","damage_taken":0,"max_hp_gain":0,"max_hp_loss":0,"event_name":"Upgrade Shrine","floor":2,"gold_loss":0,"cards_upgraded":["Poisoned Stab"]},{"cards_removed":["Strike_G"],"damage_healed":0,"gold_gain":0,"player_choice":"Card Removal","damage_taken":7,"max_hp_gain":0,"max_hp_loss":0,"event_name":"Golden Wing","floor":5,"gold_loss":0},{"damage_healed":0,"gold_gain":0,"player_choice":"Leave","damage_taken":0,"max_hp_gain":0,"max_hp_loss":0,"event_name":"The Cleric","floor":13,"gold_loss":0},{"damage_healed":0,"gold_gain":0,"player_choice":"Became a vampire","damage_taken":0,"max_hp_gain":0,"max_hp_loss":19,"event_name":"Vampires","floor":19,"gold_loss":0,"cards_obtained":["Bite","Bite","Bite","Bite","Bite"]},{"damage_healed":0,"gold_gain":0,"player_choice":"Simplicity","damage_taken":0,"max_hp_gain":0,"max_hp_loss":0,"event_name":"Back to Basics","floor":20,"gold_loss":0,"cards_upgraded":["Defend_G","Defend_G","Defend_G","Defend_G"]},{"damage_healed":0,"gold_gain":0,"player_choice":"Inject Mutagens","damage_taken":0,"relics_obtained":["MutagenicStrength"],"max_hp_gain":0,"max_hp_loss":0,"event_name":"Drug Dealer","floor":22,"gold_loss":0},{"cards_removed":["Prepared"],"damage_healed":0,"gold_gain":0,"player_choice":"Removed Skill","damage_taken":0,"max_hp_gain":0,"max_hp_loss":0,"event_name":"Falling","floor":37,"gold_loss":0},{"damage_healed":0,"gold_gain":0,"player_choice":"Fight","damage_taken":0,"max_hp_gain":0,"max_hp_loss":0,"event_name":"Mysterious Sphere","floor":38,"gold_loss":0}],"is_beta":false,"boss_relics":[{"not_picked":["Cursed Key","Orrery"],"picked":"Lizard Tail"},{"not_picked":["WristBlade","Sozu"],"picked":"Coffee Dripper"}],"items_purged_floors":[30],"is_endless":false,"potions_floor_spawned":[6,7,8,10,16,21,27,28,36],"killed_by":"Reptomancer","ascension_level":1}