{"gold_per_floor":[111,123,137,137,137,137,151,151,177,189,189,201,220,255,255,356,356,375,375,389,389],"floor_reached":21,"playtime":1019,"items_purged":[],"score":275,"play_id":"432d657e-2184-4432-886a-0a7a86c1c2f3","local_time":"20191001145642","is_ascension_mode":true,"campfire_choices":[{"data":"Armaments","floor":6,"key":"SMITH"},{"data":"Fiend Fire","floor":8,"key":"SMITH"},{"data":"Barricade","floor":11,"key":"SMITH"},{"data":"Body Slam","floor":15,"key":"SMITH"}],"neow_cost":"NONE","seed_source_timestamp":1047017882595600,"circlet_count":0,"master_deck":["AscendersBane","Strike_R","Strike_R","Strike_R","Strike_R","Strike_R","Defend_R","Defend_R","Defend_R","Defend_R","Bash","Rage","Armaments+1","Barricade+1","Fiend Fire+1","Flash of Steel","Sentinel","Body Slam+1","Ghostly Armor","Body Slam","Impervious","True Grit"],"relics":["Burning Blood","NeowsBlessing","Oddly Smooth Stone","Lantern","Coffee Dripper"],"potions_floor_usage":[13,14,16,18,21],"damage_taken":[{"damage":0,"enemies":"Cultist","floor":1,"turns":1},{"damage":0,"enemies":"Small Slimes","floor":2,"turns":1},{"damage":0,"enemies":"2 Louse","floor":3,"turns":1},{"damage":10,"enemies":"Large Slime","floor":7,"turns":7},{"damage":2,"enemies":"Looter","floor":10,"turns":5},{"damage":13,"enemies":"Gremlin Gang","floor":12,"turns":8},{"damage":0,"enemies":"Blue Slaver","floor":13,"turns":1},{"damage":13,"enemies":"Lagavulin","floor":14,"turns":4},{"damage":25,"enemies":"The Guardian","floor":16,"turns":10},{"damage":0,"enemies":"3 Byrds","floor":18,"turns":2},{"damage":6,"enemies":"Shell Parasite","floor":20,"turns":7},{"damage":99,"enemies":"Chosen and Byrds","floor":21,"turns":7}],"seed_played":"-8929858109029308038","potions_obtained":[{"floor":2,"key":"LiquidBronze"},{"floor":3,"key":"SpeedPotion"},{"floor":10,"key":"GamblersBrew"},{"floor":12,"key":"AttackPotion"},{"floor":13,"key":"AttackPotion"},{"floor":20,"key":"Regen Potion"}],"is_trial":false,"path_per_floor":["M","M","M","?","?","R","M","R","T","M","R","M","M","E","R","B",null,"M","?","M","M"],"character_chosen":"IRONCLAD","items_purchased":[],"campfire_rested":0,"item_purchase_floors":[],"current_hp_per_floor":[78,80,80,80,80,80,76,76,76,80,80,73,79,72,72,53,73,79,64,64,0],"gold":389,"neow_bonus":"THREE_ENEMY_KILL","is_prod":false,"is_daily":false,"chose_seed":false,"campfire_upgraded":4,"win_rate":0,"timestamp":1569938202,"path_taken":["M","M","?","?","?","R","M","R","T","M","R","M","?","E","R","BOSS","M","?","M","M"],"build_version":"2019-07-17","purchased_purges":0,"victory":false,"max_hp_per_floor":[80,80,80,80,80,80,80,80,80,80,80,80,80,80,80,80,80,80,85,85,85],"card_choices":[{"not_picked":["Body Slam","Warcry"],"picked":"Rage","floor":1},{"not_picked":["Warcry","Heavy Blade"],"picked":"Armaments","floor":2},{"not_picked":["Heavy Blade","Perfected Strike"],"picked":"Barricade","floor":3},{"not_picked":["Perfected Strike","Infernal Blade"],"picked":"Sentinel","floor":7},{"not_picked":["Bloodletting","Wild Strike"],"picked":"Body Slam","floor":10},{"not_picked":["Sword Boomerang","True Grit"],"picked":"Ghostly Armor","floor":12},{"not_picked":["Thunderclap","Armaments"],"picked":"Body Slam","floor":13},{"not_picked":["Blood for Blood","Dropkick","Infernal Blade"],"picked":"SKIP","floor":14},{"not_picked":["Fiend Fire","Exhume"],"picked":"Impervious","floor":16},{"not_picked":["Cleave","Thunderclap+1"],"picked":"True Grit","floor":18},{"not_picked":["Pummel","Heavy Blade","Bludgeon"],"picked":"SKIP","floor":20}],"player_experience":219700,"relics_obtained":[{"floor":9,"key":"Oddly Smooth Stone"},{"floor":14,"key":"Lantern"}],"event_choices":[{"damage_healed":0,"gold_gain":0,"player_choice":"Ignored","damage_taken":0,"max_hp_gain":0,"max_hp_loss":0,"event_name":"Liars Game","floor":4,"gold_loss":0},{"damage_healed":0,"gold_gain":0,"player_choice":"2 cards matched","damage_taken":0,"max_hp_gain":0,"max_hp_loss":0,"event_name":"Match and Keep!","floor":5,"gold_loss":0,"cards_obtained":["Fiend Fire","Flash of Steel"]},{"damage_healed":0,"gold_gain":0,"player_choice":"Shed Blood","damage_taken":20,"max_hp_gain":5,"max_hp_loss":0,"event_name":"Forgotten Altar","floor":19,"gold_loss":0}],"is_beta":false,"boss_relics":[{"not_picked":["Eternal Feather","Calling Bell"],"picked":"Coffee Dripper"}],"items_purged_floors":[],"is_endless":false,"potions_floor_spawned":[2,3,10,12,13,20],"killed_by":"Chosen and Byrds","ascension_level":10}