{"gold_per_floor":[114,132,132,148,168,193,205,205,205,238,238,251,251,283,283,380,380,390,400,2,2],"floor_reached":21,"playtime":1078,"items_purged":["Strike_B"],"score":362,"play_id":"0e9c7311-a076-4a4e-bf9a-532eab6dd76f","local_time":"20191003175759","is_ascension_mode":true,"campfire_choices":[{"floor":8,"key":"REST"},{"floor":11,"key":"REST"},{"data":"Hologram","floor":13,"key":"SMITH"},{"floor":15,"key":"REST"}],"neow_cost":"NONE","seed_source_timestamp":14025967120874,"circlet_count":0,"master_deck":["AscendersBane","Strike_B","Strike_B","Strike_B","Defend_B","Defend_B","Defend_B","Defend_B","Zap","Dualcast","Reinforced Body","Doom and Gloom","PanicButton","Streamline","Undo","Redo","White Noise","Sweeping Beam","Coolheaded","Conserve Battery","Hologram+1","Loop","Fission","Defragment+1","Hologram+1","Loop"],"relics":["Cracked Core","PreservedInsect","The Courier","Letter Opener","Pantograph","Mercury Hourglass","Black Star","Calipers"],"potions_floor_usage":[6,16,21],"damage_taken":[{"damage":1,"enemies":"Cultist","floor":1,"turns":3},{"damage":2,"enemies":"Jaw Worm","floor":2,"turns":4},{"damage":0,"enemies":"2 Louse","floor":4,"turns":3},{"damage":1,"enemies":"Looter","floor":5,"turns":4},{"damage":40,"enemies":"Gremlin Nob","floor":6,"turns":5},{"damage":8,"enemies":"Blue Slaver","floor":7,"turns":4},{"damage":17,"enemies":"Lagavulin","floor":10,"turns":5},{"damage":0,"enemies":"3 Louse","floor":12,"turns":3},{"damage":0,"enemies":"Gremlin Nob","floor":14,"turns":3},{"damage":22,"enemies":"Slime Boss","floor":16,"turns":8},{"damage":6,"enemies":"3 Byrds","floor":18,"turns":3},{"damage":34,"enemies":"2 Thieves","floor":19,"turns":4},{"damage":18,"enemies":"Cultist and Chosen","floor":21,"turns":6}],"seed_played":"-2769053047972281082","potions_obtained":[{"floor":1,"key":"Strength Potion"},{"floor":6,"key":"SneckoOil"},{"floor":10,"key":"Block Potion"},{"floor":12,"key":"GamblersBrew"}],"is_trial":false,"path_per_floor":["M","M","?","M","M","E","M","R","T","E","R","M","R","E","R","B",null,"M","M","$","M"],"character_chosen":"DEFECT","items_purchased":["Loop","Calipers","Dexterity Potion"],"campfire_rested":3,"item_purchase_floors":[20,20,20],"current_hp_per_floor":[67,65,65,65,64,24,16,38,38,21,43,43,43,43,65,53,70,64,30,30,12],"gold":2,"neow_bonus":"RANDOM_COMMON_RELIC","is_prod":false,"is_daily":false,"chose_seed":false,"campfire_upgraded":1,"win_rate":0,"timestamp":1570118279,"path_taken":["M","M","?","M","M","E","M","R","T","E","R","M","R","E","R","BOSS","M","M","$","M"],"build_version":"2019-07-17","purchased_purges":1,"victory":false,"max_hp_per_floor":[75,75,75,75,75,75,75,75,75,75,75,75,75,75,75,75,75,75,75,75,75],"card_choices":[{"not_picked":["Reprogram","Go for the Eyes"],"picked":"Reinforced Body","floor":1},{"not_picked":["Hologram","Chaos"],"picked":"Doom and Gloom","floor":2},{"not_picked":["Stack","Gash"],"picked":"Redo","floor":4},{"not_picked":["Hologram","Doom and Gloom"],"picked":"White Noise","floor":5},{"not_picked":["Gash","Meteor Strike"],"picked":"Sweeping Beam","floor":6},{"not_picked":["Chaos","Force Field"],"picked":"Coolheaded","floor":7},{"not_picked":["Streamline","Hyperbeam"],"picked":"Conserve Battery","floor":10},{"not_picked":["Leap","Force Field"],"picked":"Hologram","floor":12},{"not_picked":["Coolheaded","Auto Shields"],"picked":"Loop","floor":14},{"not_picked":["Thunder Strike","Electrodynamics"],"picked":"Fission","floor":16},{"not_picked":["Consume","Sweeping Beam"],"picked":"Defragment+1","floor":18},{"not_picked":["Beam Cell","Streamline+1"],"picked":"Hologram+1","floor":19}],"player_experience":349562,"relics_obtained":[{"floor":6,"key":"The Courier"},{"floor":9,"key":"Letter Opener"},{"floor":10,"key":"Pantograph"},{"floor":14,"key":"Mercury Hourglass"}],"event_choices":[{"damage_healed":0,"gold_gain":0,"player_choice":"3 cards matched","damage_taken":0,"max_hp_gain":0,"max_hp_loss":0,"event_name":"Match and Keep!","floor":3,"gold_loss":0,"cards_obtained":["PanicButton","Streamline","Undo"]}],"is_beta":false,"boss_relics":[{"not_picked":["Velvet Choker","Calling Bell"],"picked":"Black Star"}],"items_purged_floors":[20],"is_endless":false,"potions_floor_spawned":[1,6,10,12],"killed_by":"Cultist and Chosen","ascension_level":12}