{"gold_per_floor":[118,130,130,143,318,352,31,41,64,75,94,94,44,72,72,170,170,183,203,203,217,18,43,58,121,121,121],"floor_reached":27,"playtime":2286,"items_purged":["Doubt"],"score":290,"play_id":"30b94484-7873-43e2-b625-f7b1056e7e23","local_time":"20181202111809","is_ascension_mode":false,"campfire_choices":[{"data":"Neutralize","floor":12,"key":"SMITH"},{"data":"Footwork","floor":15,"key":"SMITH"}],"neow_cost":"NONE","seed_source_timestamp":62791150100704,"circlet_count":0,"master_deck":["Defend_G","Defend_G","Strike_G","Strike_G","Survivor","Neutralize+1","Underhanded Strike","Quick Slash","Calculated Gamble","Acrobatics","Acrobatics","Footwork+1","Die Die Die","Wraith Form v2+1","Accuracy+1","Phantasmal Killer+1","Cloak And Dagger","Flechettes","Caltrops","Blade Dance","Blade Dance+1","Dagger Throw"],"relics":["Cursed Key","Art of War","Omamori","Singing Bowl","Pen Nib","Astrolabe","Membership Card","Mummified Hand","Tiny Chest","Smiling Mask"],"potions_floor_usage":[6,6,14,16,23,25,27],"damage_taken":[{"damage":0,"enemies":"2 Louse","floor":1,"turns":4},{"damage":0,"enemies":"Small Slimes","floor":2,"turns":3},{"damage":0,"enemies":"Jaw Worm","floor":4,"turns":3},{"damage":32,"enemies":"Lagavulin","floor":6,"turns":9},{"damage":0,"enemies":"2 Fungi Beasts","floor":8,"turns":4},{"damage":7,"enemies":"Exordium Thugs","floor":10,"turns":4},{"damage":0,"enemies":"Large Slime","floor":11,"turns":4},{"damage":0,"enemies":"Gremlin Nob","floor":14,"turns":3},{"damage":21,"enemies":"Slime Boss","floor":16,"turns":15},{"damage":0,"enemies":"Shell Parasite","floor":18,"turns":5},{"damage":10,"enemies":"3 Byrds","floor":19,"turns":6},{"damage":4,"enemies":"Centurion and Healer","floor":21,"turns":8},{"damage":18,"enemies":"Book of Stabbing","floor":23,"turns":7},{"damage":10,"enemies":"Snecko","floor":24,"turns":3},{"damage":33,"enemies":"Gremlin Leader","floor":25,"turns":3},{"damage":7,"enemies":"Snake Plant","floor":27,"turns":1}],"seed_played":"1751144407885125112","potions_obtained":[{"floor":2,"key":"Fire Potion"},{"floor":4,"key":"Regen Potion"},{"floor":11,"key":"Fire Potion"},{"floor":14,"key":"AttackPotion"},{"floor":18,"key":"FearPotion"},{"floor":21,"key":"GamblersBrew"},{"floor":23,"key":"LiquidBronze"}],"is_trial":false,"path_per_floor":["M","M","?","M","?","E","$","M","T","M","M","R","?","E","R","B",null,"M","M","?","M","$","E","M","E","T","M"],"character_chosen":"THE_SILENT","items_purchased":["Singing Bowl","Membership Card"],"campfire_rested":0,"item_purchase_floors":[7,22],"current_hp_per_floor":[70,70,63,63,63,46,46,48,48,41,41,41,41,41,41,20,72,74,64,64,60,60,42,34,1,1,0],"gold":121,"neow_bonus":"BOSS_RELIC","is_prod":false,"is_daily":false,"chose_seed":false,"campfire_upgraded":2,"win_rate":0,"timestamp":1543749489,"path_taken":["M","M","?","M","?","E","$","M","T","?","M","R","?","E","R","BOSS","M","M","?","M","$","E","M","E","T","M"],"build_version":"2018-11-15","purchased_purges":1,"victory":false,"max_hp_per_floor":[70,70,70,70,70,70,70,72,72,72,72,72,72,72,72,72,72,74,74,74,74,74,74,76,76,76,76],"card_choices":[{"not_picked":["Dagger Throw","Endless Agony"],"picked":"Underhanded Strike","floor":1},{"not_picked":["Concentrate","Dodge and Roll","Blade Dance"],"picked":"SKIP","floor":2},{"not_picked":["Noxious Fumes","Backflip"],"picked":"Quick Slash","floor":4},{"not_picked":["Expertise","Caltrops"],"picked":"Calculated Gamble","floor":6},{"not_picked":["Accuracy","Deflect","Dodge and Roll"],"picked":"Singing Bowl","floor":8},{"not_picked":["Dodge and Roll","Backflip"],"picked":"Acrobatics","floor":10},{"not_picked":["Deadly Poison","After Image"],"picked":"Acrobatics","floor":11},{"not_picked":["Wraith Form v2","Slice"],"picked":"Footwork","floor":14},{"not_picked":["Glass Knife","Envenom"],"picked":"Die Die Die","floor":16},{"not_picked":["Poisoned Stab+1","Riddle With Holes","PiercingWail"],"picked":"Singing Bowl","floor":18},{"not_picked":["Footwork","Finisher"],"picked":"Cloak And Dagger","floor":19},{"not_picked":["Deadly Poison","Well Laid Plans+1"],"picked":"Blade Dance","floor":21},{"not_picked":["Die Die Die","Bane+1"],"picked":"Blade Dance+1","floor":23},{"not_picked":["Sucker Punch","Slice","Acrobatics"],"picked":"Singing Bowl","floor":24},{"not_picked":["Skewer","Sucker Punch+1"],"picked":"Dagger Throw","floor":25}],"player_experience":179689,"relics_obtained":[{"floor":6,"key":"Omamori"},{"floor":14,"key":"Pen Nib"},{"floor":23,"key":"Mummified Hand"},{"floor":25,"key":"Tiny Chest"},{"floor":26,"key":"Smiling Mask"}],"event_choices":[{"damage_healed":0,"gold_gain":0,"player_choice":"Success","damage_taken":7,"relics_obtained":["Art of War"],"max_hp_gain":0,"max_hp_loss":0,"event_name":"Scrap Ooze","floor":3,"gold_loss":0},{"damage_healed":0,"gold_gain":175,"player_choice":"AGREE","damage_taken":0,"max_hp_gain":0,"max_hp_loss":0,"event_name":"Liars Game","floor":5,"gold_loss":0,"cards_obtained":["Doubt"]},{"cards_removed":["Strike_G"],"damage_healed":0,"gold_gain":0,"player_choice":"Card Removal","damage_taken":0,"max_hp_gain":0,"max_hp_loss":0,"event_name":"The Cleric","floor":13,"gold_loss":50},{"damage_healed":0,"gold_gain":0,"cards_transformed":["Strike_G","Defend_G"],"player_choice":"Became Test Subject","damage_taken":0,"max_hp_gain":0,"max_hp_loss":0,"event_name":"Drug Dealer","floor":20,"gold_loss":0,"cards_obtained":["Flechettes","Caltrops"]}],"is_beta":true,"boss_relics":[{"not_picked":["Snecko Eye","Coffee Dripper"],"picked":"Astrolabe"}],"items_purged_floors":[7],"is_endless":false,"potions_floor_spawned":[2,4,11,14,18,21,23],"killed_by":"Snake Plant","ascension_level":0}