{"gold_per_floor":[110,185,11,11,30,30,30,30,30,54,72,104,104,118,118,118],"floor_reached":16,"playtime":570,"items_purged":[],"score":123,"play_id":"6f3aeb1a-ef63-4a5c-8299-f9d9ef2c2e30","local_time":"20190613154111","is_ascension_mode":true,"campfire_choices":[{"data":"Mayhem","floor":6,"key":"SMITH"},{"data":"Zap","floor":8,"key":"SMITH"},{"data":"Sunder","floor":13,"key":"SMITH"},{"data":"Aggregate","floor":15,"key":"SMITH"}],"neow_cost":"NONE","seed_source_timestamp":77351713424322,"circlet_count":0,"master_deck":["Strike_B","Strike_B","Strike_B","Defend_B","Defend_B","Defend_B","Zap+1","Sunder+1","Mayhem+1","Heatsinks","Echo Form","Conserve Battery","Aggregate+1"],"relics":["Cracked Core","Bottled Flame","Regal Pillow","PreservedInsect"],"potions_floor_usage":[12,16],"damage_taken":[{"damage":0,"enemies":"Small Slimes","floor":1,"turns":4},{"damage":1,"enemies":"2 Louse","floor":5,"turns":2},{"damage":0,"enemies":"Cultist","floor":11,"turns":3},{"damage":5,"enemies":"3 Sentries","floor":12,"turns":3},{"damage":30,"enemies":"Gremlin Gang","floor":14,"turns":4},{"damage":28,"enemies":"Slime Boss","floor":16,"turns":7}],"seed_played":"-295843981236138163","potions_obtained":[{"floor":5,"key":"AttackPotion"},{"floor":11,"key":"EssenceOfSteel"}],"is_trial":false,"path_per_floor":["M","?","$","?","M","R","?","R","T","T","M","E","R","M","R","B"],"character_chosen":"DEFECT","items_purchased":["Mayhem"],"campfire_rested":0,"item_purchase_floors":[3],"current_hp_per_floor":[75,64,64,64,63,63,56,56,56,56,56,51,51,21,21,0],"gold":118,"neow_bonus":"REMOVE_CARD","is_prod":false,"is_daily":false,"chose_seed":false,"campfire_upgraded":4,"win_rate":0,"timestamp":1560436871,"path_taken":["M","?","$","?","M","R","?","R","T","?","?","E","R","M","R","BOSS"],"build_version":"2019-01-23","purchased_purges":0,"victory":false,"max_hp_per_floor":[75,75,75,75,75,75,75,75,75,75,75,75,75,75,75,75],"card_choices":[{"not_picked":["Sweeping Beam","Ball Lightning"],"picked":"Sunder","floor":1},{"not_picked":["Darkness","Stack"],"picked":"Heatsinks","floor":5},{"not_picked":["Rebound","Beam Cell"],"picked":"Echo Form","floor":11},{"not_picked":["Chaos","Beam Cell"],"picked":"Conserve Battery","floor":12},{"not_picked":["Consume","Darkness"],"picked":"Aggregate","floor":14}],"player_experience":258623,"relics_obtained":[{"floor":9,"key":"Bottled Flame"},{"floor":10,"key":"Regal Pillow"},{"floor":12,"key":"PreservedInsect"}],"event_choices":[{"damage_healed":0,"gold_gain":75,"player_choice":"Gather Gold","damage_taken":11,"max_hp_gain":0,"max_hp_loss":0,"event_name":"World of Goop","floor":2,"gold_loss":0},{"cards_removed":["Dualcast"],"damage_healed":0,"gold_gain":0,"player_choice":"Forget","damage_taken":0,"max_hp_gain":0,"max_hp_loss":0,"event_name":"Living Wall","floor":4,"gold_loss":0},{"cards_removed":["Defend_B"],"damage_healed":0,"gold_gain":0,"player_choice":"Card Removal","damage_taken":7,"max_hp_gain":0,"max_hp_loss":0,"event_name":"Golden Wing","floor":7,"gold_loss":0}],"is_beta":false,"boss_relics":[],"items_purged_floors":[],"is_endless":false,"potions_floor_spawned":[5,11],"killed_by":"Slime Boss","ascension_level":5}