{"gold_per_floor":[136,148,187,258,296,296,346,346,346,399,107,117,117,157,157,272,272,309,339,21,37,74,74,103,103,149,183,201,126,126,141,141,237,237,255,355,2,0,0,0,35,35,58,97,97],"floor_reached":45,"playtime":9091,"items_purged":[],"score":743,"play_id":"b03f39b4-e92c-4551-a75a-d709a1529886","local_time":"20190914012310","is_ascension_mode":true,"campfire_choices":[{"floor":6.0,"key":"REST"},{"floor":8.0,"key":"REST"},{"floor":13.0,"key":"REST"},{"floor":15.0,"key":"REST"},{"floor":23.0,"key":"REST"},{"floor":25.0,"key":"REST"},{"floor":30.0,"key":"REST"},{"floor":32.0,"key":"REST"},{"floor":40,"key":"REST"}],"neow_cost":"PERCENT_DAMAGE","seed_source_timestamp":0,"circlet_count":0,"master_deck":["Strike_G","Strike_G","Strike_G","Strike_G","Defend_G","Defend_G","Defend_G","Defend_G","Defend_G","Survivor","Neutralize","HandOfGreed","Deep Breath","Prepared","Adrenaline","Quick Slash","Quick Slash","PiercingWail","Infinite Blades","Endless Agony+1","Footwork","Deflect","Prepared","Glass Knife+1","Deflect","Bouncing Flask","Venomology","Slice+1","Deflect","Cloak And Dagger","The Bomb","Dash+1","Dagger Throw+1","Cloak And Dagger","Calculated Gamble","Setup","Dash+1","Corpse Explosion","Deflect+1","Noxious Fumes+1","Mayhem","Writhe","Underhanded Strike+1","Cloak And Dagger","Sucker Punch+1"],"special_seed":0,"relics":["Ring of the Snake","Kunai","The Courier","Molten Egg 2","TwistedFunnel","Black Star","Letter Opener","Bottled Flame","Snake Skull","Calipers","Gambling Chip","WristBlade","Thread and Needle","Tiny Chest","Vajra","Red Mask","Prayer Wheel","Juzu Bracelet","Bottled Lightning"],"potions_floor_usage":[45,45],"damage_taken":[{"damage":2.0,"enemies":"Cultist","floor":1.0,"turns":4.0},{"damage":1.0,"enemies":"Jaw Worm","floor":2.0,"turns":3.0},{"damage":12.0,"enemies":"Small Slimes","floor":3.0,"turns":2.0},{"damage":6.0,"enemies":"3 Louse","floor":4.0,"turns":3.0},{"damage":0.0,"enemies":"Looter","floor":5.0,"turns":1.0},{"damage":36.0,"enemies":"Lagavulin","floor":7.0,"turns":6.0},{"damage":23.0,"enemies":"Gremlin Nob","floor":10.0,"turns":4.0},{"damage":0.0,"enemies":"Blue Slaver","floor":12.0,"turns":1.0},{"damage":10.0,"enemies":"Exordium Thugs","floor":14.0,"turns":3.0},{"damage":37.0,"enemies":"Hexaghost","floor":16.0,"turns":13.0},{"damage":1.0,"enemies":"Shell Parasite","floor":18.0,"turns":3.0},{"damage":0.0,"enemies":"3 Byrds","floor":19.0,"turns":7.0},{"damage":4.0,"enemies":"Cultist and Chosen","floor":21.0,"turns":5.0},{"damage":23.0,"enemies":"Snake Plant","floor":22.0,"turns":4.0},{"damage":34.0,"enemies":"Gremlin Leader","floor":24.0,"turns":6.0},{"damage":17.0,"enemies":"Slavers","floor":27.0,"turns":5.0},{"damage":19.0,"enemies":"Snecko","floor":28.0,"turns":4.0},{"damage":10.0,"enemies":"Sentry and Sphere","floor":31.0,"turns":4.0},{"damage":27.0,"enemies":"Collector","floor":33.0,"turns":11.0},{"damage":0.0,"enemies":"3 Darklings","floor":35.0,"turns":2.0},{"damage":17.0,"enemies":"Mind Bloom Boss Battle","floor":36.0,"turns":8.0},{"damage":61,"enemies":"Reptomancer","floor":41,"turns":6},{"damage":0,"enemies":"3 Shapes","floor":44,"turns":4},{"damage":35,"enemies":"Transient","floor":45,"turns":5}],"seed_played":"-260798905724253869","potions_obtained":[{"floor":2.0,"key":"Energy Potion"},{"floor":10.0,"key":"GhostInAJar"},{"floor":12.0,"key":"Weak Potion"},{"floor":16.0,"key":"FairyPotion"},{"floor":19.0,"key":"SneckoOil"},{"floor":21.0,"key":"Poison Potion"},{"floor":24.0,"key":"Explosive Potion"},{"floor":31.0,"key":"GhostInAJar"},{"floor":35.0,"key":"Explosive Potion"},{"floor":44,"key":"EssenceOfSteel"}],"is_trial":false,"path_per_floor":["M","M","M","M","M","R","E","R","T","E","$","M","R","M","R","B",null,"M","M","$","M","M","R","E","R","T","E","M","?","R","M","R","B",null,"M","?","$","?","?","R","E","T","T","M","M"],"character_chosen":"THE_SILENT","items_purchased":["TwistedFunnel","Footwork","Regen Potion","AttackPotion","Venomology","Slice+1","Deflect","Cloak And Dagger","The Bomb","Tiny Chest","Mayhem","Vajra"],"campfire_rested":9,"item_purchase_floors":[11,11,11,11,20,20,20,20,20,37,37,37],"current_hp_per_floor":[43,42,30,24,24,45,9,30,30,7,7,7,28,18,39,2,53,52,52,52,48,25,46,12,33,33,16,7,7,28,18,39,12,56,56,39,39,39,57,70,9,9,9,9,0],"gold":97,"neow_bonus":"RANDOM_COLORLESS_2","is_prod":false,"is_daily":false,"chose_seed":false,"campfire_upgraded":0,"win_rate":0,"timestamp":1568438590,"path_taken":["M","M","M","?","M","R","E","R","T","E","$","M","R","M","R","BOSS","M","M","$","M","?","R","E","R","T","E","M","?","R","M","R","BOSS","M","?","$","?","?","R","E","?","T","M","M"],"build_version":"2019-07-17","purchased_purges":0,"victory":false,"max_hp_per_floor":[70,70,70,70,70,70,70,70,70,70,70,70,70,70,70,70,70,70,70,70,70,70,70,70,70,70,70,70,70,70,70,70,70,70,70,70,70,70,70,70,70,70,70,70,70],"card_choices":[{"not_picked":["Slice","Deflect"],"picked":"Prepared","floor":1.0},{"not_picked":["Sucker Punch","Finisher"],"picked":"Adrenaline","floor":2.0},{"not_picked":["Poisoned Stab","Expertise"],"picked":"Quick Slash","floor":3.0},{"not_picked":["Catalyst","Dagger Spray"],"picked":"Quick Slash","floor":4.0},{"not_picked":["Deflect","Doppelganger"],"picked":"PiercingWail","floor":5.0},{"not_picked":["Blade Dance","Backflip"],"picked":"Infinite Blades","floor":7.0},{"not_picked":["Terror","Catalyst"],"picked":"Endless Agony","floor":10.0},{"not_picked":["Acrobatics","Deadly Poison"],"picked":"Deflect","floor":12.0},{"not_picked":["Envenom","Concentrate"],"picked":"Prepared","floor":14.0},{"not_picked":["Grand Finale+1","Envenom"],"picked":"Glass Knife+1","floor":16.0},{"not_picked":["PiercingWail","Tactician"],"picked":"Deflect","floor":18.0},{"not_picked":["Poisoned Stab+1","Outmaneuver"],"picked":"Bouncing Flask","floor":19.0},{"not_picked":["Sucker Punch+1","Blur"],"picked":"Dash+1","floor":21.0},{"not_picked":["Dagger Spray+1","Quick Slash+1"],"picked":"Dagger Throw+1","floor":22.0},{"not_picked":["Dodge and Roll","Quick Slash+1"],"picked":"Cloak And Dagger","floor":24.0},{"not_picked":["Deadly Poison+1","Setup+1"],"picked":"Calculated Gamble","floor":27.0},{"not_picked":["Flying Knee+1","Dagger Throw+1"],"picked":"Setup","floor":28.0},{"not_picked":["Acrobatics","Dagger Spray+1"],"picked":"Dash+1","floor":31.0},{"not_picked":["Night Terror","Die Die Die+1"],"picked":"Corpse Explosion","floor":33.0},{"not_picked":["PiercingWail","Sucker Punch+1"],"picked":"Deflect+1","floor":35.0},{"not_picked":["Terror+1","Acrobatics+1"],"picked":"Noxious Fumes+1","floor":36.0},{"not_picked":["Poisoned Stab+1","Distraction"],"picked":"Underhanded Strike+1","floor":41},{"not_picked":["Deflect","Predator+1"],"picked":"Cloak And Dagger","floor":44},{"not_picked":["Infinite Blades","Bane+1"],"picked":"Sucker Punch+1","floor":44}],"player_experience":586717,"relics_obtained":[{"floor":7.0,"key":"Kunai"},{"floor":9.0,"key":"The Courier"},{"floor":10.0,"key":"Molten Egg 2"},{"floor":24.0,"key":"Letter Opener"},{"floor":24.0,"key":"Bottled Flame"},{"floor":26.0,"key":"Snake Skull"},{"floor":27.0,"key":"Calipers"},{"floor":27.0,"key":"Gambling Chip"},{"floor":36.0,"key":"Thread and Needle"},{"floor":41,"key":"Prayer Wheel"},{"floor":41,"key":"Juzu Bracelet"},{"floor":42,"key":"Bottled Lightning"}],"event_choices":[{"cards_removed":["Strike_G"],"damage_healed":0.0,"max_hp_gain":0.0,"max_hp_loss":0.0,"gold_gain":0.0,"event_name":"Beggar","player_choice":"Gave Gold","floor":29.0,"gold_loss":75.0,"damage_taken":0.0},{"damage_healed":0.0,"max_hp_gain":0.0,"max_hp_loss":0.0,"gold_gain":0.0,"event_name":"MindBloom","player_choice":"Fight","floor":36.0,"gold_loss":0.0,"damage_taken":0.0},{"damage_healed":0,"gold_gain":0,"player_choice":"Paid","damage_taken":0,"relics_obtained":["Red Mask"],"max_hp_gain":0,"max_hp_loss":0,"event_name":"Tomb of Lord Red Mask","floor":38,"gold_loss":2},{"damage_healed":18,"gold_gain":0,"player_choice":"Writhe","damage_taken":0,"max_hp_gain":0,"max_hp_loss":0,"event_name":"Winding Halls","floor":39,"gold_loss":0,"cards_obtained":["Writhe"]}],"is_beta":false,"boss_relics":[{"not_picked":["Eternal Feather","Orrery"],"picked":"Black Star"},{"not_picked":["Calling Bell","Fusion Hammer"],"picked":"WristBlade"}],"items_purged_floors":[],"is_endless":false,"potions_floor_spawned":[2,10,12,16,19,21,24,31,35,44],"killed_by":"Transient","ascension_level":7}