{"gold_per_floor":[116,116,129,54,74,74,108,108,108,108,58,83,140,90,90,193,193,204,204,204,204,216,216,245,278,278,228,228,33,48,67,67,162,162,181,91,110,123,140,140,49,49,117,117,117,132,132,152,152,152],"floor_reached":51,"playtime":2081,"items_purged":["Strike_R","Strike_R","Strike_R","Defend_R","Defend_R"],"score":915,"play_id":"f2481ec2-dc02-4afa-a5c8-8ba3f6918d9c","local_time":"20190904165759","is_ascension_mode":true,"campfire_choices":[{"data":"Bludgeon","floor":6,"key":"SMITH"},{"data":"Pommel Strike","floor":8,"key":"SMITH"},{"data":"Corruption","floor":10,"key":"SMITH"},{"data":"Thunderclap","floor":15,"key":"SMITH"},{"data":"Feed","floor":23,"key":"SMITH"},{"data":"Bite","floor":28,"key":"SMITH"},{"data":"Demon Form","floor":32,"key":"SMITH"},{"data":"Bludgeon","floor":40,"key":"SMITH"},{"data":"Flame Barrier","floor":42,"key":"SMITH"},{"data":"Burning Pact","floor":44,"key":"SMITH"},{"data":"Violence","floor":49,"key":"SMITH"}],"neow_cost":"NONE","seed_source_timestamp":1739007927945851,"circlet_count":0,"master_deck":["Defend_R","Bash+1","Pommel Strike+1","Bludgeon+1","Corruption+1","Thunderclap+1","Feed+1","Thunderclap","Bite+1","Bite+1","Bite","Bite","Bite","Shrug It Off+1","Ghostly Armor+1","Burning Pact+1","Demon Form+1","Bludgeon+1","Dropkick+1","Heavy Blade+1","Flame Barrier+1","Violence+1","Magnetism","Heavy Blade"],"relics":["Sozu","Paper Frog","Smiling Mask","Potion Belt","Tiny Chest","Snecko Eye","Nunchaku","Red Mask","Orichalcum","Kunai","Membership Card","Eternal Feather","The Courier","Letter Opener"],"potions_floor_usage":[],"damage_taken":[{"damage":7,"enemies":"Jaw Worm","floor":1,"turns":3},{"damage":0,"enemies":"Cultist","floor":3,"turns":2},{"damage":4,"enemies":"Small Slimes","floor":5,"turns":2},{"damage":2,"enemies":"Gremlin Nob","floor":7,"turns":3},{"damage":15,"enemies":"Lagavulin","floor":13,"turns":3},{"damage":21,"enemies":"Slime Boss","floor":16,"turns":9},{"damage":0,"enemies":"Spheric Guardian","floor":18,"turns":2},{"damage":17,"enemies":"2 Thieves","floor":22,"turns":3},{"damage":24,"enemies":"Masked Bandits","floor":24,"turns":3},{"damage":26,"enemies":"Slavers","floor":25,"turns":5},{"damage":2,"enemies":"Snake Plant","floor":30,"turns":2},{"damage":0,"enemies":"Snecko","floor":31,"turns":3},{"damage":40,"enemies":"Collector","floor":33,"turns":6},{"damage":4,"enemies":"Orb Walker","floor":35,"turns":3},{"damage":9,"enemies":"3 Darklings","floor":37,"turns":2},{"damage":23,"enemies":"Writhing Mass","floor":38,"turns":3},{"damage":14,"enemies":"4 Shapes","floor":39,"turns":3},{"damage":0,"enemies":"Transient","floor":46,"turns":5},{"damage":11,"enemies":"Jaw Worm Horde","floor":48,"turns":4},{"damage":94,"enemies":"Awakened One","floor":50,"turns":7}],"seed_played":"-1672480717729341152","potions_obtained":[],"is_trial":false,"path_per_floor":["M","?","M","$","M","R","E","R","T","R","$","T","E","$","R","B",null,"M","?","?","T","M","R","?","E","T","$","R","$","M","M","R","B",null,"M","?","M","M","M","R","$","R","T","R","T","M","?","M","R","B",null],"character_chosen":"IRONCLAD","items_purchased":["Membership Card","Flame Barrier"],"campfire_rested":0,"item_purchase_floors":[29,41],"current_hp_per_floor":[65,65,65,65,61,61,59,59,59,59,59,59,44,44,44,23,66,66,56,56,56,45,45,33,21,21,21,21,21,27,42,42,17,55,58,58,63,51,49,61,61,73,73,76,76,76,66,67,79,14],"gold":152,"neow_bonus":"BOSS_RELIC","is_prod":false,"is_daily":false,"chose_seed":false,"campfire_upgraded":11,"win_rate":0,"timestamp":1567612679,"path_taken":["M","?","?","?","M","R","E","R","T","R","$","?","E","$","R","BOSS","M","?","?","?","?","R","?","E","T","$","R","$","M","M","R","BOSS","M","?","?","M","M","R","$","R","T","R","?","M","?","M","R","BOSS"],"build_version":"2019-07-17","purchased_purges":5,"victory":true,"max_hp_per_floor":[80,80,80,80,80,80,80,80,80,80,80,80,80,80,80,80,80,80,56,56,56,56,56,60,60,60,60,60,60,64,68,68,68,68,68,68,72,72,76,76,76,76,76,76,76,76,76,80,80,80],"card_choices":[{"not_picked":["Hemokinesis","Sword Boomerang"],"picked":"Heavy Blade","floor":1},{"not_picked":["Twin Strike","Clothesline"],"picked":"Pommel Strike","floor":3},{"not_picked":["Sever Soul","Twin Strike"],"picked":"Bludgeon","floor":5},{"not_picked":["Havoc","Evolve"],"picked":"Corruption","floor":7},{"not_picked":["Armaments","Perfected Strike"],"picked":"Thunderclap","floor":13},{"not_picked":["Immolate","Berserk"],"picked":"Feed","floor":16},{"not_picked":["Clash","Cleave"],"picked":"Thunderclap","floor":18},{"not_picked":["Hemokinesis","Intimidate","Body Slam"],"picked":"SKIP","floor":22},{"not_picked":["Flex","Wild Strike"],"picked":"Shrug It Off+1","floor":24},{"not_picked":["Juggernaut","Cleave+1"],"picked":"Ghostly Armor+1","floor":25},{"not_picked":["Body Slam","Armaments"],"picked":"Burning Pact","floor":30},{"not_picked":["Fire Breathing","Havoc"],"picked":"Demon Form","floor":31},{"not_picked":["Double Tap","Dark Embrace"],"picked":"Bludgeon","floor":33},{"not_picked":["Iron Wave","True Grit"],"picked":"Dropkick+1","floor":35},{"not_picked":["Feed","Armaments+1"],"picked":"Heavy Blade+1","floor":37},{"not_picked":["Warcry","Twin Strike+1","Rupture+1"],"picked":"SKIP","floor":38},{"not_picked":["Thunderclap+1","Metallicize","Perfected Strike"],"picked":"SKIP","floor":39},{"not_picked":["Flex+1","Entrench","Headbutt"],"picked":"SKIP","floor":46},{"not_picked":["Secret Technique","Bandage Up"],"picked":"Violence","floor":47},{"not_picked":["Finesse","Secret Technique"],"picked":"Magnetism","floor":47},{"not_picked":["Dropkick+1","Perfected Strike+1"],"picked":"Heavy Blade","floor":48}],"player_experience":335693,"relics_obtained":[{"floor":7,"key":"Paper Frog"},{"floor":9,"key":"Smiling Mask"},{"floor":12,"key":"Potion Belt"},{"floor":13,"key":"Tiny Chest"},{"floor":21,"key":"Nunchaku"},{"floor":24,"key":"Red Mask"},{"floor":25,"key":"Orichalcum"},{"floor":26,"key":"Kunai"},{"floor":43,"key":"The Courier"},{"floor":45,"key":"Letter Opener"}],"event_choices":[{"damage_healed":0,"gold_gain":0,"player_choice":"Upgraded","damage_taken":0,"max_hp_gain":0,"max_hp_loss":0,"event_name":"Upgrade Shrine","floor":2,"gold_loss":0,"cards_upgraded":["Bash"]},{"damage_healed":0,"gold_gain":0,"player_choice":"Became a vampire","damage_taken":0,"max_hp_gain":0,"max_hp_loss":24,"event_name":"Vampires","floor":19,"gold_loss":0,"cards_obtained":["Bite","Bite","Bite","Bite","Bite"]},{"cards_removed":["Heavy Blade"],"damage_healed":0,"gold_gain":0,"player_choice":"Elegance","damage_taken":0,"max_hp_gain":0,"max_hp_loss":0,"event_name":"Back to Basics","floor":20,"gold_loss":0},{"damage_healed":0,"gold_gain":0,"player_choice":"Fought Bandits","damage_taken":0,"max_hp_gain":0,"max_hp_loss":0,"event_name":"Masked Bandits","floor":24,"gold_loss":0},{"cards_removed":["Defend_R"],"damage_healed":0,"gold_gain":0,"player_choice":"Upgrade and Remove","damage_taken":0,"max_hp_gain":0,"max_hp_loss":0,"event_name":"Designer","floor":36,"gold_loss":90,"cards_upgraded":["Bite"]},{"damage_healed":0,"gold_gain":0,"player_choice":"Memory 3","damage_taken":10,"max_hp_gain":0,"max_hp_loss":0,"event_name":"SensoryStone","floor":47,"gold_loss":0}],"is_beta":false,"boss_relics":[{"not_picked":["White Beast Statue","Ectoplasm"],"picked":"Snecko Eye"},{"not_picked":["Tiny House","Fusion Hammer"],"picked":"Eternal Feather"}],"items_purged_floors":[4,11,14,27,41],"is_endless":false,"potions_floor_spawned":[1,5,13,25,35,37],"ascension_level":6}