{"gold_per_floor":[116,126,126,126,145,175,175,186,186,186,202,212,99,132,132,230,230,247,257,273,198,198,198],"floor_reached":23,"playtime":2457,"items_purged":["Strike_B"],"score":244,"play_id":"484b8002-9a11-48dc-8914-006ffb5384af","local_time":"20190102003231","is_ascension_mode":true,"campfire_choices":[{"floor":7,"key":"REST"},{"data":"Dualcast","floor":15,"key":"SMITH"}],"neow_cost":"NONE","seed_source_timestamp":9675829631502,"circlet_count":0,"master_deck":["Strike_B","Strike_B+1","Defend_B","Defend_B","Defend_B+1","Zap+1","Dualcast+1","Hologram","Cold Snap","Leap","Steam","Genetic Algorithm","Fusion","Cold Snap","All For One","FTL","Stack","Buffer","Conserve Battery","Hologram","Cold Snap","Echo Form","Hologram","Stack","Steam Power+1","Double Energy"],"relics":["Cracked Core","Oddly Smooth Stone","Shuriken","Dodecahedron","Orrery"],"potions_floor_usage":[14,16,16,16,16,18,19,23],"damage_taken":[{"damage":0,"enemies":"Cultist","floor":1,"turns":4},{"damage":0,"enemies":"2 Louse","floor":2,"turns":2},{"damage":0,"enemies":"Jaw Worm","floor":5,"turns":3},{"damage":28,"enemies":"Gremlin Nob","floor":6,"turns":4},{"damage":6,"enemies":"Looter","floor":8,"turns":4},{"damage":4,"enemies":"2 Fungi Beasts","floor":11,"turns":5},{"damage":0,"enemies":"3 Louse","floor":12,"turns":4},{"damage":2,"enemies":"3 Sentries","floor":14,"turns":8},{"damage":37,"enemies":"Hexaghost","floor":16,"turns":16},{"damage":3,"enemies":"3 Byrds","floor":18,"turns":6},{"damage":0,"enemies":"Spheric Guardian","floor":19,"turns":3},{"damage":21,"enemies":"Chosen and Byrds","floor":20,"turns":9},{"damage":42,"enemies":"Slavers","floor":23,"turns":3}],"seed_played":"6795289383029706646","potions_obtained":[{"floor":2,"key":"Dexterity Potion"},{"floor":8,"key":"EntropicBrew"},{"floor":11,"key":"AttackPotion"},{"floor":16,"key":"Explosive Potion"},{"floor":18,"key":"Dexterity Potion"}],"is_trial":false,"path_per_floor":["M","M","?","?","M","E","R","M","T","?","M","M","$","E","R","B",null,"M","M","M","?","?","E"],"character_chosen":"DEFECT","items_purchased":["FTL"],"campfire_rested":1,"item_purchase_floors":[13],"current_hp_per_floor":[75,75,60,60,60,32,54,48,48,48,44,44,44,42,42,5,75,72,72,51,51,37,0],"gold":198,"neow_bonus":"RANDOM_COMMON_RELIC","is_prod":false,"is_daily":false,"chose_seed":false,"campfire_upgraded":1,"win_rate":0,"timestamp":1546407151,"path_taken":["M","?","?","?","M","E","R","M","T","?","M","?","$","E","R","BOSS","M","M","M","?","?","E"],"build_version":"2018-12-20","purchased_purges":1,"victory":false,"max_hp_per_floor":[75,75,75,75,75,75,75,75,75,75,75,75,75,75,75,75,75,75,75,75,75,80,80],"card_choices":[{"not_picked":["Gash","Beam Cell"],"picked":"Hologram","floor":1},{"not_picked":["FTL","Sweeping Beam"],"picked":"Cold Snap","floor":2},{"not_picked":["Melter","Force Field"],"picked":"Leap","floor":5},{"not_picked":["Streamline","Rebound"],"picked":"Steam","floor":6},{"not_picked":["Blizzard","Recycle"],"picked":"Genetic Algorithm","floor":8},{"not_picked":["Beam Cell","Self Repair"],"picked":"Cold Snap","floor":11},{"not_picked":["Gash","Leap"],"picked":"All For One","floor":12},{"not_picked":["Skim","Turbo"],"picked":"Stack","floor":14},{"not_picked":["Meteor Strike","All For One"],"picked":"Buffer","floor":16},{"not_picked":["Melter","Leap"],"picked":"Conserve Battery","floor":17},{"not_picked":["Steam","Chill"],"picked":"Hologram","floor":17},{"not_picked":["Beam Cell","Double Energy"],"picked":"Cold Snap","floor":17},{"not_picked":["Force Field","Melter"],"picked":"Echo Form","floor":17},{"not_picked":["Streamline","Sweeping Beam"],"picked":"Hologram","floor":17},{"not_picked":["Compile Driver","Streamline"],"picked":"Stack","floor":18},{"not_picked":["Force Field","Go for the Eyes"],"picked":"Steam Power+1","floor":19},{"not_picked":["Rebound+1","Cold Snap"],"picked":"Double Energy","floor":20}],"player_experience":318368,"relics_obtained":[{"floor":6,"key":"Shuriken"},{"floor":14,"key":"Dodecahedron"}],"event_choices":[{"damage_healed":0,"gold_gain":0,"player_choice":"Entered Light","damage_taken":15,"max_hp_gain":0,"max_hp_loss":0,"event_name":"Shining Light","floor":3,"gold_loss":0,"cards_upgraded":["Strike_B","Defend_B"]},{"damage_healed":0,"gold_gain":0,"player_choice":"Grow","damage_taken":0,"max_hp_gain":0,"max_hp_loss":0,"event_name":"Living Wall","floor":4,"gold_loss":0,"cards_upgraded":["Zap"]},{"damage_healed":0,"gold_gain":0,"cards_transformed":["Strike_B"],"player_choice":"Transformed","damage_taken":0,"max_hp_gain":0,"max_hp_loss":0,"event_name":"Transmorgrifier","floor":10,"gold_loss":0,"cards_obtained":["Fusion"]},{"cards_removed":["Defend_B"],"damage_healed":0,"gold_gain":0,"player_choice":"Gave Gold","damage_taken":0,"max_hp_gain":0,"max_hp_loss":0,"event_name":"Beggar","floor":21,"gold_loss":75},{"damage_healed":0,"gold_gain":0,"player_choice":"Shed Blood","damage_taken":19,"max_hp_gain":5,"max_hp_loss":0,"event_name":"Forgotten Altar","floor":22,"gold_loss":0}],"is_beta":false,"boss_relics":[{"not_picked":["Cursed Key","Philosopher\u0027s Stone"],"picked":"Orrery"}],"items_purged_floors":[13],"is_endless":false,"potions_floor_spawned":[2,8,11,16,18],"killed_by":"Slavers","ascension_level":4}