{"path_per_floor":["M","M","M","M","?","E","R","?","T","?","E","$","M","E","R","B",null,"M","M","$","?","M"],"character_chosen":"THE_SILENT","items_purchased":["Blade Dance","Strawberry","Vajra"],"gold_per_floor":[110,127,140,151,251,279,279,279,279,279,317,61,81,120,120,239,239,253,268,18,18,41,41],"floor_reached":23,"campfire_rested":0,"playtime":2374,"item_purchase_floors":[12,12,20],"current_hp_per_floor":[70,70,67,67,67,38,38,43,43,43,34,41,41,31,31,31,82,60,43,43,43,18,0],"items_purged":["Injury","Strike_G"],"gold":41,"score":261,"play_id":"6da8e81e-a72d-41a6-834f-c7a847421ae4","local_time":"20180626195212","is_prod":false,"is_daily":false,"chose_seed":false,"is_ascension_mode":false,"campfire_upgraded":2,"win_rate":0.0,"timestamp":1530039132,"campfire_choices":[{"data":"Infinite Blades","floor":7,"key":"SMITH"},{"data":"Terror","floor":15,"key":"SMITH"}],"path_taken":["M","M","?","M","?","E","R","?","T","?","E","?","M","E","R","BOSS","M","M","$","?","M","E"],"build_version":"2018-06-21","seed_source_timestamp":327792382465082,"purchased_purges":2,"circlet_count":0,"victory":false,"master_deck":["Defend_G","Defend_G","Defend_G","Defend_G","Defend_G","Strike_G","Strike_G","Strike_G","Strike_G","Survivor","Neutralize","Prepared","Terror+1","Underhanded Strike","Caltrops","Infinite Blades+1","Sucker Punch","Blade Dance","Dagger Spray","Dagger Spray","Envenom","Finisher+1","Underhanded Strike+1","Endless Agony+1"],"max_hp_per_floor":[70,70,70,70,70,70,70,75,75,75,75,82,82,82,82,82,82,82,82,82,82,82,82],"relics":["Ring of the Snake","Boot","Bottled Flame","Golden Idol","Calipers","Strawberry","The Specimen","Sozu","Vajra"],"card_choices":[{"not_picked":["Acrobatics","Masterful Stab"],"picked":"Prepared","floor":1},{"not_picked":["Predator","Calculated Gamble"],"picked":"Terror","floor":2},{"not_picked":["Deadly Poison","Bullet Time"],"picked":"Underhanded Strike","floor":3},{"not_picked":["PiercingWail","Acrobatics"],"picked":"Caltrops","floor":4},{"not_picked":["Slice","Choke"],"picked":"Infinite Blades","floor":6},{"not_picked":["Poisoned Stab","Heel Hook"],"picked":"Sucker Punch","floor":11},{"not_picked":["Deadly Poison","Quick Slash"],"picked":"Dagger Spray","floor":13},{"not_picked":["PiercingWail","Die Die Die"],"picked":"Dagger Spray","floor":14},{"not_picked":["Adrenaline","Night Terror"],"picked":"Envenom","floor":16},{"not_picked":["Dagger Throw+1","Flying Knee"],"picked":"Finisher+1","floor":18},{"not_picked":["Sucker Punch","Skewer"],"picked":"Underhanded Strike+1","floor":19},{"not_picked":["Reflex","Quick Slash"],"picked":"Endless Agony+1","floor":22}],"player_experience":5008,"potions_floor_usage":[6,6,16,16],"damage_taken":[{"damage":0,"enemies":"Cultist","floor":1,"turns":4},{"damage":0,"enemies":"2 Louse","floor":2,"turns":3},{"damage":3,"enemies":"Jaw Worm","floor":3,"turns":5},{"damage":0,"enemies":"Blue Slaver","floor":4,"turns":5},{"damage":29,"enemies":"Gremlin Nob","floor":6,"turns":3},{"damage":9,"enemies":"3 Sentries","floor":11,"turns":8},{"damage":0,"enemies":"3 Louse","floor":13,"turns":4},{"damage":10,"enemies":"Gremlin Nob","floor":14,"turns":3},{"damage":0,"enemies":"Hexaghost","floor":16,"turns":8},{"damage":22,"enemies":"Chosen","floor":18,"turns":4},{"damage":17,"enemies":"Spheric Guardian","floor":19,"turns":4},{"damage":25,"enemies":"Centurion and Healer","floor":22,"turns":4},{"damage":19,"enemies":"Book of Stabbing","floor":23,"turns":3}],"relics_obtained":[{"floor":6,"key":"Boot"},{"floor":9,"key":"Bottled Flame"},{"floor":11,"key":"Calipers"},{"floor":14,"key":"The Specimen"}],"event_choices":[{"event_name":"Golden Shrine","player_choice":"Pray","floor":5,"damage_taken":0},{"event_name":"Big Fish","player_choice":"Donut","floor":8,"damage_taken":0},{"event_name":"Golden Idol","player_choice":"Take Wound","floor":10,"damage_taken":0},{"event_name":"Addict","player_choice":"Ignored","floor":21,"damage_taken":0}],"boss_relics":[{"not_picked":["Ectoplasm","Cursed Key"],"picked":"Sozu"}],"items_purged_floors":[12,20],"is_endless":false,"potions_floor_spawned":[2,3,4,6,18,19],"seed_played":"4137801696716003082","killed_by":"Book of Stabbing","ascension_level":0,"potions_obtained":[{"floor":2,"key":"Strength Potion"},{"floor":3,"key":"SpeedPotion"},{"floor":4,"key":"LiquidBronze"},{"floor":6,"key":"EssenceOfSteel"}],"is_trial":false}