{"gold_per_floor":[116,65,79,79,79,141,141,160,186,215,264,314,314,333,333,429,429,429,429,429,429,429,429],"floor_reached":23,"playtime":852,"items_purged":[],"score":318,"play_id":"eaf9bcfd-8d83-4cec-bb45-e81fbebf11af","local_time":"20191003173951","is_ascension_mode":true,"campfire_choices":[{"data":"Hyperbeam","floor":7,"key":"SMITH"},{"floor":13,"key":"REST"},{"floor":15,"key":"REST"}],"neow_cost":"NONE","seed_source_timestamp":13163647156065,"circlet_count":0,"master_deck":["AscendersBane","Strike_B","Strike_B","Strike_B","Defend_B","Defend_B","Defend_B","Defend_B","Zap","Dualcast","Hyperbeam+1","Steam","Gash","Gash","Steam","Genetic Algorithm","Go for the Eyes","All For One","Sweeping Beam+1","White Noise+1","Genetic Algorithm","Steam"],"relics":["Cracked Core","Tiny Chest","DataDisk","Vajra","Dream Catcher","Potion Belt","Ectoplasm","Red Mask"],"potions_floor_usage":[16,23,23,23],"damage_taken":[{"damage":0,"enemies":"Cultist","floor":1,"turns":3},{"damage":0,"enemies":"2 Louse","floor":3,"turns":2},{"damage":5,"enemies":"3 Sentries","floor":6,"turns":3},{"damage":0,"enemies":"Small Slimes","floor":8,"turns":2},{"damage":37,"enemies":"Lagavulin","floor":10,"turns":6},{"damage":7,"enemies":"Blue Slaver","floor":14,"turns":2},{"damage":34,"enemies":"Slime Boss","floor":16,"turns":11},{"damage":3,"enemies":"3 Byrds","floor":18,"turns":3},{"damage":0,"enemies":"Masked Bandits","floor":19,"turns":1},{"damage":5,"enemies":"Spheric Guardian","floor":20,"turns":3},{"damage":29,"enemies":"Snake Plant","floor":22,"turns":5},{"damage":28,"enemies":"Book of Stabbing","floor":23,"turns":5}],"seed_played":"5386602068365044524","potions_obtained":[{"floor":1,"key":"Swift Potion"},{"floor":8,"key":"Energy Potion"},{"floor":14,"key":"PowerPotion"},{"floor":20,"key":"EssenceOfSteel"}],"is_trial":false,"path_per_floor":["M","$","M","?","?","E","R","M","T","E","T","T","R","M","R","B",null,"M","?","M","?","M","E"],"character_chosen":"DEFECT","items_purchased":["Gash"],"campfire_rested":2,"item_purchase_floors":[2],"current_hp_per_floor":[68,68,68,61,61,56,56,56,56,19,19,19,41,34,56,22,62,59,59,54,54,25,0],"gold":429,"neow_bonus":"ONE_RANDOM_RARE_CARD","is_prod":false,"is_daily":false,"chose_seed":false,"campfire_upgraded":1,"win_rate":0,"timestamp":1570117191,"path_taken":["M","$","?","?","?","E","R","M","T","E","?","?","R","M","R","BOSS","M","?","M","?","?","E"],"build_version":"2019-07-17","purchased_purges":0,"victory":false,"max_hp_per_floor":[75,75,75,75,75,75,75,75,75,75,75,75,75,75,75,75,75,75,75,75,75,75,75],"card_choices":[{"not_picked":["Reprogram","Hello World"],"picked":"Steam","floor":1},{"not_picked":["Streamline","Sweeping Beam"],"picked":"Gash","floor":3},{"not_picked":["Redo","Streamline","Compile Driver"],"picked":"SKIP","floor":6},{"not_picked":["Coolheaded","Streamline","Storm"],"picked":"SKIP","floor":8},{"not_picked":["Chaos","Lockon"],"picked":"Steam","floor":10},{"not_picked":["Capacitor","Go for the Eyes"],"picked":"Genetic Algorithm","floor":13},{"not_picked":["Tempest","Ball Lightning","Darkness"],"picked":"SKIP","floor":14},{"not_picked":["Scrape","Blizzard"],"picked":"Go for the Eyes","floor":15},{"not_picked":["Buffer","Rainbow"],"picked":"All For One","floor":16},{"not_picked":["Consume+1","Ball Lightning+1"],"picked":"Sweeping Beam+1","floor":18},{"not_picked":["Stack","Leap"],"picked":"White Noise+1","floor":19},{"not_picked":["Lockon","Static Discharge"],"picked":"Genetic Algorithm","floor":20},{"not_picked":["Glacier","Double Energy"],"picked":"Steam","floor":22}],"player_experience":348710,"relics_obtained":[{"floor":6,"key":"Tiny Chest"},{"floor":9,"key":"DataDisk"},{"floor":10,"key":"Vajra"},{"floor":11,"key":"Dream Catcher"},{"floor":12,"key":"Potion Belt"},{"floor":19,"key":"Red Mask"}],"event_choices":[{"cards_removed":["Strike_B"],"damage_healed":0,"gold_gain":0,"player_choice":"Card Removal","damage_taken":7,"max_hp_gain":0,"max_hp_loss":0,"event_name":"Golden Wing","floor":4,"gold_loss":0},{"damage_healed":0,"gold_gain":0,"player_choice":"Ignored","damage_taken":0,"max_hp_gain":0,"max_hp_loss":0,"event_name":"Liars Game","floor":5,"gold_loss":0},{"damage_healed":0,"gold_gain":0,"player_choice":"Fought Bandits","damage_taken":0,"max_hp_gain":0,"max_hp_loss":0,"event_name":"Masked Bandits","floor":19,"gold_loss":0},{"damage_healed":0,"gold_gain":0,"player_choice":"Ignored","damage_taken":0,"max_hp_gain":0,"max_hp_loss":0,"event_name":"Ghosts","floor":21,"gold_loss":0}],"is_beta":false,"boss_relics":[{"not_picked":["Tiny House","Eternal Feather"],"picked":"Ectoplasm"}],"items_purged_floors":[],"is_endless":false,"potions_floor_spawned":[1,8,14,20],"killed_by":"Book of Stabbing","ascension_level":12}