{"gold_per_floor":[366,172,172,191,208,208,242,252,252,283,338,358,373,373],"floor_reached":14,"playtime":1288,"items_purged":["Parasite"],"score":102,"play_id":"30049125-c36d-4cce-8435-1aa49ca7c89d","local_time":"20181130192002","is_ascension_mode":false,"campfire_choices":[{"data":"Havoc","floor":6,"key":"SMITH"}],"neow_cost":"CURSE","seed_source_timestamp":346393156841652,"circlet_count":0,"master_deck":["Strike_R","Strike_R","Strike_R","Strike_R","Strike_R","Defend_R","Defend_R","Defend_R","Defend_R","Bash","Havoc+1","Regret","Flame Barrier","Clothesline","Uppercut","Shockwave","Metallicize","Demon Form"],"relics":["Burning Blood","Tiny Chest","Ancient Tea Set","Gremlin Horn","Lantern","Juzu Bracelet","Vajra"],"potions_floor_usage":[14],"damage_taken":[{"damage":10,"enemies":"Small Slimes","floor":1,"turns":4},{"damage":5,"enemies":"Jaw Worm","floor":4,"turns":4},{"damage":3,"enemies":"Cultist","floor":5,"turns":4},{"damage":42,"enemies":"3 Sentries","floor":7,"turns":13},{"damage":2,"enemies":"Lots of Slimes","floor":8,"turns":3},{"damage":26,"enemies":"Gremlin Nob","floor":10,"turns":5},{"damage":14,"enemies":"3 Sentries","floor":11,"turns":7},{"damage":5,"enemies":"3 Louse","floor":12,"turns":3},{"damage":0,"enemies":"Looter","floor":13,"turns":3},{"damage":32,"enemies":"Lagavulin","floor":14,"turns":5}],"seed_played":"-3772475660193876708","potions_obtained":[{"floor":4,"key":"FearPotion"},{"floor":11,"key":"Poison Potion"},{"floor":12,"key":"Swift Potion"},{"floor":13,"key":"PowerPotion"}],"is_trial":false,"path_per_floor":["M","$","?","M","M","R","E","M","T","E","?","M","M","E"],"character_chosen":"IRONCLAD","items_purchased":["Tiny Chest"],"campfire_rested":0,"item_purchase_floors":[2],"current_hp_per_floor":[76,76,76,77,77,77,41,45,45,25,17,18,24,0],"gold":373,"neow_bonus":"TWO_FIFTY_GOLD","is_prod":false,"is_daily":false,"chose_seed":false,"campfire_upgraded":1,"win_rate":0,"timestamp":1543605602,"path_taken":["M","$","?","M","M","R","E","M","T","E","?","M","M","E"],"build_version":"2018-11-15","purchased_purges":1,"victory":false,"max_hp_per_floor":[80,77,77,77,77,77,77,77,77,77,77,77,77,77],"card_choices":[{"not_picked":["Pommel Strike","Thunderclap"],"picked":"Havoc","floor":1},{"not_picked":["Iron Wave","Headbutt"],"picked":"Flame Barrier","floor":4},{"not_picked":["Power Through","Sword Boomerang","Reckless Charge"],"picked":"SKIP","floor":5},{"not_picked":["Clash","Searing Blow"],"picked":"Clothesline","floor":7},{"not_picked":["Iron Wave","Offering"],"picked":"Uppercut","floor":8},{"not_picked":["Wild Strike","Perfected Strike"],"picked":"Shockwave","floor":10},{"not_picked":["Headbutt","Thunderclap"],"picked":"Metallicize","floor":12},{"not_picked":["Rampage","Clothesline"],"picked":"Demon Form","floor":13}],"player_experience":158349,"relics_obtained":[{"floor":7,"key":"Gremlin Horn"},{"floor":9,"key":"Lantern"},{"floor":10,"key":"Juzu Bracelet"}],"event_choices":[{"damage_healed":0,"gold_gain":0,"player_choice":"Box","damage_taken":0,"relics_obtained":["Ancient Tea Set"],"max_hp_gain":0,"max_hp_loss":0,"event_name":"Big Fish","floor":3,"gold_loss":0,"cards_obtained":["Regret"]},{"damage_healed":0,"gold_gain":0,"player_choice":"Searched \u00273\u0027 times","damage_taken":0,"relics_obtained":["Vajra"],"max_hp_gain":0,"max_hp_loss":0,"event_name":"Dead Adventurer","floor":11,"gold_loss":0}],"is_beta":true,"boss_relics":[],"items_purged_floors":[2],"is_endless":false,"potions_floor_spawned":[4,11,12,13],"killed_by":"Lagavulin","ascension_level":0}