{"gold_per_floor":[119,134,149,149,164,193,213,213,281,291,291,323,58,58,58,158,158,177,191,191,91,105,105,139,139,139,165,88,106,123,27,27,131,161,172,172,172,172,189,219,231,248,303,320,9,9,9,23,23,23],"floor_reached":50,"playtime":5122,"items_purged":["Defend_G","Defend_G"],"score":749,"play_id":"c7ab10cb-1b0c-4fc1-b366-b42f6fc41e31","local_time":"20180701152246","is_ascension_mode":false,"campfire_choices":[{"data":"Quick Slash","floor":11,"key":"SMITH"},{"data":"Choke","floor":15,"key":"SMITH"},{"data":"Backflip","floor":23,"key":"SMITH"},{"data":"Quick Slash","floor":25,"key":"SMITH"},{"data":"Dash","floor":32,"key":"SMITH"},{"data":"Bandage Up","floor":47,"key":"SMITH"},{"data":"Prepared","floor":49,"key":"SMITH"}],"neow_cost":"NONE","seed_source_timestamp":0,"circlet_count":0,"master_deck":["Defend_G","Defend_G","Strike_G","Strike_G","Strike_G","Survivor","Neutralize","Finisher","Flying Knee","Outmaneuver","Noxious Fumes","Choke+1","Backstab+1","Quick Slash+1","Flying Knee+1","Endless Agony","Die Die Die+1","Quick Slash+1","Blade Dance+1","Backflip+1","Blade Dance+1","Dash+1","J.A.X.","Prepared+1","Dash","Bandage Up+1","A Thousand Cuts","Dash+1","Deflect","Writhe","Flying Knee+1","Trip","Swift Strike","Dark Shackles","Backflip+1","Underhanded Strike+1","Quick Slash+1","Crippling Poison+1","Crippling Poison+1","Noxious Fumes+1"],"special_seed":17713,"relics":["Coffee Dripper","Pen Nib","Pear","Torii","Whetstone","Empty Cage","Lantern","Bird Faced Urn","Bag of Preparation","Tiny House","Incense Burner","Happy Flower","Bag of Marbles","Mango"],"potions_floor_usage":[6,16,16,16,24,27,33,37,41,41,50],"damage_taken":[{"damage":0,"enemies":"Jaw Worm","floor":1,"turns":4},{"damage":0,"enemies":"Cultist","floor":2,"turns":5},{"damage":0,"enemies":"2 Louse","floor":3,"turns":3},{"damage":6,"enemies":"Gremlin Gang","floor":5,"turns":6},{"damage":22,"enemies":"Lagavulin","floor":6,"turns":8},{"damage":2,"enemies":"Blue Slaver","floor":7,"turns":3},{"damage":4,"enemies":"Lots of Slimes","floor":10,"turns":3},{"damage":8,"enemies":"3 Sentries","floor":12,"turns":4},{"damage":23,"enemies":"The Guardian","floor":16,"turns":10},{"damage":10,"enemies":"Chosen","floor":18,"turns":2},{"damage":11,"enemies":"2 Thieves","floor":19,"turns":3},{"damage":1,"enemies":"Sentry and Sphere","floor":22,"turns":3},{"damage":21,"enemies":"Book of Stabbing","floor":24,"turns":4},{"damage":8,"enemies":"Slavers","floor":27,"turns":4},{"damage":0,"enemies":"Slaver and Parasite","floor":29,"turns":2},{"damage":7,"enemies":"Centurion and Healer","floor":30,"turns":3},{"damage":26,"enemies":"Collector","floor":33,"turns":4},{"damage":34,"enemies":"3 Darklings","floor":35,"turns":4},{"damage":20,"floor":37,"turns":7},{"damage":15,"enemies":"Flame Bruiser 1 Orb","floor":39,"turns":4},{"damage":3,"enemies":"2 Orb Walkers","floor":40,"turns":3},{"damage":21,"enemies":"Transient","floor":41,"turns":5},{"damage":4,"enemies":"3 Darklings","floor":42,"turns":4},{"damage":36,"enemies":"Sphere and 2 Shapes","floor":44,"turns":4},{"damage":13,"enemies":"4 Shapes","floor":48,"turns":4},{"damage":11,"enemies":"Donu and Deca","floor":50,"turns":4}],"seed_played":"-8851648875795215677","potions_obtained":[{"floor":3,"key":"LiquidBronze"},{"floor":6,"key":"Fire Potion"},{"floor":7,"key":"EssenceOfSteel"},{"floor":12,"key":"SkillPotion"},{"floor":19,"key":"Block Potion"},{"floor":24,"key":"PowerPotion"},{"floor":27,"key":"FearPotion"},{"floor":34,"key":"Swift Potion"},{"floor":39,"key":"SpeedPotion"},{"floor":40,"key":"GamblersBrew"},{"floor":48,"key":"EssenceOfSteel"}],"is_trial":false,"path_per_floor":["M","M","M","?","M","E","M","?","T","M","R","E","$","?","R","B",null,"M","M","?","$","M","R","E","R","T","E","?","M","M","$","R","B",null,"M","?","?","?","M","E","M","M","T","M","$","?","R","M","R"],"character_chosen":"THE_SILENT","items_purchased":["Whetstone","Endless Agony","Bandage Up","Mango"],"campfire_rested":0,"item_purchase_floors":[13,13,31,45],"current_hp_per_floor":[70,70,70,63,57,35,33,33,43,39,39,31,31,31,31,8,80,70,59,59,59,58,58,37,37,37,31,31,31,24,24,24,4,85,54,75,63,53,42,43,30,30,30,2,16,16,16,7,7,0],"gold":23,"neow_bonus":"BOSS_RELIC","is_prod":false,"is_daily":false,"chose_seed":false,"campfire_upgraded":7,"win_rate":0.0,"timestamp":1530454966,"path_taken":["M","M","M","?","M","E","?","?","T","M","R","E","$","?","R","BOSS","M","M","?","$","M","R","E","R","T","E","?","?","M","?","R","BOSS","M","?","?","?","M","E","M","M","T","M","$","?","R","?","R","BOSS"],"build_version":"2018-06-29","purchased_purges":2,"victory":false,"max_hp_per_floor":[70,70,70,70,70,70,70,70,80,80,80,80,80,80,80,80,80,80,80,80,80,80,80,80,80,80,80,80,80,80,80,80,80,85,85,85,85,85,85,85,85,85,85,85,99,99,99,99,99,99],"card_choices":[{"not_picked":["Bane","Slice"],"picked":"Finisher","floor":1},{"not_picked":["Noxious Fumes","Masterful Stab"],"picked":"Flying Knee","floor":2},{"not_picked":["Underhanded Strike","Glass Knife"],"picked":"Outmaneuver","floor":3},{"not_picked":["All Out Attack","Blur"],"picked":"Noxious Fumes","floor":5},{"not_picked":["Calculated Gamble","PiercingWail"],"picked":"Choke","floor":6},{"not_picked":["Flechettes","Slice"],"picked":"Backstab","floor":7},{"not_picked":["Calculated Gamble","Dagger Throw"],"picked":"Quick Slash","floor":10},{"not_picked":["Terror","PiercingWail"],"picked":"Flying Knee","floor":12},{"not_picked":["Envenom","Tools of the Trade"],"picked":"Die Die Die","floor":16},{"not_picked":["Deflect","Dagger Throw"],"picked":"Quick Slash","floor":18},{"not_picked":["Infinite Blades","Finisher"],"picked":"Blade Dance+1","floor":19},{"not_picked":["PiercingWail+1","Calculated Gamble"],"picked":"Blade Dance+1","floor":22},{"not_picked":["Dagger Throw","Distraction"],"picked":"Dash","floor":24},{"not_picked":["Deadly Poison","PiercingWail","Corpse Explosion"],"picked":"SKIP","floor":27},{"not_picked":["Caltrops","Dodge and Roll"],"picked":"Prepared","floor":29},{"not_picked":["Bouncing Flask","Underhanded Strike"],"picked":"Dash","floor":30},{"not_picked":["Die Die Die","Venomology"],"picked":"A Thousand Cuts","floor":33},{"not_picked":["Eviscerate","Bane"],"picked":"Dash+1","floor":34},{"not_picked":["Dodge and Roll+1","Dagger Throw"],"picked":"Deflect","floor":35},{"not_picked":["Skewer+1","Deadly Poison"],"picked":"Flying Knee+1","floor":37},{"not_picked":["Transmutation","Secret Technique"],"picked":"Trip","floor":38},{"not_picked":["Enlightenment","Trip"],"picked":"Swift Strike","floor":38},{"not_picked":["Jack Of All Trades","Secret Technique"],"picked":"Dark Shackles","floor":38},{"not_picked":["Distraction+1","Acrobatics+1"],"picked":"Backflip+1","floor":39},{"not_picked":["Blur","Outmaneuver"],"picked":"Underhanded Strike+1","floor":40},{"not_picked":["Blur+1","Riddle With Holes+1"],"picked":"Quick Slash+1","floor":41},{"not_picked":["Distraction+1","Bane"],"picked":"Crippling Poison+1","floor":42},{"not_picked":["Outmaneuver","Poisoned Stab"],"picked":"Crippling Poison+1","floor":44},{"not_picked":["Poisoned Stab+1","Deadly Poison"],"picked":"Noxious Fumes+1","floor":48}],"player_experience":14146,"relics_obtained":[{"floor":6,"key":"Pen Nib"},{"floor":9,"key":"Pear"},{"floor":12,"key":"Torii"},{"floor":24,"key":"Lantern"},{"floor":26,"key":"Bird Faced Urn"},{"floor":27,"key":"Bag of Preparation"},{"floor":37,"key":"Incense Burner"},{"floor":40,"key":"Happy Flower"},{"floor":43,"key":"Bag of Marbles"}],"event_choices":[{"event_name":"Wheel of Change","player_choice":"Damage","floor":4,"damage_taken":0},{"event_name":"Accursed Blacksmith","player_choice":"Forge","floor":8,"damage_taken":0},{"event_name":"The Woman in Blue","player_choice":"Bought 0 Potions","floor":14,"damage_taken":0},{"event_name":"The Library","player_choice":"Read","floor":20,"damage_taken":0},{"event_name":"Drug Dealer","player_choice":"Got JAXXED","floor":28,"damage_taken":0},{"event_name":"Winding Halls","player_choice":"Writhe","floor":36,"damage_taken":0},{"event_name":"MindBloom","player_choice":"Fight","floor":37,"damage_taken":0},{"event_name":"SensoryStone","player_choice":"Memory 3","floor":38,"damage_taken":0},{"event_name":"Falling","player_choice":"Removed Attack","floor":46,"damage_taken":0}],"boss_relics":[{"not_picked":["Philosopher\u0027s Stone","Cursed Key"],"picked":"Empty Cage"},{"not_picked":["Orrery","Snecko Eye"],"picked":"Tiny House"}],"items_purged_floors":[13,21],"is_endless":false,"potions_floor_spawned":[3,6,7,12,19,24,27,39,40,48],"killed_by":"Donu and Deca","ascension_level":0}