{"gold_per_floor":[115,126,126,201,216,216,232,265,291,291,317,337,337,369,369,466,466,486,466,391,409,409,409,438,155,155,171,171,186,196,209,209,209],"floor_reached":33,"playtime":1679,"items_purged":["Strike_G"],"score":487,"play_id":"15120380-f01c-4a20-b4a8-9ae33f387964","local_time":"20190930210619","is_ascension_mode":true,"campfire_choices":[{"data":"Dash","floor":6,"key":"SMITH"},{"floor":13,"key":"REST"},{"floor":15,"key":"REST"},{"floor":23,"key":"REST"},{"floor":28,"key":"REST"},{"floor":32,"key":"REST"}],"neow_cost":"NONE","seed_source_timestamp":24238647789832,"circlet_count":0,"master_deck":["AscendersBane","Strike_G+1","Strike_G+1","Strike_G+1","Strike_G+1","Defend_G+1","Defend_G+1","Defend_G+1","Defend_G+1","Defend_G+1","Survivor","Neutralize","Deadly Poison","Dagger Throw","Dash+1","Deadly Poison","Noxious Fumes","Deadly Poison","PiercingWail","Poisoned Stab","Glass Knife","Poisoned Stab","Adrenaline","Dodge and Roll","Dodge and Roll","Deadly Poison","PiercingWail","Noxious Fumes","Cloak And Dagger","Envenom","Backflip+1","Backflip","Infinite Blades"],"relics":["Ring of the Snake","Dream Catcher","Potion Belt","Vajra","Orrery","Paper Crane","Meat on the Bone","Darkstone Periapt"],"potions_floor_usage":[11,14,21,21,27,31,31],"damage_taken":[{"damage":4,"enemies":"Small Slimes","floor":1,"turns":5},{"damage":2,"enemies":"2 Louse","floor":2,"turns":3},{"damage":2,"enemies":"Jaw Worm","floor":5,"turns":5},{"damage":0,"enemies":"Exordium Thugs","floor":7,"turns":5},{"damage":15,"enemies":"Gremlin Nob","floor":8,"turns":4},{"damage":6,"enemies":"Lagavulin","floor":11,"turns":6},{"damage":1,"enemies":"Looter","floor":12,"turns":3},{"damage":20,"enemies":"Gremlin Nob","floor":14,"turns":4},{"damage":18,"enemies":"The Guardian","floor":16,"turns":9},{"damage":7,"enemies":"Spheric Guardian","floor":18,"turns":3},{"damage":17,"enemies":"2 Thieves","floor":19,"turns":4},{"damage":15,"enemies":"Cultist and Chosen","floor":21,"turns":7},{"damage":38,"enemies":"Book of Stabbing","floor":24,"turns":7},{"damage":1,"enemies":"Snecko","floor":27,"turns":4},{"damage":14,"enemies":"Centurion and Healer","floor":29,"turns":7},{"damage":24,"enemies":"Snake Plant","floor":30,"turns":4},{"damage":28,"enemies":"3 Cultists","floor":31,"turns":8},{"damage":35,"enemies":"Champ","floor":33,"turns":7}],"seed_played":"1220882117016367958","potions_obtained":[{"floor":0,"key":"GhostInAJar"},{"floor":0,"key":"Poison Potion"},{"floor":0,"key":"EssenceOfSteel"},{"floor":12,"key":"Fire Potion"},{"floor":16,"key":"GamblersBrew"},{"floor":18,"key":"Swift Potion"},{"floor":21,"key":"GamblersBrew"},{"floor":29,"key":"SpeedPotion"},{"floor":31,"key":"Fire Potion"}],"is_trial":false,"path_per_floor":["M","M","?","?","M","R","M","E","T","?","E","M","R","E","R","B",null,"M","M","$","M","?","R","E","$","T","M","R","M","M","M","R","B"],"character_chosen":"THE_SILENT","items_purchased":["Meat on the Bone","Noxious Fumes"],"campfire_rested":5,"item_purchase_floors":[25,25],"current_hp_per_floor":[59,57,62,51,49,49,49,34,34,34,28,27,49,29,51,33,65,58,41,41,26,26,48,10,10,10,21,43,41,29,13,35,0],"gold":209,"neow_bonus":"THREE_SMALL_POTIONS","is_prod":false,"is_daily":false,"chose_seed":false,"campfire_upgraded":1,"win_rate":0,"timestamp":1569870379,"path_taken":["M","M","?","?","M","R","M","E","T","?","E","M","R","E","R","BOSS","M","M","$","M","?","R","E","$","T","M","R","M","M","M","R","BOSS"],"build_version":"2019-07-17","purchased_purges":1,"victory":false,"max_hp_per_floor":[70,70,75,75,75,75,75,75,75,75,75,75,75,75,75,75,75,75,75,75,75,75,75,75,75,75,75,75,75,75,75,75,75],"card_choices":[{"not_picked":["Outmaneuver","Crippling Poison"],"picked":"Deadly Poison","floor":1},{"not_picked":["Flying Knee","Infinite Blades"],"picked":"Dagger Throw","floor":2},{"not_picked":["Crippling Poison","Underhanded Strike"],"picked":"Dash","floor":5},{"not_picked":["Slice","Skewer"],"picked":"Deadly Poison","floor":7},{"not_picked":["Night Terror","Quick Slash"],"picked":"Noxious Fumes","floor":8},{"not_picked":["Night Terror","Heel Hook"],"picked":"Deadly Poison","floor":11},{"not_picked":["Masterful Stab","Acrobatics"],"picked":"PiercingWail","floor":12},{"not_picked":["Dash","Flying Knee"],"picked":"Poisoned Stab","floor":13},{"not_picked":["Heel Hook","Slice"],"picked":"Glass Knife","floor":14},{"not_picked":["Sucker Punch","Expertise"],"picked":"Poisoned Stab","floor":15},{"not_picked":["Glass Knife","After Image"],"picked":"Adrenaline","floor":16},{"not_picked":["Caltrops","Bane"],"picked":"Dodge and Roll","floor":17},{"not_picked":["Terror","All Out Attack"],"picked":"Dodge and Roll","floor":17},{"not_picked":["Bouncing Flask","Dagger Spray"],"picked":"Deadly Poison","floor":17},{"not_picked":["Prepared","Cloak And Dagger"],"picked":"PiercingWail","floor":17},{"not_picked":["Slice","Dagger Throw","Quick Slash"],"picked":"SKIP","floor":18},{"not_picked":["Prepared","Caltrops","Endless Agony"],"picked":"SKIP","floor":19},{"not_picked":["Flying Knee","Accuracy","Blade Dance+1"],"picked":"SKIP","floor":21},{"not_picked":["Backstab","Riddle With Holes","Blade Dance"],"picked":"SKIP","floor":24},{"not_picked":["Finisher","Accuracy"],"picked":"Cloak And Dagger","floor":27},{"not_picked":["Infinite Blades","Setup"],"picked":"Envenom","floor":28},{"not_picked":["Dagger Spray","Flying Knee","Outmaneuver"],"picked":"SKIP","floor":29},{"not_picked":["Escape Plan","Poisoned Stab+1"],"picked":"Backflip+1","floor":30},{"not_picked":["Sucker Punch","Deadly Poison"],"picked":"Backflip","floor":31},{"not_picked":["Distraction","Acrobatics+1"],"picked":"Infinite Blades","floor":32}],"player_experience":322622,"relics_obtained":[{"floor":8,"key":"Dream Catcher"},{"floor":9,"key":"Potion Belt"},{"floor":11,"key":"Vajra"},{"floor":24,"key":"Paper Crane"},{"floor":26,"key":"Darkstone Periapt"}],"event_choices":[{"damage_healed":0,"gold_gain":0,"player_choice":"Donut","damage_taken":0,"max_hp_gain":5,"max_hp_loss":0,"event_name":"Big Fish","floor":3,"gold_loss":0},{"damage_healed":0,"gold_gain":75,"player_choice":"Gather Gold","damage_taken":11,"max_hp_gain":0,"max_hp_loss":0,"event_name":"World of Goop","floor":4,"gold_loss":0},{"damage_healed":0,"gold_gain":0,"player_choice":"Ignored","damage_taken":0,"max_hp_gain":0,"max_hp_loss":0,"event_name":"Golden Idol","floor":10,"gold_loss":0},{"damage_healed":0,"gold_gain":0,"player_choice":"Simplicity","damage_taken":0,"max_hp_gain":0,"max_hp_loss":0,"event_name":"Back to Basics","floor":22,"gold_loss":0,"cards_upgraded":["Strike_G","Strike_G","Strike_G","Strike_G","Defend_G","Defend_G","Defend_G","Defend_G","Defend_G"]}],"is_beta":false,"boss_relics":[{"not_picked":["Calling Bell","Snecko Eye"],"picked":"Orrery"}],"items_purged_floors":[20],"is_endless":false,"potions_floor_spawned":[5,12,16,18,21,29,31],"killed_by":"Champ","ascension_level":12}