{"gold_per_floor":[216,232,243,256,206,206,206,233,233,308,308,308,318,328,328,328],"floor_reached":16,"playtime":946,"items_purged":[],"score":163,"play_id":"db8a4504-a3d1-40e1-b607-09c1db7dcc49","local_time":"20191003003118","is_ascension_mode":true,"campfire_choices":[{"data":"Deadly Poison","floor":6.0,"key":"SMITH"},{"floor":12.0,"key":"REST"},{"floor":15,"key":"REST"}],"neow_cost":"NONE","seed_source_timestamp":2083225297253299,"circlet_count":0,"master_deck":["AscendersBane","Strike_G","Strike_G","Strike_G","Strike_G","Defend_G","Defend_G","Defend_G","Defend_G","Defend_G","Survivor","Neutralize","Deadly Poison+1","Backflip"],"special_seed":0,"relics":["Ring of the Snake","PreservedInsect","Shovel","Mercury Hourglass"],"potions_floor_usage":[16],"damage_taken":[{"damage":1.0,"enemies":"Cultist","floor":1.0,"turns":5.0},{"damage":2.0,"enemies":"Jaw Worm","floor":2.0,"turns":5.0},{"damage":0.0,"enemies":"2 Louse","floor":3.0,"turns":4.0},{"damage":2.0,"enemies":"2 Fungi Beasts","floor":4.0,"turns":4.0},{"damage":26.0,"enemies":"Lagavulin","floor":8.0,"turns":6.0},{"damage":4,"enemies":"Lots of Slimes","floor":13,"turns":4},{"damage":9,"enemies":"3 Louse","floor":14,"turns":3},{"damage":0,"enemies":"Slime Boss","floor":16,"turns":3}],"seed_played":"-1433458128491809077","potions_obtained":[{"floor":3.0,"key":"Dexterity Potion"},{"floor":4.0,"key":"Ancient Potion"},{"floor":8.0,"key":"Weak Potion"},{"floor":11.0,"key":"Fruit Juice"},{"floor":11.0,"key":"GhostInAJar"}],"is_trial":false,"path_per_floor":["M","M","M","M","?","R","?","E","T","?","?","R","M","M","R","B"],"character_chosen":"THE_SILENT","items_purchased":[],"campfire_rested":2,"item_purchase_floors":[],"current_hp_per_floor":[62,60,60,58,58,58,40,14,14,3,8,30,26,17,39,39],"gold":328,"neow_bonus":"HUNDRED_GOLD","is_prod":false,"is_daily":false,"chose_seed":false,"campfire_upgraded":1,"win_rate":0,"timestamp":1570077078,"path_taken":["M","?","M","M","?","R","?","E","T","?","?","R","M","M","R","BOSS"],"build_version":"2019-07-17","purchased_purges":0,"victory":false,"max_hp_per_floor":[70,70,70,70,70,70,70,70,70,70,75,75,75,75,75,75],"card_choices":[{"not_picked":["Dagger Spray","Cloak And Dagger","Blade Dance"],"picked":"SKIP","floor":1.0},{"not_picked":["Expertise","Dagger Spray"],"picked":"Deadly Poison","floor":2.0},{"not_picked":["Dagger Spray","Dagger Throw","Caltrops"],"picked":"SKIP","floor":3.0},{"not_picked":["Choke","Setup"],"picked":"Backflip","floor":4.0},{"not_picked":["Heel Hook","Sucker Punch","Flechettes"],"picked":"SKIP","floor":8.0},{"not_picked":["Outmaneuver","Envenom","Deadly Poison"],"picked":"SKIP","floor":13},{"not_picked":["Slice","Backflip","All Out Attack"],"picked":"SKIP","floor":14},{"not_picked":["Slice","Backflip","All Out Attack"],"picked":"SKIP","floor":14}],"player_experience":623917,"relics_obtained":[{"floor":8.0,"key":"Shovel"},{"floor":9.0,"key":"Mercury Hourglass"}],"event_choices":[{"cards_removed":["Strike_G"],"damage_healed":0.0,"max_hp_gain":0.0,"max_hp_loss":0.0,"gold_gain":0.0,"event_name":"The Cleric","player_choice":"Card Removal","floor":5.0,"gold_loss":50.0,"damage_taken":0.0},{"damage_healed":0.0,"max_hp_gain":0.0,"max_hp_loss":0.0,"gold_gain":0.0,"event_name":"Scrap Ooze","player_choice":"Success","floor":7.0,"gold_loss":0.0,"damage_taken":18.0,"relics_obtained":["PreservedInsect"]},{"damage_healed":0.0,"max_hp_gain":0.0,"max_hp_loss":0.0,"gold_gain":75.0,"event_name":"World of Goop","player_choice":"Gather Gold","floor":10.0,"gold_loss":0.0,"damage_taken":11.0},{"damage_healed":0.0,"max_hp_gain":0.0,"max_hp_loss":0.0,"gold_gain":0.0,"event_name":"Lab","player_choice":"Got Potions","floor":11.0,"gold_loss":0.0,"damage_taken":0.0}],"is_beta":false,"boss_relics":[],"items_purged_floors":[],"is_endless":false,"potions_floor_spawned":[3,4,8,14],"killed_by":"Slime Boss","ascension_level":12}