{"gold_per_floor":[110,110,123,198,210,210,245,259,313,324,324,349,158,158,158,257,257,273,288,301,13,13,47,47,62,62,96,96,96,161,174,174,275,275,291,291,291,54,71,100,100,126,126,139,139,169,169,183,183,183,183,183,5,35,35],"floor_reached":55,"playtime":3698,"items_purged":[],"score":1073,"play_id":"5459ee7e-9319-43e2-ac0c-07eed2da9584","local_time":"20190129225810","is_ascension_mode":true,"campfire_choices":[{"floor":6,"key":"REST"},{"floor":11,"key":"REST"},{"floor":15,"key":"RECALL"},{"floor":24,"key":"REST"},{"floor":28,"key":"REST"},{"floor":32,"key":"REST"},{"floor":41,"key":"REST"},{"floor":45,"key":"REST"},{"floor":49,"key":"REST"},{"floor":52,"key":"REST"}],"neow_cost":"NONE","seed_source_timestamp":191574459936113,"circlet_count":0,"master_deck":["Defend_G+1","Defend_G+1","Defend_G+1","Defend_G+1","Defend_G+1","Strike_G+1","Strike_G+1","Strike_G+1","Strike_G+1","Survivor+1","Neutralize","Dash","Backflip","Backstab","Dash","Quick Slash","Backflip+1","Distraction+1","Cloak And Dagger+1","Night Terror+1","A Thousand Cuts","Dagger Throw+1","Backstab+1","Noxious Fumes+1","Skewer+1","Dagger Throw","Backflip+1","Distraction+1","Cloak And Dagger+1","Corpse Explosion+1","Infinite Blades","Madness+1","Madness+1","Caltrops","Master of Strategy+1","Well Laid Plans+1","Deflect+1","PiercingWail+1","Parasite","Bouncing Flask+1","PiercingWail+1","Apotheosis+1","Secret Technique+1","Deep Breath+1","Dodge and Roll+1","Adrenaline+1"],"relics":["Fusion Hammer","Matryoshka","Ancient Tea Set","Toxic Egg 2","Snake Skull","War Paint","Pen Nib","Eternal Feather","FossilizedHelix","Sundial","Anchor","Question Card","Nilry\u0027s Codex","Tiny Chest","Philosopher\u0027s Stone","Tough Bandages","Ice Cream","Frozen Egg 2","Letter Opener","StoneCalendar"],"potions_floor_usage":[7,12,16,16,23,27,50,50,55,55],"damage_taken":[{"damage":0,"enemies":"2 Louse","floor":1,"turns":4},{"damage":0,"enemies":"Jaw Worm","floor":3,"turns":4},{"damage":0,"enemies":"Cultist","floor":5,"turns":4},{"damage":7,"enemies":"Gremlin Nob","floor":7,"turns":4},{"damage":0,"enemies":"Looter","floor":8,"turns":3},{"damage":13,"enemies":"Blue Slaver","floor":10,"turns":4},{"damage":15,"enemies":"3 Sentries","floor":12,"turns":11},{"damage":12,"enemies":"Slime Boss","floor":16,"turns":9},{"damage":9,"enemies":"Spheric Guardian","floor":18,"turns":4},{"damage":1,"enemies":"Chosen","floor":19,"turns":4},{"damage":22,"enemies":"Snake Plant","floor":20,"turns":5},{"damage":22,"enemies":"Book of Stabbing","floor":23,"turns":6},{"damage":0,"enemies":"Snecko","floor":25,"turns":3},{"damage":30,"enemies":"Gremlin Leader","floor":27,"turns":4},{"damage":0,"enemies":"Slavers","floor":30,"turns":5},{"damage":0,"enemies":"Chosen and Byrds","floor":31,"turns":4},{"damage":49,"enemies":"Automaton","floor":33,"turns":12},{"damage":0,"enemies":"Orb Walker","floor":35,"turns":2},{"damage":0,"enemies":"3 Shapes","floor":39,"turns":3},{"damage":0,"enemies":"Nemesis","floor":40,"turns":6},{"damage":33,"enemies":"Giant Head","floor":42,"turns":8},{"damage":0,"enemies":"Writhing Mass","floor":44,"turns":5},{"damage":0,"enemies":"Reptomancer","floor":46,"turns":6},{"damage":0,"enemies":"Sphere and 2 Shapes","floor":48,"turns":3},{"damage":43,"enemies":"Time Eater","floor":50,"turns":8},{"damage":42,"enemies":"Shield and Spear","floor":54,"turns":5},{"damage":39,"enemies":"The Heart","floor":55,"turns":6}],"seed_played":"-6363710326802360061","potions_obtained":[{"floor":3,"key":"SteroidPotion"},{"floor":7,"key":"AttackPotion"},{"floor":10,"key":"SneckoOil"},{"floor":12,"key":"Fire Potion"},{"floor":19,"key":"PowerPotion"},{"floor":23,"key":"Explosive Potion"},{"floor":25,"key":"FearPotion"},{"floor":27,"key":"Dexterity Potion"},{"floor":42,"key":"GhostInAJar"}],"is_trial":false,"path_per_floor":["M","?","M","?","M","R","E","M","T","M","R","E","$","?","R","B",null,"M","M","M","$","?","E","R","M","T","E","R","?","E","M","R","B",null,"M","?","?","$","M","E","R","E","T","M","R","E","?","M","R","B",null,"R","$","E","B"],"character_chosen":"THE_SILENT","items_purchased":["Cloak And Dagger+1","Pen Nib","FossilizedHelix","Caltrops","Master of Strategy+1","GhostInAJar","FairyPotion"],"campfire_rested":9,"item_purchase_floors":[13,13,21,38,38,53,53],"current_hp_per_floor":[70,67,67,56,56,70,63,63,63,50,70,55,55,55,55,43,70,61,60,38,38,38,16,52,52,52,22,58,42,42,42,70,21,70,70,61,61,61,61,61,70,37,37,37,70,70,60,60,70,27,70,70,70,28,0],"gold":35,"neow_bonus":"BOSS_RELIC","is_prod":false,"is_daily":false,"chose_seed":false,"campfire_upgraded":0,"win_rate":0,"timestamp":1548820690,"path_taken":["M","?","M","?","M","R","E","M","T","M","R","E","$","?","R","BOSS","M","?","M","$","?","E","R","M","T","E","R","?","E","M","R","BOSS","M","?","?","$","?","E","R","E","T","M","R","E","?","M","R","BOSS","R","$","E","BOSS"],"build_version":"2019-01-23","purchased_purges":0,"victory":false,"max_hp_per_floor":[70,70,70,70,70,70,70,70,70,70,70,70,70,70,70,70,70,70,70,70,70,70,70,70,70,70,70,70,70,70,70,70,70,70,70,70,70,70,70,70,70,70,70,70,70,70,70,70,70,70,70,70,70,70,70],"card_choices":[{"not_picked":["Poisoned Stab","Flying Knee"],"picked":"Dash","floor":1},{"not_picked":["Dagger Spray","Bane"],"picked":"Backflip","floor":3},{"not_picked":["Finisher","Blade Dance"],"picked":"Backstab","floor":5},{"not_picked":["Acrobatics","Flying Knee"],"picked":"Dash","floor":7},{"not_picked":["Doppelganger","Deflect"],"picked":"Quick Slash","floor":8},{"not_picked":["Bane","Underhanded Strike"],"picked":"Backflip+1","floor":10},{"not_picked":["Blade Dance+1","Heel Hook"],"picked":"Distraction+1","floor":12},{"not_picked":["Storm of Steel+1","Doppelganger+1"],"picked":"A Thousand Cuts","floor":16},{"not_picked":["Quick Slash","Concentrate+1"],"picked":"Dagger Throw+1","floor":18},{"not_picked":["Concentrate+1","Quick Slash"],"picked":"Backstab+1","floor":19},{"not_picked":["Blade Dance+1","Deflect+1"],"picked":"Noxious Fumes","floor":20},{"not_picked":["Grand Finale","Deadly Poison+1"],"picked":"Skewer+1","floor":23},{"not_picked":["Acrobatics+1","All Out Attack"],"picked":"Dagger Throw","floor":25},{"not_picked":["Heel Hook+1","Deadly Poison+1"],"picked":"Backflip+1","floor":27},{"not_picked":["Flying Knee","Quick Slash+1","Wraith Form v2"],"picked":"Distraction+1","floor":30},{"not_picked":["Acrobatics+1","Flying Knee","Well Laid Plans"],"picked":"Cloak And Dagger+1","floor":31},{"not_picked":["Grand Finale","Phantasmal Killer+1","Burst+1"],"picked":"Corpse Explosion+1","floor":33},{"not_picked":["Quick Slash","Outmaneuver+1","Deadly Poison+1"],"picked":"Infinite Blades","floor":35},{"not_picked":["Bane","Predator","Outmaneuver+1"],"picked":"Well Laid Plans+1","floor":39},{"not_picked":["Outmaneuver+1","Poisoned Stab+1","Bane"],"picked":"Deflect+1","floor":40},{"not_picked":["Crippling Poison+1","Night Terror+1","Choke+1"],"picked":"PiercingWail+1","floor":42},{"not_picked":["Backflip+1","Deflect+1","Slice"],"picked":"Bouncing Flask+1","floor":44},{"not_picked":["Slice+1","Dagger Throw+1","Crippling Poison+1"],"picked":"PiercingWail+1","floor":46},{"not_picked":["Dramatic Entrance","Deep Breath+1","Enlightenment+1"],"picked":"Apotheosis+1","floor":47},{"not_picked":["Swift Strike","Master of Strategy+1","Violence+1"],"picked":"Secret Technique+1","floor":47},{"not_picked":["Bandage Up+1","Madness+1","Blind+1"],"picked":"Deep Breath+1","floor":47},{"not_picked":["Deflect+1","Bane","Dagger Throw+1"],"picked":"Dodge and Roll+1","floor":48},{"not_picked":["Leg Sweep+1","Bane+1","Blade Dance+1"],"picked":"Adrenaline+1","floor":54}],"player_experience":430049,"relics_obtained":[{"floor":7,"key":"Ancient Tea Set"},{"floor":9,"key":"Toxic Egg 2"},{"floor":9,"key":"Snake Skull"},{"floor":12,"key":"War Paint"},{"floor":23,"key":"Sundial"},{"floor":26,"key":"Anchor"},{"floor":27,"key":"Question Card"},{"floor":29,"key":"Nilry\u0027s Codex"},{"floor":30,"key":"Tiny Chest"},{"floor":40,"key":"Tough Bandages"},{"floor":42,"key":"Ice Cream"},{"floor":43,"key":"Frozen Egg 2"},{"floor":46,"key":"Letter Opener"},{"floor":54,"key":"StoneCalendar"}],"event_choices":[{"damage_healed":0,"gold_gain":0,"player_choice":"Success","damage_taken":3,"relics_obtained":["Matryoshka"],"max_hp_gain":0,"max_hp_loss":0,"event_name":"Scrap Ooze","floor":2,"gold_loss":0},{"damage_healed":0,"gold_gain":75,"player_choice":"Gather Gold","damage_taken":11,"max_hp_gain":0,"max_hp_loss":0,"event_name":"World of Goop","floor":4,"gold_loss":0},{"damage_healed":0,"gold_gain":0,"cards_transformed":["Strike_G"],"player_choice":"Transformed","damage_taken":0,"max_hp_gain":0,"max_hp_loss":0,"event_name":"Transmorgrifier","floor":14,"gold_loss":0,"cards_obtained":["Night Terror"]},{"damage_healed":0,"gold_gain":0,"player_choice":"Simplicity","damage_taken":0,"max_hp_gain":0,"max_hp_loss":0,"event_name":"Back to Basics","floor":22,"gold_loss":0,"cards_upgraded":["Defend_G","Defend_G","Defend_G","Defend_G","Strike_G","Strike_G","Strike_G","Strike_G"]},{"damage_healed":0,"gold_gain":0,"player_choice":"Obtained Book","damage_taken":16,"max_hp_gain":0,"max_hp_loss":0,"event_name":"Cursed Tome","floor":29,"gold_loss":0},{"damage_healed":0,"gold_gain":0,"player_choice":"Embrace Madness","damage_taken":9,"max_hp_gain":0,"max_hp_loss":0,"event_name":"Winding Halls","floor":36,"gold_loss":0,"cards_obtained":["Madness","Madness"]},{"damage_healed":0,"gold_gain":0,"player_choice":"Upgraded","damage_taken":0,"max_hp_gain":0,"max_hp_loss":0,"event_name":"Upgrade Shrine","floor":37,"gold_loss":0,"cards_upgraded":["Noxious Fumes"]},{"damage_healed":0,"gold_gain":0,"player_choice":"Memory 3","damage_taken":10,"max_hp_gain":0,"max_hp_loss":0,"event_name":"SensoryStone","floor":47,"gold_loss":0}],"is_beta":false,"boss_relics":[{"not_picked":["Snecko Eye","HoveringKite"],"picked":"Eternal Feather"},{"not_picked":["Coffee Dripper","Pandora\u0027s Box"],"picked":"Philosopher\u0027s Stone"}],"items_purged_floors":[],"is_endless":false,"potions_floor_spawned":[3,7,10,12,19,23,25,27,42,44],"killed_by":"The Heart","ascension_level":4}