{"gold_per_floor":[117,117,117,134,134,109,143,159,159,184,359,359,379,398,398,498,498,473,473,492,14,14,49,49,77,126,151,151,167,167,185,185,280,280,290,345,355,139,155,182,182,0,0,0,10,43,58,93,93,93,93,93,45,74,74],"floor_reached":55,"playtime":5035,"items_purged":["Doubt"],"score":1202,"play_id":"d18738e3-7245-47ac-8bcc-a832c4a60df1","local_time":"20190212170825","is_ascension_mode":true,"campfire_choices":[{"floor":12.0,"key":"REST"},{"data":"1","floor":15.0,"key":"LIFT"},{"data":"2","floor":24,"key":"LIFT"},{"data":"3","floor":30,"key":"LIFT"},{"floor":32,"key":"REST"},{"floor":41,"key":"RECALL"},{"floor":44,"key":"REST"},{"data":"Echo Form","floor":49,"key":"SMITH"},{"floor":52,"key":"REST"}],"neow_cost":"NONE","seed_source_timestamp":0,"circlet_count":0,"master_deck":["Defend_B","Zap","Dualcast","Hologram","Sweeping Beam+1","Coolheaded","Steam","Stack","Biased Cognition","Cold Snap+1","Leap+1","Echo Form+1","Hologram+1","Bite+1","Bite+1","Bite+1","Bite+1","Bite+1","Capacitor","Apotheosis+1","Seek+1","Loop","Cold Snap+1","Electrodynamics","Glacier+1","Cold Snap+1","Conserve Battery+1","Buffer+1","Skim+1","Defragment+1","Static Discharge+1","Cold Snap+1","Loop+1","Go for the Eyes+1","Loop+1","Cold Snap+1","Force Field+1","Auto Shields+1","Hologram+1","Stack+1","Sweeping Beam+1","Amplify+1","White Noise+1"],"special_seed":0,"relics":["Cracked Core","NeowsBlessing","Letter Opener","Molten Egg 2","Girya","Sundial","Toxic Egg 2","Velvet Choker","Art of War","Mummified Hand","Frozen Egg 2","Kunai","Astrolabe","Du-Vu Doll","Cables","Red Mask","Dodecahedron","Happy Flower","Bronze Scales","Shuriken"],"potions_floor_usage":[23,25,31,33,50,54,54,54,54,55],"damage_taken":[{"damage":0.0,"enemies":"Small Slimes","floor":1.0,"turns":1.0},{"damage":0.0,"enemies":"Jaw Worm","floor":4.0,"turns":1.0},{"damage":0.0,"enemies":"Lagavulin","floor":7.0,"turns":1.0},{"damage":0.0,"enemies":"Cultist","floor":8.0,"turns":3.0},{"damage":33.0,"enemies":"Gremlin Nob","floor":10.0,"turns":4.0},{"damage":6.0,"enemies":"Large Slime","floor":13.0,"turns":4.0},{"damage":0.0,"enemies":"Looter","floor":14.0,"turns":3.0},{"damage":37.0,"enemies":"Slime Boss","floor":16.0,"turns":13.0},{"damage":39.0,"enemies":"2 Thieves","floor":18.0,"turns":5.0},{"damage":21,"enemies":"3 Byrds","floor":20,"turns":5},{"damage":38,"enemies":"Slavers","floor":23,"turns":6},{"damage":9,"enemies":"Book of Stabbing","floor":25,"turns":5},{"damage":28,"enemies":"Slavers","floor":27,"turns":4},{"damage":0,"enemies":"3 Cultists","floor":29,"turns":2},{"damage":11,"enemies":"Snake Plant","floor":31,"turns":3},{"damage":11,"enemies":"Automaton","floor":33,"turns":10},{"damage":24,"enemies":"3 Darklings","floor":35,"turns":4},{"damage":21,"enemies":"2 Orb Walkers","floor":36,"turns":4},{"damage":11,"enemies":"Orb Walker","floor":37,"turns":2},{"damage":20,"enemies":"Sphere and 2 Shapes","floor":39,"turns":4},{"damage":0,"enemies":"Giant Head","floor":40,"turns":10},{"damage":6,"enemies":"4 Shapes","floor":45,"turns":3},{"damage":0,"enemies":"Nemesis","floor":46,"turns":9},{"damage":8,"enemies":"3 Darklings","floor":47,"turns":3},{"damage":7,"enemies":"Giant Head","floor":48,"turns":7},{"damage":51,"enemies":"Time Eater","floor":50,"turns":9},{"damage":44,"enemies":"Shield and Spear","floor":54,"turns":4},{"damage":28,"enemies":"The Heart","floor":55,"turns":5}],"seed_played":"4895590711746636900","potions_obtained":[{"floor":1.0,"key":"FearPotion"},{"floor":4.0,"key":"Regen Potion"},{"floor":7.0,"key":"SkillPotion"},{"floor":20,"key":"LiquidBronze"},{"floor":23,"key":"SteroidPotion"},{"floor":27,"key":"SpeedPotion"},{"floor":29,"key":"Fruit Juice"},{"floor":36,"key":"Strength Potion"},{"floor":46,"key":"SteroidPotion"},{"floor":47,"key":"AttackPotion"},{"floor":54,"key":"AttackPotion"}],"is_trial":false,"path_per_floor":["M","?","?","M","?","$","E","M","T","E","?","R","M","M","R","B",null,"M","?","M","$","?","E","R","E","T","E","?","M","R","M","R","B",null,"M","?","M","$","M","E","R","?","T","R","M","E","M","E","R","B",null,"R","$","E","B"],"character_chosen":"DEFECT","items_purchased":["Coolheaded","Apotheosis+1","Seek+1","Loop","Regen Potion","EntropicBrew","Loop+1","Cold Snap+1","SkillPotion"],"campfire_rested":4,"item_purchase_floors":[6,21,21,21,21,38,38,38,53],"current_hp_per_floor":[68,65,65,65,50,50,50,50,50,26,26,48,42,42,42,5,58,19,19,22,22,39,28,28,31,31,18,18,27,27,30,47,57,57,39,30,25,25,20,47,47,47,47,57,57,57,49,50,50,14,46,57,57,19,0],"gold":74,"neow_bonus":"THREE_ENEMY_KILL","is_prod":false,"is_daily":false,"chose_seed":false,"campfire_upgraded":1,"win_rate":0,"timestamp":1550009305,"path_taken":["M","?","?","?","?","$","E","M","T","E","?","R","M","M","R","BOSS","M","?","M","$","?","E","R","E","T","E","?","M","R","M","R","BOSS","M","?","M","$","M","E","R","?","T","R","M","E","M","E","R","BOSS","R","$","E","BOSS"],"build_version":"2019-01-23","purchased_purges":1,"victory":false,"max_hp_per_floor":[75,75,75,75,75,75,75,75,75,75,75,75,75,75,75,75,75,75,52,52,52,52,52,52,52,52,52,52,52,52,57,57,57,57,57,57,57,57,57,57,57,57,57,57,57,57,57,57,57,57,57,57,57,57,57],"card_choices":[{"not_picked":["Scrape","Turbo"],"picked":"Hologram","floor":1.0},{"not_picked":["Steam Power","Redo"],"picked":"Sweeping Beam+1","floor":4.0},{"not_picked":["Melter+1","Barrage+1"],"picked":"Steam","floor":7.0},{"not_picked":["Fusion","Static Discharge"],"picked":"Stack","floor":8.0},{"not_picked":["Compile Driver+1","Ball Lightning+1"],"picked":"Biased Cognition","floor":10.0},{"not_picked":["Stack+1","Darkness+1"],"picked":"Cold Snap+1","floor":13.0},{"not_picked":["Coolheaded+1","Thunder Strike+1"],"picked":"Leap+1","floor":14.0},{"not_picked":["Buffer","Fission+1"],"picked":"Echo Form","floor":16.0},{"not_picked":["Ball Lightning+1","Beam Cell+1"],"picked":"Hologram+1","floor":18},{"not_picked":["Rebound+1","BootSequence+1"],"picked":"Capacitor","floor":20},{"not_picked":["Self Repair","Leap+1"],"picked":"Cold Snap+1","floor":23},{"not_picked":["Steam+1","Cold Snap+1"],"picked":"Electrodynamics","floor":25},{"not_picked":["Static Discharge","Gash+1"],"picked":"Glacier+1","floor":27},{"not_picked":["Chaos+1","Aggregate+1"],"picked":"Cold Snap+1","floor":29},{"not_picked":["Turbo+1","Stack+1"],"picked":"Conserve Battery+1","floor":31},{"not_picked":["Machine Learning+1","Seek+1"],"picked":"Buffer+1","floor":33},{"not_picked":["Sweeping Beam+1","Stack+1"],"picked":"Cold Snap+1","floor":35},{"not_picked":["Rebound+1","Turbo+1"],"picked":"Loop+1","floor":36},{"not_picked":["Compile Driver+1","Streamline+1"],"picked":"Go for the Eyes+1","floor":37},{"not_picked":["Machine Learning+1","Compile Driver+1"],"picked":"Force Field+1","floor":39},{"not_picked":["Gash+1","Leap+1"],"picked":"Auto Shields+1","floor":40},{"not_picked":["Compile Driver+1","Sweeping Beam+1"],"picked":"Hologram+1","floor":45},{"not_picked":["Darkness+1","Steam Power+1"],"picked":"Stack+1","floor":46},{"not_picked":["Barrage+1","Gash+1"],"picked":"Sweeping Beam+1","floor":47},{"not_picked":["Steam+1","Coolheaded+1"],"picked":"Amplify+1","floor":48},{"not_picked":["Hologram+1","Machine Learning+1"],"picked":"White Noise+1","floor":54}],"player_experience":459160,"relics_obtained":[{"floor":7.0,"key":"Girya"},{"floor":9.0,"key":"Sundial"},{"floor":10.0,"key":"Toxic Egg 2"},{"floor":23,"key":"Art of War"},{"floor":25,"key":"Mummified Hand"},{"floor":27,"key":"Frozen Egg 2"},{"floor":36,"key":"Du-Vu Doll"},{"floor":40,"key":"Cables"},{"floor":43,"key":"Dodecahedron"},{"floor":46,"key":"Happy Flower"},{"floor":48,"key":"Bronze Scales"},{"floor":54,"key":"Shuriken"}],"event_choices":[{"damage_healed":0.0,"max_hp_gain":0.0,"max_hp_loss":0.0,"gold_gain":0.0,"event_name":"Scrap Ooze","player_choice":"Success","floor":2.0,"gold_loss":0.0,"damage_taken":3.0,"relics_obtained":["Letter Opener"]},{"damage_healed":0.0,"max_hp_gain":0.0,"max_hp_loss":0.0,"gold_gain":0.0,"event_name":"WeMeetAgain","player_choice":"Gave Potion","floor":3.0,"gold_loss":0.0,"damage_taken":0.0,"relics_obtained":["Molten Egg 2"]},{"damage_healed":0.0,"max_hp_gain":0.0,"max_hp_loss":0.0,"gold_gain":0.0,"event_name":"Shining Light","player_choice":"Entered Light","floor":5.0,"gold_loss":0.0,"damage_taken":15.0,"cards_upgraded":["Defend_B","Strike_B"]},{"damage_healed":0.0,"max_hp_gain":0.0,"max_hp_loss":0.0,"gold_gain":175.0,"event_name":"Liars Game","player_choice":"AGREE","floor":11.0,"gold_loss":0.0,"damage_taken":0.0,"cards_obtained":["Doubt"]},{"damage_healed":0,"gold_gain":0,"player_choice":"Became a vampire","damage_taken":0,"max_hp_gain":0,"max_hp_loss":23,"event_name":"Vampires","floor":19,"gold_loss":0,"cards_obtained":["Bite","Bite","Bite","Bite","Bite"]},{"damage_healed":17,"gold_gain":0,"player_choice":"Heal","damage_taken":0,"max_hp_gain":0,"max_hp_loss":0,"event_name":"The Library","floor":22,"gold_loss":0},{"damage_healed":0,"gold_gain":0,"player_choice":"Opened","damage_taken":0,"relics_obtained":["Kunai"],"max_hp_gain":0,"max_hp_loss":0,"event_name":"The Mausoleum","floor":28,"gold_loss":0},{"damage_healed":0,"gold_gain":0,"player_choice":"Fight","damage_taken":0,"max_hp_gain":0,"max_hp_loss":0,"event_name":"Mysterious Sphere","floor":36,"gold_loss":0},{"damage_healed":0,"gold_gain":0,"player_choice":"Paid","damage_taken":0,"relics_obtained":["Red Mask"],"max_hp_gain":0,"max_hp_loss":0,"event_name":"Tomb of Lord Red Mask","floor":42,"gold_loss":182}],"is_beta":false,"boss_relics":[{"not_picked":["Snecko Eye","Fusion Hammer"],"picked":"Velvet Choker"},{"not_picked":["Pandora\u0027s Box","Empty Cage"],"picked":"Astrolabe"}],"items_purged_floors":[21],"is_endless":false,"potions_floor_spawned":[1,4,7,20,23,27,29,36,40,46,47,48,54],"killed_by":"The Heart","ascension_level":6}