{"gold_per_floor":[359,359,372,10,31,72,96,96,122,163,20,35,35,49,49,168,168,182,182,97,117,135,160,14,14,14,43,43,63,24,53,53,53],"floor_reached":33,"playtime":1852,"items_purged":["Injury"],"score":425,"play_id":"54c9417b-6e35-4181-90fa-2b087613c32a","local_time":"20190915011552","is_ascension_mode":true,"campfire_choices":[{"data":"Infinite Blades","floor":8,"key":"SMITH"},{"data":"Accuracy","floor":15,"key":"SMITH"},{"floor":28,"key":"REST"},{"floor":32,"key":"REST"}],"neow_cost":"TEN_PERCENT_HP_LOSS","seed_source_timestamp":196933329756500,"circlet_count":0,"master_deck":["Strike_G","Strike_G","Strike_G","Strike_G","Strike_G","Defend_G","Defend_G","Defend_G","Defend_G","Defend_G","Survivor","Neutralize","Slice","Leg Sweep","Cloak And Dagger+1","Infinite Blades+1","Dodge and Roll","Blade Dance","Acrobatics+1","Backstab","Accuracy+1","Dodge and Roll","A Thousand Cuts","Acrobatics+1","Acrobatics","Accuracy","Dagger Throw+1","Blade Dance","Cloak And Dagger","Escape Plan","Prepared","Footwork","Crippling Poison"],"relics":["Ring of the Snake","Bloody Idol","PreservedInsect","Juzu Bracelet","War Paint","MawBank","Bag of Marbles","Snecko Eye","Torii","Vajra","MutagenicStrength","Strawberry","Potion Belt","Blood Vial"],"potions_floor_usage":[6,6,10,12,16,16,23,33,33],"damage_taken":[{"damage":0,"enemies":"2 Louse","floor":1,"turns":2},{"damage":0,"enemies":"Cultist","floor":3,"turns":4},{"damage":2,"enemies":"Jaw Worm","floor":5,"turns":5},{"damage":2,"enemies":"Gremlin Nob","floor":6,"turns":3},{"damage":1,"enemies":"2 Fungi Beasts","floor":7,"turns":4},{"damage":26,"enemies":"3 Sentries","floor":10,"turns":10},{"damage":5,"enemies":"Large Slime","floor":12,"turns":5},{"damage":0,"enemies":"Blue Slaver","floor":14,"turns":3},{"damage":1,"enemies":"Hexaghost","floor":16,"turns":9},{"damage":1,"enemies":"Shell Parasite","floor":18,"turns":4},{"damage":0,"enemies":"3 Byrds","floor":21,"turns":4},{"damage":33,"enemies":"Snake Plant","floor":22,"turns":6},{"damage":2,"enemies":"Book of Stabbing","floor":23,"turns":5},{"damage":30,"enemies":"Gremlin Leader","floor":27,"turns":5},{"damage":1,"enemies":"Snecko","floor":29,"turns":4},{"damage":11,"enemies":"Slavers","floor":31,"turns":6},{"damage":62,"enemies":"Automaton","floor":33,"turns":6}],"seed_played":"-667426203479748165","potions_obtained":[{"floor":1,"key":"Strength Potion"},{"floor":5,"key":"Fire Potion"},{"floor":10,"key":"Explosive Potion"},{"floor":13,"key":"Strength Potion"},{"floor":13,"key":"SneckoOil"},{"floor":13,"key":"Block Potion"},{"floor":18,"key":"PowerPotion"},{"floor":31,"key":"Poison Potion"}],"is_trial":false,"path_per_floor":["M","?","M","$","M","E","M","R","T","E","$","M","?","M","R","B",null,"M","?","?","M","M","E","$","?","T","E","R","M","$","E","R","B"],"character_chosen":"THE_SILENT","items_purchased":["PreservedInsect","Cloak And Dagger","Infinite Blades","Regen Potion","Bag of Marbles","Blade Dance","Cloak And Dagger","Footwork"],"campfire_rested":2,"item_purchase_floors":[4,4,4,4,11,24,24,30],"current_hp_per_floor":[63,63,63,63,61,59,58,58,58,47,47,42,42,42,42,41,58,57,57,57,62,34,37,37,37,44,19,40,44,44,38,59,0],"gold":53,"neow_bonus":"TWO_FIFTY_GOLD","is_prod":false,"is_daily":false,"chose_seed":false,"campfire_upgraded":2,"win_rate":0,"timestamp":1568524552,"path_taken":["M","?","M","$","M","E","M","R","T","E","$","M","?","M","R","BOSS","M","?","?","M","M","E","$","?","T","E","R","M","$","E","R","BOSS"],"build_version":"2019-07-17","purchased_purges":1,"victory":false,"max_hp_per_floor":[63,63,63,63,63,63,63,63,63,63,63,63,63,63,63,63,63,63,63,63,63,63,63,63,63,70,70,70,70,70,70,70,70],"card_choices":[{"not_picked":["Crippling Poison","Prepared"],"picked":"Slice","floor":1},{"not_picked":["Riddle With Holes","Prepared"],"picked":"Leg Sweep","floor":3},{"not_picked":["Reflex","All Out Attack"],"picked":"Dodge and Roll","floor":5},{"not_picked":["Terror","Quick Slash"],"picked":"Blade Dance","floor":6},{"not_picked":["Flying Knee","Reflex"],"picked":"Acrobatics","floor":7},{"not_picked":["Underhanded Strike","Quick Slash"],"picked":"Backstab","floor":10},{"not_picked":["Prepared","Well Laid Plans"],"picked":"Accuracy","floor":12},{"not_picked":["Acrobatics","Expertise"],"picked":"Dodge and Roll","floor":14},{"not_picked":["Venomology","Doppelganger"],"picked":"A Thousand Cuts","floor":16},{"not_picked":["Skewer+1","Poisoned Stab"],"picked":"Acrobatics+1","floor":18},{"not_picked":["Dodge and Roll","Masterful Stab"],"picked":"Acrobatics","floor":21},{"not_picked":["Flying Knee","Dodge and Roll"],"picked":"Accuracy","floor":22},{"not_picked":["Crippling Poison","Expertise+1"],"picked":"Dagger Throw+1","floor":23},{"not_picked":["Sucker Punch","Endless Agony"],"picked":"Escape Plan","floor":27},{"not_picked":["Terror","Bane"],"picked":"Prepared","floor":29},{"not_picked":["Backstab+1","Well Laid Plans+1"],"picked":"Crippling Poison","floor":31}],"player_experience":617799,"relics_obtained":[{"floor":6,"key":"Juzu Bracelet"},{"floor":9,"key":"War Paint"},{"floor":10,"key":"MawBank"},{"floor":23,"key":"Vajra"},{"floor":26,"key":"Strawberry"},{"floor":27,"key":"Potion Belt"},{"floor":31,"key":"Blood Vial"}],"event_choices":[{"damage_healed":0,"gold_gain":0,"player_choice":"Take Wound","damage_taken":0,"relics_obtained":["Golden Idol"],"max_hp_gain":0,"max_hp_loss":0,"event_name":"Golden Idol","floor":2,"gold_loss":0,"cards_obtained":["Injury"]},{"damage_healed":0,"gold_gain":0,"player_choice":"Got Potions","damage_taken":0,"max_hp_gain":0,"max_hp_loss":0,"event_name":"Lab","floor":13,"gold_loss":0},{"damage_healed":0,"gold_gain":0,"player_choice":"Gave Idol","damage_taken":0,"relics_obtained":["Bloody Idol"],"max_hp_gain":0,"max_hp_loss":0,"event_name":"Forgotten Altar","floor":19,"relics_lost":["Golden Idol"],"gold_loss":0},{"damage_healed":0,"gold_gain":0,"player_choice":"Obtained Relic","damage_taken":0,"relics_obtained":["Torii"],"max_hp_gain":0,"max_hp_loss":0,"event_name":"Addict","floor":20,"gold_loss":85},{"damage_healed":0,"gold_gain":0,"player_choice":"Inject Mutagens","damage_taken":0,"relics_obtained":["MutagenicStrength"],"max_hp_gain":0,"max_hp_loss":0,"event_name":"Drug Dealer","floor":25,"gold_loss":0}],"is_beta":false,"boss_relics":[{"not_picked":["Pandora\u0027s Box","Ectoplasm"],"picked":"Snecko Eye"}],"items_purged_floors":[24],"is_endless":false,"potions_floor_spawned":[1,5,10,14,18,31],"killed_by":"Automaton","ascension_level":7}