{"gold_per_floor":[114,189,189,189,209,241,269,292,353,384,396,408],"floor_reached":12,"playtime":608,"items_purged":[],"score":110,"play_id":"151bf09b-4672-40ae-8dc0-35bbfe99c093","local_time":"20181227021335","is_ascension_mode":true,"campfire_choices":[{"data":"Dash","floor":11,"key":"SMITH"}],"neow_cost":"NONE","seed_source_timestamp":552153462339207,"circlet_count":0,"master_deck":["Defend_G","Defend_G","Defend_G","Defend_G","Strike_G","Strike_G","Strike_G","Strike_G","Strike_G","Survivor","Neutralize","Sucker Punch","Regret","Dash+1","Acrobatics","All Out Attack","Heel Hook","Backflip"],"relics":["Ring of the Snake","NeowsBlessing","Pantograph","MawBank"],"potions_floor_usage":[8,12],"damage_taken":[{"damage":0,"enemies":"Small Slimes","floor":1,"turns":1},{"damage":0,"enemies":"2 Louse","floor":5,"turns":1},{"damage":0,"enemies":"Gremlin Nob","floor":6,"turns":1},{"damage":4,"enemies":"Cultist","floor":7,"turns":4},{"damage":0,"enemies":"Exordium Wildlife","floor":8,"turns":3},{"damage":7,"enemies":"Large Slime","floor":10,"turns":5},{"damage":48,"enemies":"Lagavulin","floor":12,"turns":6}],"seed_played":"6183899368330806483","potions_obtained":[{"floor":6,"key":"Ancient Potion"},{"floor":7,"key":"Energy Potion"}],"is_trial":false,"path_per_floor":["M","?","?","?","M","E","M","M","T","M","R","E"],"character_chosen":"THE_SILENT","items_purchased":[],"campfire_rested":0,"item_purchase_floors":[],"current_hp_per_floor":[70,59,52,52,52,52,48,48,48,41,41,0],"gold":408,"neow_bonus":"THREE_ENEMY_KILL","is_prod":false,"is_daily":false,"chose_seed":false,"campfire_upgraded":1,"win_rate":0,"timestamp":1545894815,"path_taken":["M","?","?","?","M","E","M","M","T","M","R","E"],"build_version":"2018-12-20","purchased_purges":0,"victory":false,"max_hp_per_floor":[70,70,70,70,70,70,70,70,70,70,70,70],"card_choices":[{"not_picked":["Acrobatics","Dagger Spray"],"picked":"Sucker Punch","floor":1},{"not_picked":["Concentrate","Underhanded Strike"],"picked":"Dash","floor":5},{"not_picked":["Underhanded Strike","Bane"],"picked":"Acrobatics","floor":6},{"not_picked":["Underhanded Strike","Dodge and Roll"],"picked":"All Out Attack","floor":7},{"not_picked":["Reflex","Malaise"],"picked":"Heel Hook","floor":8},{"not_picked":["Caltrops","Terror"],"picked":"Backflip","floor":10}],"player_experience":202355,"relics_obtained":[{"floor":6,"key":"MawBank"}],"event_choices":[{"damage_healed":0,"gold_gain":75,"player_choice":"Gather Gold","damage_taken":11,"max_hp_gain":0,"max_hp_loss":0,"event_name":"World of Goop","floor":2,"gold_loss":0},{"cards_removed":["Defend_G"],"damage_healed":0,"gold_gain":0,"player_choice":"Card Removal","damage_taken":7,"max_hp_gain":0,"max_hp_loss":0,"event_name":"Golden Wing","floor":3,"gold_loss":0},{"damage_healed":0,"gold_gain":0,"player_choice":"Box","damage_taken":0,"relics_obtained":["Pantograph"],"max_hp_gain":0,"max_hp_loss":0,"event_name":"Big Fish","floor":4,"gold_loss":0,"cards_obtained":["Regret"]}],"is_beta":false,"boss_relics":[],"items_purged_floors":[],"is_endless":false,"potions_floor_spawned":[6,7],"killed_by":"Lagavulin","ascension_level":1}