{"gold_per_floor":[118,128,103,278,278,311,331,331,386,386,417,417,417,47,47,142,142,160,175,175],"floor_reached":20,"playtime":1312,"items_purged":[],"score":246,"play_id":"36431e3f-7f77-4a00-9102-b0e96d4bf262","local_time":"20190114211529","is_ascension_mode":true,"campfire_choices":[{"data":"Dualcast","floor":8,"key":"SMITH"},{"floor":12,"key":"REST"},{"data":"Redo","floor":15,"key":"SMITH"}],"neow_cost":"NONE","seed_source_timestamp":6874686172906,"circlet_count":0,"master_deck":["Strike_B","Strike_B","Strike_B","Defend_B","Defend_B","Defend_B","Defend_B","Zap","Dualcast+1","Self Repair","Lockon","Hologram","Doubt","Rip and Tear","BootSequence","Ball Lightning","Capacitor","Redo+1","Echo Form","Turbo","Barrage"],"relics":["Cracked Core","NeowsBlessing","Blood Vial","Ancient Tea Set","Sundial","Smiling Mask","Mercury Hourglass","Lizard Tail"],"potions_floor_usage":[11,20,20],"damage_taken":[{"damage":0,"enemies":"Cultist","floor":1,"turns":1},{"damage":0,"enemies":"Jaw Worm","floor":2,"turns":1},{"damage":0,"enemies":"Lagavulin","floor":6,"turns":1},{"damage":8,"enemies":"2 Louse","floor":7,"turns":2},{"damage":33,"enemies":"Gremlin Nob","floor":11,"turns":5},{"damage":29,"enemies":"Slime Boss","floor":16,"turns":8},{"damage":20,"enemies":"Chosen","floor":18,"turns":5},{"damage":47,"enemies":"2 Thieves","floor":19,"turns":4},{"damage":23,"enemies":"Colosseum Slavers","floor":20,"turns":3},{"damage":67,"enemies":"Colosseum Nobs","floor":20,"turns":3}],"seed_played":"-1017317938717490041","potions_obtained":[{"floor":2,"key":"PowerPotion"},{"floor":7,"key":"Fire Potion"},{"floor":11,"key":"SkillPotion"},{"floor":16,"key":"Dexterity Potion"}],"is_trial":false,"path_per_floor":["M","M","$","?","T","E","M","R","T","?","E","R","?","$","R","B",null,"M","M","?"],"character_chosen":"DEFECT","items_purchased":["Hologram","Capacitor","Mercury Hourglass","Redo"],"campfire_rested":1,"item_purchase_floors":[3,14,14,14],"current_hp_per_floor":[75,75,75,75,75,75,74,74,74,49,25,47,40,40,40,20,75,62,24,0],"gold":175,"neow_bonus":"THREE_ENEMY_KILL","is_prod":false,"is_daily":false,"chose_seed":false,"campfire_upgraded":2,"win_rate":0,"timestamp":1547518529,"path_taken":["M","?","$","?","?","E","M","R","T","?","E","R","?","$","R","BOSS","M","M","?"],"build_version":"2019-01-10","purchased_purges":0,"victory":false,"max_hp_per_floor":[75,75,75,75,75,75,75,75,75,75,75,75,75,75,75,75,75,75,75,75],"card_choices":[{"not_picked":["Turbo","Beam Cell"],"picked":"Self Repair","floor":1},{"not_picked":["Turbo","Beam Cell"],"picked":"Lockon","floor":2},{"not_picked":["Rebound","Aggregate"],"picked":"Rip and Tear","floor":6},{"not_picked":["Steam Power","Reinforced Body"],"picked":"BootSequence","floor":7},{"not_picked":["Rebound","Turbo"],"picked":"Ball Lightning","floor":11},{"not_picked":["Meteor Strike","Fission"],"picked":"Echo Form","floor":16},{"not_picked":["Streamline","Fusion"],"picked":"Turbo","floor":18},{"not_picked":["Turbo","Sweeping Beam"],"picked":"Barrage","floor":19}],"player_experience":410008,"relics_obtained":[{"floor":6,"key":"Blood Vial"},{"floor":9,"key":"Ancient Tea Set"},{"floor":11,"key":"Smiling Mask"}],"event_choices":[{"damage_healed":0,"gold_gain":175,"player_choice":"AGREE","damage_taken":0,"max_hp_gain":0,"max_hp_loss":0,"event_name":"Liars Game","floor":4,"gold_loss":0,"cards_obtained":["Doubt"]},{"damage_healed":0,"gold_gain":0,"player_choice":"Success","damage_taken":25,"relics_obtained":["Sundial"],"max_hp_gain":0,"max_hp_loss":0,"event_name":"Scrap Ooze","floor":10,"gold_loss":0},{"cards_removed":["Strike_B"],"damage_healed":0,"gold_gain":0,"player_choice":"Card Removal","damage_taken":7,"max_hp_gain":0,"max_hp_loss":0,"event_name":"Golden Wing","floor":13,"gold_loss":0},{"damage_healed":0,"gold_gain":0,"player_choice":"Fight","damage_taken":0,"max_hp_gain":0,"max_hp_loss":0,"event_name":"Colosseum","floor":20,"gold_loss":0},{"damage_healed":0,"gold_gain":0,"player_choice":"Fought Nobs","damage_taken":0,"max_hp_gain":0,"max_hp_loss":0,"event_name":"Colosseum","floor":20,"gold_loss":0}],"is_beta":false,"boss_relics":[{"not_picked":["White Beast Statue","Black Star"],"picked":"Lizard Tail"}],"items_purged_floors":[],"is_endless":false,"potions_floor_spawned":[2,7,11,16,18,20],"killed_by":"Colosseum Nobs","ascension_level":4}