{"gold_per_floor":[111,125,125,139,157,157,174,202,226,241,241,253,253,263,263,263],"floor_reached":16,"playtime":764,"items_purged":[],"score":133,"play_id":"dde414a9-5a34-4626-aca9-8172d88f4fe0","local_time":"20190819214908","is_ascension_mode":true,"campfire_choices":[{"data":"Strike_B","floor":6,"key":"PURGE"},{"data":"Redo","floor":13,"key":"SMITH"},{"data":"Dualcast","floor":15,"key":"SMITH"}],"neow_cost":"NONE","seed_source_timestamp":375385293606626,"circlet_count":0,"master_deck":["Strike_B","Strike_B","Strike_B","Defend_B+1","Defend_B","Defend_B","Defend_B+1","Zap+1","Dualcast+1","Self Repair","Auto Shields","Rebound","Redo+1","All For One","Redo+1","Turbo","Turbo"],"relics":["Cracked Core","Peace Pipe","War Paint","PreservedInsect"],"potions_floor_usage":[16],"damage_taken":[{"damage":7,"enemies":"Small Slimes","floor":1,"turns":3},{"damage":1,"enemies":"Cultist","floor":2,"turns":4},{"damage":4,"enemies":"Jaw Worm","floor":4,"turns":4},{"damage":0,"enemies":"2 Fungi Beasts","floor":5,"turns":3},{"damage":7,"enemies":"Exordium Thugs","floor":7,"turns":5},{"damage":30,"enemies":"Lagavulin","floor":8,"turns":7},{"damage":8,"enemies":"Blue Slaver","floor":10,"turns":3},{"damage":0,"enemies":"Exordium Wildlife","floor":12,"turns":3},{"damage":4,"enemies":"Red Slaver","floor":14,"turns":4},{"damage":62,"enemies":"Hexaghost","floor":16,"turns":9}],"seed_played":"2832149528341234569","potions_obtained":[{"floor":2,"key":"FocusPotion"},{"floor":5,"key":"Poison Potion"},{"floor":7,"key":"SpeedPotion"}],"is_trial":false,"path_per_floor":["M","M","?","M","M","R","M","E","T","M","?","M","R","M","R","B"],"character_chosen":"DEFECT","items_purchased":[],"campfire_rested":0,"item_purchase_floors":[],"current_hp_per_floor":[68,74,74,75,75,75,75,52,52,51,51,58,58,61,61,0],"gold":263,"neow_bonus":"UPGRADE_CARD","is_prod":false,"is_daily":false,"chose_seed":false,"campfire_upgraded":2,"win_rate":0,"timestamp":1566247748,"path_taken":["M","M","?","?","M","R","M","E","T","M","?","M","R","M","R","BOSS"],"build_version":"2019-07-17","purchased_purges":0,"victory":false,"max_hp_per_floor":[75,75,75,75,75,75,75,75,75,75,75,75,75,75,75,75],"card_choices":[{"not_picked":["Steam","Leap"],"picked":"Self Repair","floor":1},{"not_picked":["Glacier","Recycle"],"picked":"Auto Shields","floor":2},{"not_picked":["Blizzard","Force Field"],"picked":"Rebound","floor":4},{"not_picked":["Chill","Recycle"],"picked":"Redo","floor":5},{"not_picked":["Stack","Reprogram"],"picked":"All For One","floor":7},{"not_picked":["Consume","Sweeping Beam","Rip and Tear"],"picked":"SKIP","floor":8},{"not_picked":["Stack","Coolheaded"],"picked":"Redo","floor":10},{"not_picked":["Heatsinks","Sweeping Beam"],"picked":"Turbo","floor":12},{"not_picked":["Lockon","Streamline"],"picked":"Turbo","floor":14}],"player_experience":318345,"relics_obtained":[{"floor":8,"key":"War Paint"},{"floor":9,"key":"PreservedInsect"}],"event_choices":[{"damage_healed":0,"gold_gain":0,"player_choice":"Gave Potion","damage_taken":0,"relics_obtained":["Peace Pipe"],"max_hp_gain":0,"max_hp_loss":0,"event_name":"WeMeetAgain","floor":3,"gold_loss":0},{"damage_healed":0,"gold_gain":0,"player_choice":"Grow","damage_taken":0,"max_hp_gain":0,"max_hp_loss":0,"event_name":"Living Wall","floor":11,"gold_loss":0,"cards_upgraded":["Redo"]}],"is_beta":false,"boss_relics":[],"items_purged_floors":[],"is_endless":false,"potions_floor_spawned":[2,5,7],"killed_by":"Hexaghost","ascension_level":5}