{"gold_per_floor":[110,110,123,136,152,181,181,206,229,248,248,279,293,303,303,402,402,416,436,436,449,464,464],"floor_reached":23,"playtime":2711,"items_purged":[],"score":228,"play_id":"49e91786-97cb-4ddc-aad0-171e6ec84f43","local_time":"20181224144714","is_ascension_mode":true,"campfire_choices":[{"floor":11,"key":"REST"},{"data":"Zap","floor":15,"key":"SMITH"}],"neow_cost":"NONE","seed_source_timestamp":336054923186267,"circlet_count":0,"master_deck":["Zap+1","Dualcast+1","Capacitor","Sweeping Beam","Gash","Doom and Gloom","FTL","Seek","Echo Form","All For One","Chill","Rip and Tear","White Noise","Rebound","Blizzard","Barrage","Gash","Steam","Gash","Double Energy+1","Sweeping Beam+1"],"relics":["Cracked Core","Regal Pillow","Centennial Puzzle","Dream Catcher","Pandora\u0027s Box"],"potions_floor_usage":[6,16,16,22,23,23,23],"damage_taken":[{"damage":1,"enemies":"Cultist","floor":1,"turns":3},{"damage":3,"enemies":"Jaw Worm","floor":3,"turns":4},{"damage":0,"enemies":"2 Louse","floor":4,"turns":2},{"damage":6,"enemies":"Large Slime","floor":5,"turns":4},{"damage":9,"enemies":"Lagavulin","floor":6,"turns":7},{"damage":22,"enemies":"3 Sentries","floor":8,"turns":4},{"damage":5,"enemies":"Looter","floor":10,"turns":3},{"damage":16,"enemies":"Lagavulin","floor":12,"turns":6},{"damage":0,"enemies":"Exordium Wildlife","floor":13,"turns":3},{"damage":10,"enemies":"Exordium Thugs","floor":14,"turns":3},{"damage":23,"enemies":"The Guardian","floor":16,"turns":9},{"damage":10,"enemies":"Chosen","floor":18,"turns":3},{"damage":0,"enemies":"3 Byrds","floor":19,"turns":4},{"damage":42,"enemies":"Snake Plant","floor":21,"turns":4},{"damage":15,"enemies":"Snecko","floor":22,"turns":3},{"damage":20,"enemies":"Slavers","floor":23,"turns":1}],"seed_played":"-8940601112551485638","potions_obtained":[{"floor":1,"key":"Weak Potion"},{"floor":5,"key":"Block Potion"},{"floor":8,"key":"AttackPotion"},{"floor":14,"key":"SmokeBomb"},{"floor":16,"key":"Energy Potion"},{"floor":18,"key":"SteroidPotion"},{"floor":19,"key":"LiquidBronze"},{"floor":22,"key":"Swift Potion"}],"is_trial":false,"path_per_floor":["M","?","M","M","M","E","?","E","T","M","R","E","M","M","R","B",null,"M","M","?","M","M","E"],"character_chosen":"DEFECT","items_purchased":[],"campfire_rested":1,"item_purchase_floors":[],"current_hp_per_floor":[74,74,71,71,65,56,49,27,27,22,59,43,43,33,33,10,75,65,65,65,23,8,0],"gold":464,"neow_bonus":"UPGRADE_CARD","is_prod":false,"is_daily":false,"chose_seed":false,"campfire_upgraded":1,"win_rate":0,"timestamp":1545680834,"path_taken":["M","?","?","M","M","E","?","E","T","M","R","E","M","M","R","BOSS","M","M","?","M","M","E"],"build_version":"2018-12-20","purchased_purges":0,"victory":false,"max_hp_per_floor":[75,75,75,75,75,75,75,75,75,75,75,75,75,75,75,75,75,75,75,75,75,75,75],"card_choices":[{"not_picked":["Doom and Gloom","Compile Driver"],"picked":"Capacitor","floor":1},{"not_picked":["Leap","Cold Snap"],"picked":"Sweeping Beam","floor":3},{"not_picked":["Undo","Heatsinks"],"picked":"Gash","floor":4},{"not_picked":["Steam","Redo"],"picked":"Doom and Gloom","floor":5},{"not_picked":["Darkness","Scrape"],"picked":"FTL","floor":6},{"not_picked":["Barrage","Coolheaded"],"picked":"Seek","floor":8},{"not_picked":["Coolheaded","Streamline","Hello World"],"picked":"SKIP","floor":10},{"not_picked":["Coolheaded","Barrage"],"picked":"Echo Form","floor":12},{"not_picked":["Stack","Auto Shields","Heatsinks"],"picked":"SKIP","floor":13},{"not_picked":["Compile Driver","Double Energy","Cold Snap"],"picked":"SKIP","floor":14},{"not_picked":["Reboot","Amplify"],"picked":"All For One","floor":16},{"not_picked":["Capacitor+1","Conserve Battery"],"picked":"Gash","floor":18},{"not_picked":["Tempest","Go for the Eyes"],"picked":"Steam","floor":19},{"not_picked":["Self Repair","Compile Driver+1"],"picked":"Double Energy+1","floor":21},{"not_picked":["Compile Driver","Streamline"],"picked":"Sweeping Beam+1","floor":22}],"player_experience":111899,"relics_obtained":[{"floor":6,"key":"Regal Pillow"},{"floor":8,"key":"Centennial Puzzle"},{"floor":12,"key":"Dream Catcher"}],"event_choices":[{"cards_removed":["Strike_B"],"damage_healed":0,"gold_gain":0,"player_choice":"Offered Basic","damage_taken":0,"max_hp_gain":0,"max_hp_loss":0,"event_name":"Bonfire Elementals","floor":2,"gold_loss":0},{"cards_removed":["Strike_B"],"damage_healed":0,"gold_gain":0,"player_choice":"Card Removal","damage_taken":7,"max_hp_gain":0,"max_hp_loss":0,"event_name":"Golden Wing","floor":7,"gold_loss":0},{"damage_healed":0,"gold_gain":0,"player_choice":"Read","damage_taken":0,"max_hp_gain":0,"max_hp_loss":0,"event_name":"The Library","floor":20,"gold_loss":0,"cards_obtained":["Gash"]}],"is_beta":false,"boss_relics":[{"not_picked":["FrozenCore","Velvet Choker"],"picked":"Pandora\u0027s Box"}],"items_purged_floors":[],"is_endless":false,"potions_floor_spawned":[1,5,8,14,16,18,19,22],"killed_by":"Slavers","ascension_level":1}