{"gold_per_floor":[18,38,51,51,51,51,82,82,82,99,374,405,405,416,416,519,519,519,434,36,36,136,168,168,194,194,194,222,238,238,253,253,352,352,366,9,9,0,16,46,46,46,46,78,98,198,198,225,225,225],"floor_reached":50,"playtime":4171,"items_purged":[],"score":775,"play_id":"399926a5-1d4e-4b8f-a3df-02be168404ab","local_time":"20181226211958","is_ascension_mode":true,"campfire_choices":[{"data":"Venomology","floor":6,"key":"SMITH"},{"data":"Accuracy","floor":8,"key":"SMITH"},{"data":"Blade Dance","floor":15,"key":"SMITH"},{"data":"Concentrate","floor":24,"key":"SMITH"},{"floor":32,"key":"RECALL"},{"data":"Apotheosis","floor":42,"key":"SMITH"},{"data":"The Bomb","floor":47,"key":"SMITH"},{"data":"PiercingWail","floor":49,"key":"SMITH"}],"neow_cost":"NO_GOLD","seed_source_timestamp":530976599217904,"circlet_count":0,"master_deck":["Survivor","Neutralize","Accuracy+1","PiercingWail+1","PiercingWail","Venomology+1","Blade Dance","Blade Dance+1","Leg Sweep","Cloak And Dagger","Die Die Die+1","Concentrate+1","Outmaneuver","Eviscerate+1","Terror","Reflex","Bane+1","Sucker Punch+1","Dagger Throw+1","Flechettes+1","Slice+1","Glass Knife+1","Bite+1","Bite+1","Bite+1","Bite+1","Bite+1","Cloak And Dagger","PiercingWail","Noxious Fumes+1","Unload+1","Backstab+1","Accuracy+1","Finisher+1","Mind Blast+1","Dramatic Entrance+1","The Bomb+1","Apotheosis+1","Cloak And Dagger+1","Footwork+1","Parasite","Prepared+1","Envenom+1","Noxious Fumes+1","Leg Sweep+1"],"relics":["Ring of the Snake","Calipers","Molten Egg 2","PreservedInsect","Juzu Bracelet","Pandora\u0027s Box","Frozen Egg 2","Nunchaku","Pocketwatch","Pantograph","Letter Opener","Turnip","Shuriken","Torii","Cursed Key","Blood Vial","Red Mask","Snake Skull","Meat on the Bone","Tingsha","Bird Faced Urn","Toxic Egg 2"],"potions_floor_usage":[7,7,10,12,12,14,18,20,22,22,22,28,33,33,40,44,45,45,50],"damage_taken":[{"damage":0,"enemies":"Small Slimes","floor":1,"turns":7},{"damage":1,"enemies":"Cultist","floor":2,"turns":4},{"damage":0,"enemies":"Jaw Worm","floor":3,"turns":7},{"damage":14,"enemies":"Lagavulin","floor":7,"turns":7},{"damage":0,"enemies":"Large Slime","floor":10,"turns":9},{"damage":1,"enemies":"Gremlin Nob","floor":12,"turns":3},{"damage":0,"enemies":"2 Fungi Beasts","floor":14,"turns":3},{"damage":77,"enemies":"Hexaghost","floor":16,"turns":17},{"damage":4,"enemies":"Spheric Guardian","floor":18,"turns":3},{"damage":12,"enemies":"Colosseum Slavers","floor":22,"turns":4},{"damage":6,"enemies":"Colosseum Nobs","floor":22,"turns":3},{"damage":1,"enemies":"Book of Stabbing","floor":23,"turns":3},{"damage":0,"enemies":"Gremlin Leader","floor":25,"turns":3},{"damage":8,"enemies":"Slavers","floor":28,"turns":3},{"damage":0,"enemies":"Chosen","floor":29,"turns":4},{"damage":3,"enemies":"Snake Plant","floor":31,"turns":3},{"damage":14,"enemies":"Champ","floor":33,"turns":8},{"damage":13,"enemies":"Orb Walker","floor":35,"turns":3},{"damage":0,"enemies":"3 Shapes","floor":39,"turns":2},{"damage":0,"enemies":"Reptomancer","floor":40,"turns":2},{"damage":33,"enemies":"Nemesis","floor":44,"turns":3},{"damage":15,"enemies":"Transient","floor":45,"turns":5},{"damage":0,"enemies":"Mind Bloom Boss Battle","floor":46,"turns":3},{"damage":14,"enemies":"Giant Head","floor":48,"turns":5},{"damage":71,"enemies":"Donu and Deca","floor":50,"turns":4}],"seed_played":"-349076162524342260","potions_obtained":[{"floor":1,"key":"SpeedPotion"},{"floor":3,"key":"PowerPotion"},{"floor":10,"key":"Regen Potion"},{"floor":14,"key":"Dexterity Potion"},{"floor":16,"key":"SmokeBomb"},{"floor":23,"key":"Weak Potion"},{"floor":25,"key":"Energy Potion"},{"floor":33,"key":"Swift Potion"},{"floor":35,"key":"AttackPotion"},{"floor":44,"key":"Explosive Potion"}],"is_trial":false,"path_per_floor":["M","M","M","?","?","R","E","R","T","M","?","E","?","M","R","B",null,"M","?","$","?","?","E","R","E","T","?","E","M","?","M","R","B",null,"M","$","?","?","M","E","?","R","T","E","M","?","R","E","R","B"],"character_chosen":"THE_SILENT","items_purchased":["Nunchaku","Fruit Juice","Accuracy+1","Blood Vial","Finisher+1","Mind Blast+1"],"campfire_rested":0,"item_purchase_floors":[20,20,36,36,36,36],"current_hp_per_floor":[70,69,69,62,62,62,48,48,48,63,63,62,67,67,67,1,75,71,71,76,76,67,66,66,66,66,56,55,56,56,53,53,46,56,46,46,36,36,41,46,46,46,46,33,29,56,56,55,55,0],"gold":225,"neow_bonus":"ONE_RARE_RELIC","is_prod":false,"is_daily":false,"chose_seed":false,"campfire_upgraded":7,"win_rate":0,"timestamp":1545877198,"path_taken":["M","M","M","?","?","R","E","R","T","M","?","E","?","M","R","BOSS","M","?","$","?","?","E","R","E","T","?","E","M","?","M","R","BOSS","M","$","?","?","M","E","?","R","T","E","M","?","R","E","R","BOSS"],"build_version":"2018-12-20","purchased_purges":0,"victory":false,"max_hp_per_floor":[70,70,70,70,70,70,70,70,70,70,70,70,75,75,75,75,75,75,75,80,80,80,80,80,80,80,56,56,56,56,56,56,56,56,56,56,56,56,56,56,56,56,56,56,56,56,56,56,56,56],"card_choices":[{"not_picked":["Eviscerate","Distraction"],"picked":"Accuracy","floor":1},{"not_picked":["Dodge and Roll","Slice"],"picked":"PiercingWail","floor":2},{"not_picked":["Riddle With Holes","Malaise"],"picked":"PiercingWail","floor":3},{"not_picked":["Reflex","Backflip"],"picked":"Blade Dance","floor":7},{"not_picked":["Poisoned Stab+1","Blur"],"picked":"Blade Dance","floor":10},{"not_picked":["Dash+1","Dagger Spray+1"],"picked":"Leg Sweep","floor":12},{"not_picked":["PiercingWail","Acrobatics"],"picked":"Cloak And Dagger","floor":14},{"not_picked":["Night Terror","Doppelganger"],"picked":"Die Die Die+1","floor":16},{"not_picked":["Dagger Spray+1","Slice+1"],"picked":"Flechettes+1","floor":22},{"not_picked":["Poisoned Stab+1","Phantasmal Killer"],"picked":"Slice+1","floor":23},{"not_picked":["Slice+1","PiercingWail"],"picked":"Glass Knife+1","floor":25},{"not_picked":["Deadly Poison","Dagger Spray+1"],"picked":"Cloak And Dagger","floor":28},{"not_picked":["Cloak And Dagger","Masterful Stab+1"],"picked":"PiercingWail","floor":29},{"not_picked":["Blur","Blade Dance"],"picked":"Noxious Fumes+1","floor":31},{"not_picked":["Wraith Form v2+1","Burst"],"picked":"Unload+1","floor":33},{"not_picked":["Flying Knee+1","Deflect+1"],"picked":"Backstab+1","floor":35},{"not_picked":["Blind","Purity"],"picked":"Dramatic Entrance+1","floor":37},{"not_picked":["Impatience","Dark Shackles"],"picked":"The Bomb","floor":37},{"not_picked":["Swift Strike+1","Madness"],"picked":"Apotheosis","floor":37},{"not_picked":["Flechettes+1","Dagger Spray+1"],"picked":"Cloak And Dagger+1","floor":39},{"not_picked":["Outmaneuver+1","Escape Plan"],"picked":"Footwork+1","floor":40},{"not_picked":["Well Laid Plans+1","Deflect"],"picked":"Prepared+1","floor":44},{"not_picked":["Masterful Stab+1","PiercingWail+1"],"picked":"Envenom+1","floor":45},{"not_picked":["Flying Knee+1","Dagger Throw+1"],"picked":"Noxious Fumes+1","floor":46},{"not_picked":["Phantasmal Killer","Endless Agony+1"],"picked":"Leg Sweep+1","floor":48}],"player_experience":181524,"relics_obtained":[{"floor":7,"key":"Molten Egg 2"},{"floor":9,"key":"PreservedInsect"},{"floor":12,"key":"Juzu Bracelet"},{"floor":22,"key":"Pocketwatch"},{"floor":22,"key":"Pantograph"},{"floor":23,"key":"Letter Opener"},{"floor":25,"key":"Turnip"},{"floor":28,"key":"Shuriken"},{"floor":40,"key":"Snake Skull"},{"floor":43,"key":"Meat on the Bone"},{"floor":44,"key":"Tingsha"},{"floor":46,"key":"Bird Faced Urn"},{"floor":48,"key":"Toxic Egg 2"}],"event_choices":[{"cards_removed":["Strike_G"],"damage_healed":0,"gold_gain":0,"player_choice":"Card Removal","damage_taken":7,"max_hp_gain":0,"max_hp_loss":0,"event_name":"Golden Wing","floor":4,"gold_loss":0},{"damage_healed":0,"gold_gain":0,"cards_transformed":["Defend_G"],"player_choice":"Change","damage_taken":0,"max_hp_gain":0,"max_hp_loss":0,"event_name":"Living Wall","floor":5,"gold_loss":0,"cards_obtained":["Venomology"]},{"damage_healed":0,"gold_gain":275,"player_choice":"Desecrate","damage_taken":0,"max_hp_gain":0,"max_hp_loss":0,"event_name":"Golden Shrine","floor":11,"gold_loss":0,"cards_obtained":["Regret"]},{"damage_healed":0,"gold_gain":0,"player_choice":"Donut","damage_taken":0,"max_hp_gain":5,"max_hp_loss":0,"event_name":"Big Fish","floor":13,"gold_loss":0},{"damage_healed":0,"gold_gain":0,"player_choice":"Obtained Relic","damage_taken":0,"relics_obtained":["Frozen Egg 2"],"max_hp_gain":0,"max_hp_loss":0,"event_name":"Addict","floor":19,"gold_loss":85},{"cards_removed":["Regret"],"damage_healed":0,"gold_gain":0,"player_choice":"Elegance","damage_taken":0,"max_hp_gain":0,"max_hp_loss":0,"event_name":"Back to Basics","floor":21,"gold_loss":0},{"damage_healed":0,"gold_gain":0,"player_choice":"Fight","damage_taken":0,"max_hp_gain":0,"max_hp_loss":0,"event_name":"Colosseum","floor":22,"gold_loss":0},{"damage_healed":0,"gold_gain":0,"player_choice":"Fought Nobs","damage_taken":0,"max_hp_gain":0,"max_hp_loss":0,"event_name":"Colosseum","floor":22,"gold_loss":0},{"damage_healed":0,"gold_gain":0,"player_choice":"Became a vampire","damage_taken":0,"max_hp_gain":0,"max_hp_loss":24,"event_name":"Vampires","floor":27,"gold_loss":0,"cards_obtained":["Bite","Bite","Bite","Bite","Bite"]},{"damage_healed":0,"gold_gain":0,"player_choice":"Opened","damage_taken":0,"relics_obtained":["Torii"],"max_hp_gain":0,"max_hp_loss":0,"event_name":"The Mausoleum","floor":30,"gold_loss":0},{"damage_healed":0,"gold_gain":0,"player_choice":"Memory 3","damage_taken":10,"max_hp_gain":0,"max_hp_loss":0,"event_name":"SensoryStone","floor":37,"gold_loss":0},{"damage_healed":0,"gold_gain":0,"player_choice":"Paid","damage_taken":0,"relics_obtained":["Red Mask"],"max_hp_gain":0,"max_hp_loss":0,"event_name":"Tomb of Lord Red Mask","floor":38,"gold_loss":9},{"damage_healed":0,"gold_gain":0,"player_choice":"Ignored","damage_taken":0,"max_hp_gain":0,"max_hp_loss":0,"event_name":"SecretPortal","floor":41,"gold_loss":0},{"damage_healed":0,"gold_gain":0,"player_choice":"Fight","damage_taken":0,"max_hp_gain":0,"max_hp_loss":0,"event_name":"MindBloom","floor":46,"gold_loss":0}],"is_beta":false,"boss_relics":[{"not_picked":["HoveringKite","Coffee Dripper"],"picked":"Pandora\u0027s Box"},{"not_picked":["Runic Pyramid","Velvet Choker"],"picked":"Cursed Key"}],"items_purged_floors":[],"is_endless":false,"potions_floor_spawned":[1,3,10,14,16,22,23,25,33,35,40,44],"killed_by":"Donu and Deca","ascension_level":1}