{"gold_per_floor":[363,323,341,18,28,28,62,77,148,177,177,195,270,284,284,381,381,393,407,407,421,39,99,99,122,146,178,188,208,233,249,249,349,349,369,381,381,453,94,119,119,137,164,194,214,0,0,10,10,10,10,10,10,39,39],"floor_reached":56,"playtime":7597,"items_purged":["Defend_B"],"score":1512,"play_id":"d4ed5105-2e8f-4b39-963a-3450c0d77ee4","local_time":"20181224231856","is_ascension_mode":true,"campfire_choices":[{"data":"Tempest","floor":6,"key":"SMITH"},{"data":"Dualcast","floor":11,"key":"SMITH"},{"floor":15,"key":"REST"},{"data":"Metamorphosis","floor":24,"key":"SMITH"},{"floor":32,"key":"REST"},{"floor":41,"key":"RECALL"},{"data":"White Noise","floor":49,"key":"SMITH"},{"data":"Bite","floor":52,"key":"SMITH"}],"neow_cost":"PERCENT_DAMAGE","seed_source_timestamp":361858396854803,"circlet_count":0,"master_deck":["Defend_B","Defend_B","Defend_B","Zap","Dualcast+1","Ball Lightning","Tempest+1","Metamorphosis+1","Beam Cell+1","BootSequence","Rip and Tear","Gash","Hologram","Lockon","Echo Form","Steam","Meteor Strike","Gash","Beam Cell","Redo+1","Stack+1","Bite","Bite","Bite","Bite+1","Bite+1","White Noise+1","Gash","Chill+1","Gash+1","Steam+1","Buffer","Beam Cell+1","Loop","Thunder Strike","Conserve Battery+1","Gash+1","Buffer","Hologram+1","Reprogram","Steam","Hologram","Reboot","Gash","Gash+1","Double Energy+1","Redo+1","BootSequence","Double Energy+1","Steam+1"],"relics":["Cracked Core","Vajra","Prayer Wheel","PreservedInsect","Nuclear Battery","Mango","Tiny Chest","Centennial Puzzle","Whetstone","Pen Nib","Strawberry","Lizard Tail","Unceasing Top","Kunai","FossilizedHelix","Orichalcum","Potion Belt","Blood Vial","Red Mask","Letter Opener"],"potions_floor_usage":[7,19,23,23,27,42,48,50,50,50,55],"damage_taken":[{"damage":0,"enemies":"Cultist","floor":1,"turns":4},{"damage":6,"enemies":"Jaw Worm","floor":3,"turns":3},{"damage":0,"enemies":"Small Slimes","floor":5,"turns":2},{"damage":6,"enemies":"Lagavulin","floor":7,"turns":3},{"damage":2,"enemies":"Blue Slaver","floor":8,"turns":3},{"damage":16,"enemies":"Gremlin Nob","floor":10,"turns":3},{"damage":0,"enemies":"Lots of Slimes","floor":12,"turns":3},{"damage":3,"enemies":"Red Slaver","floor":14,"turns":2},{"damage":29,"enemies":"The Guardian","floor":16,"turns":7},{"damage":5,"enemies":"3 Byrds","floor":18,"turns":4},{"damage":4,"enemies":"Shell Parasite","floor":19,"turns":4},{"damage":14,"enemies":"Centurion and Healer","floor":21,"turns":3},{"damage":4,"enemies":"Slavers","floor":23,"turns":3},{"damage":19,"enemies":"Gremlin Leader","floor":27,"turns":5},{"damage":9,"enemies":"Chosen and Byrds","floor":28,"turns":5},{"damage":9,"enemies":"Snake Plant","floor":29,"turns":2},{"damage":8,"enemies":"Book of Stabbing","floor":30,"turns":4},{"damage":31,"enemies":"3 Cultists","floor":31,"turns":5},{"damage":20,"enemies":"Automaton","floor":33,"turns":7},{"damage":26,"enemies":"3 Darklings","floor":35,"turns":6},{"damage":16,"enemies":"Orb Walker","floor":36,"turns":4},{"damage":0,"enemies":"Giant Head","floor":40,"turns":8},{"damage":20,"enemies":"3 Darklings","floor":42,"turns":4},{"damage":0,"enemies":"Nemesis","floor":44,"turns":3},{"damage":0,"enemies":"4 Shapes","floor":45,"turns":2},{"damage":0,"enemies":"Transient","floor":48,"turns":5},{"damage":13,"enemies":"Donu and Deca","floor":50,"turns":4},{"damage":16,"enemies":"Shield and Spear","floor":54,"turns":5},{"damage":95,"enemies":"The Heart","floor":55,"turns":8}],"seed_played":"-4647228769128326480","potions_obtained":[{"floor":2,"key":"Fire Potion"},{"floor":2,"key":"Weak Potion"},{"floor":2,"key":"Block Potion"},{"floor":12,"key":"FocusPotion"},{"floor":19,"key":"Block Potion"},{"floor":30,"key":"Dexterity Potion"},{"floor":31,"key":"Strength Potion"},{"floor":36,"key":"Regen Potion"},{"floor":44,"key":"SpeedPotion"},{"floor":45,"key":"Energy Potion"},{"floor":54,"key":"Swift Potion"}],"is_trial":false,"path_per_floor":["M","?","M","$","M","R","E","M","T","E","R","M","?","M","R","B",null,"M","M","?","M","$","E","R","T","T","E","M","M","E","M","R","B",null,"M","M","T","T","$","E","R","M","T","E","M","?","?","M","R","B",null,"R","$","E","B",null],"character_chosen":"DEFECT","items_purchased":["Metamorphosis","Vajra","Mango","FossilizedHelix","Reboot"],"campfire_rested":2,"item_purchase_floors":[4,4,22,39,39],"current_hp_per_floor":[54,54,48,48,48,48,42,40,40,24,24,24,13,10,32,3,75,70,66,52,40,54,54,54,54,54,42,42,35,45,20,41,27,73,49,39,39,39,39,50,50,53,53,60,68,68,68,73,73,64,73,73,73,61,32],"gold":39,"neow_bonus":"TWO_FIFTY_GOLD","is_prod":false,"is_daily":false,"chose_seed":false,"campfire_upgraded":5,"win_rate":0,"timestamp":1545711536,"path_taken":["M","?","M","$","?","R","E","M","T","E","R","M","?","M","R","BOSS","M","M","?","M","$","E","R","?","T","E","?","M","E","M","R","BOSS","M","M","?","?","?","E","R","M","T","E","M","?","?","M","R","BOSS","R","$","E","BOSS"],"build_version":"2018-12-20","purchased_purges":1,"victory":true,"max_hp_per_floor":[75,75,75,75,75,75,75,75,75,75,75,75,75,75,75,75,75,75,75,52,52,66,66,66,66,66,66,66,66,73,73,73,73,73,73,73,73,73,73,73,73,73,73,73,73,73,73,73,73,73,73,73,73,73,73],"card_choices":[{"not_picked":["Coolheaded","Storm"],"picked":"Ball Lightning","floor":1},{"not_picked":["Glacier","Coolheaded"],"picked":"Tempest","floor":3},{"not_picked":["Cold Snap","Conserve Battery"],"picked":"Beam Cell","floor":5},{"not_picked":["Sweeping Beam","Coolheaded"],"picked":"BootSequence","floor":7},{"not_picked":["Steam Power","Heatsinks"],"picked":"Rip and Tear","floor":8},{"not_picked":["Turbo","Leap"],"picked":"Gash","floor":8},{"not_picked":["Cold Snap","Turbo"],"picked":"Hologram","floor":10},{"not_picked":["Sweeping Beam","Barrage"],"picked":"Gash","floor":12},{"not_picked":["Barrage","Ball Lightning"],"picked":"Lockon","floor":12},{"not_picked":["Reprogram","Gash"],"picked":"Echo Form","floor":14},{"not_picked":["Hologram","White Noise"],"picked":"Steam","floor":14},{"not_picked":["Amplify","Echo Form"],"picked":"Meteor Strike","floor":16},{"not_picked":["Go for the Eyes","Reprogram"],"picked":"Gash","floor":18},{"not_picked":["Fusion","Cold Snap"],"picked":"Beam Cell","floor":18},{"not_picked":["BootSequence","Gash+1"],"picked":"Redo+1","floor":19},{"not_picked":["Aggregate","Rebound+1"],"picked":"Stack+1","floor":19},{"not_picked":["Rip and Tear","Steam Power"],"picked":"White Noise","floor":21},{"not_picked":["Rebound+1","Compile Driver"],"picked":"Gash","floor":21},{"not_picked":["Turbo","Echo Form"],"picked":"Chill+1","floor":23},{"not_picked":["Ball Lightning+1","Rebound"],"picked":"Gash+1","floor":27},{"not_picked":["Go for the Eyes","Capacitor"],"picked":"Steam+1","floor":28},{"not_picked":["Conserve Battery","Sweeping Beam"],"picked":"Buffer","floor":28},{"not_picked":["Barrage","Sunder"],"picked":"Beam Cell+1","floor":29},{"not_picked":["Coolheaded","Ball Lightning"],"picked":"Loop","floor":29},{"not_picked":["Sweeping Beam+1","Go for the Eyes"],"picked":"Thunder Strike","floor":30},{"not_picked":["Rebound","Self Repair"],"picked":"Conserve Battery+1","floor":31},{"not_picked":["Rebound","Heatsinks+1"],"picked":"Gash+1","floor":31},{"not_picked":["Seek","Electrodynamics"],"picked":"Buffer","floor":33},{"not_picked":["Ball Lightning","Reprogram+1"],"picked":"Hologram+1","floor":35},{"not_picked":["Rip and Tear","Steam+1"],"picked":"Reprogram","floor":35},{"not_picked":["Beam Cell+1","Coolheaded+1"],"picked":"Steam","floor":36},{"not_picked":["Cold Snap","Consume"],"picked":"Hologram","floor":36},{"not_picked":["Rebound","Stack+1"],"picked":"Gash","floor":40},{"not_picked":["Stack+1","Rebound+1"],"picked":"Gash+1","floor":42},{"not_picked":["Scrape+1","Coolheaded"],"picked":"Double Energy+1","floor":42},{"not_picked":["Compile Driver+1","Buffer"],"picked":"Redo+1","floor":44},{"not_picked":["Turbo","Redo+1"],"picked":"BootSequence","floor":45},{"not_picked":["Skim+1","Blizzard"],"picked":"Double Energy+1","floor":45},{"not_picked":["Sunder+1","Turbo+1"],"picked":"Steam+1","floor":48},{"not_picked":["Compile Driver+1","Barrage+1","Cold Snap"],"picked":"SKIP","floor":48},{"not_picked":["Creative AI","Sweeping Beam+1","Ball Lightning"],"picked":"SKIP","floor":54}],"player_experience":114610,"relics_obtained":[{"floor":7,"key":"Prayer Wheel"},{"floor":10,"key":"PreservedInsect"},{"floor":23,"key":"Tiny Chest"},{"floor":25,"key":"Centennial Puzzle"},{"floor":26,"key":"Whetstone"},{"floor":27,"key":"Pen Nib"},{"floor":30,"key":"Strawberry"},{"floor":37,"key":"Unceasing Top"},{"floor":38,"key":"Kunai"},{"floor":40,"key":"Orichalcum"},{"floor":43,"key":"Potion Belt"},{"floor":44,"key":"Blood Vial"},{"floor":54,"key":"Letter Opener"}],"event_choices":[{"damage_healed":0,"gold_gain":0,"player_choice":"Bought 3 Potions","damage_taken":0,"max_hp_gain":0,"max_hp_loss":0,"event_name":"The Woman in Blue","floor":2,"gold_loss":0},{"damage_healed":0,"gold_gain":75,"player_choice":"Gather Gold","damage_taken":11,"max_hp_gain":0,"max_hp_loss":0,"event_name":"World of Goop","floor":13,"gold_loss":0},{"damage_healed":0,"gold_gain":0,"player_choice":"Became a vampire","damage_taken":0,"max_hp_gain":0,"max_hp_loss":23,"event_name":"Vampires","floor":20,"gold_loss":0,"cards_obtained":["Bite","Bite","Bite","Bite","Bite"]},{"damage_healed":0,"gold_gain":0,"player_choice":"Paid","damage_taken":0,"relics_obtained":["Red Mask"],"max_hp_gain":0,"max_hp_loss":0,"event_name":"Tomb of Lord Red Mask","floor":46,"gold_loss":214},{"cards_removed":["Gash"],"damage_healed":0,"gold_gain":0,"player_choice":"Removed Attack","damage_taken":0,"max_hp_gain":0,"max_hp_loss":0,"event_name":"Falling","floor":47,"gold_loss":0}],"is_beta":false,"boss_relics":[{"not_picked":["Coffee Dripper","Runic Pyramid"],"picked":"Nuclear Battery"},{"not_picked":["Sozu","Busted Crown"],"picked":"Lizard Tail"}],"items_purged_floors":[22],"is_endless":false,"potions_floor_spawned":[3,5,12,14,18,19,30,31,36,44,45,54],"ascension_level":1}