{"gold_per_floor":[116,216,233,249,249,249,263,263,289,42,42,42,53,79,79,183,183,197,216,216,229,37,72,72,99,154,154],"floor_reached":27,"playtime":2409,"items_purged":[],"score":251,"play_id":"3525958b-03a5-4d4b-8537-6a1f0f85c3fa","local_time":"20181221201326","is_ascension_mode":false,"campfire_choices":[{"data":"Distraction","floor":6,"key":"SMITH"},{"data":"Neutralize","floor":8,"key":"SMITH"},{"data":"Deadly Poison","floor":12,"key":"SMITH"},{"data":"Sucker Punch","floor":15,"key":"SMITH"}],"neow_cost":"NONE","seed_source_timestamp":96728545529339,"circlet_count":0,"master_deck":["Defend_G","Defend_G","Defend_G","Defend_G","Defend_G","Strike_G","Strike_G","Strike_G","Strike_G","Strike_G","Survivor","Neutralize+1","Deadly Poison+1","Prepared","Distraction+1","Regret","Burst","Sucker Punch+1","Tools of the Trade","Unload","Blade Dance+1","Distraction","Dagger Throw+1","Sadistic Nature","Blur","Storm of Steel"],"relics":["Ring of the Snake","Bronze Scales","Pen Nib","Mercury Hourglass","Happy Flower","Black Star","Centennial Puzzle","Pantograph","Nloth\u0027s Gift","Regal Pillow","FossilizedHelix","Vajra"],"potions_floor_usage":[14,16,21,23,25,27],"damage_taken":[{"damage":6,"enemies":"2 Louse","floor":1,"turns":3},{"damage":0,"enemies":"Cultist","floor":3,"turns":3},{"damage":1,"enemies":"Jaw Worm","floor":4,"turns":4},{"damage":15,"enemies":"2 Fungi Beasts","floor":7,"turns":4},{"damage":1,"enemies":"Looter","floor":13,"turns":3},{"damage":6,"enemies":"3 Sentries","floor":14,"turns":5},{"damage":39,"enemies":"Slime Boss","floor":16,"turns":13},{"damage":8,"enemies":"Shell Parasite","floor":18,"turns":3},{"damage":5,"enemies":"2 Thieves","floor":19,"turns":4},{"damage":31,"enemies":"Chosen and Byrds","floor":21,"turns":6},{"damage":7,"enemies":"Book of Stabbing","floor":23,"turns":6},{"damage":21,"enemies":"Gremlin Leader","floor":25,"turns":5},{"damage":5,"enemies":"Centurion and Healer","floor":27,"turns":3}],"seed_played":"-4872428950711799271","potions_obtained":[{"floor":3,"key":"Poison Potion"},{"floor":4,"key":"Dexterity Potion"},{"floor":13,"key":"Swift Potion"},{"floor":14,"key":"SkillPotion"},{"floor":18,"key":"GamblersBrew"},{"floor":21,"key":"Dexterity Potion"}],"is_trial":false,"path_per_floor":["M","?","M","M","?","R","M","R","T","$","?","R","M","E","R","B",null,"M","M","?","M","$","E","?","E","T","M"],"character_chosen":"THE_SILENT","items_purchased":["Mercury Hourglass","Sadistic Nature"],"campfire_rested":0,"item_purchase_floors":[10,22],"current_hp_per_floor":[71,71,71,70,70,70,55,55,55,55,48,48,47,41,41,2,77,69,64,64,33,33,26,26,5,5,0],"gold":154,"neow_bonus":"TEN_PERCENT_HP_BONUS","is_prod":false,"is_daily":false,"chose_seed":false,"campfire_upgraded":4,"win_rate":0.0,"timestamp":1545441206,"path_taken":["M","?","?","M","?","R","M","R","T","$","?","R","M","E","R","BOSS","M","M","?","M","?","E","?","E","T","?"],"build_version":"2018-12-20","purchased_purges":0,"victory":false,"max_hp_per_floor":[77,77,77,77,77,77,77,77,77,77,77,77,77,77,77,77,77,77,77,77,77,77,77,77,77,77,77],"card_choices":[{"not_picked":["Dodge and Roll","Slice"],"picked":"Deadly Poison","floor":1},{"not_picked":["Acrobatics","Reflex"],"picked":"Prepared","floor":3},{"not_picked":["Dagger Throw","Dagger Spray"],"picked":"Distraction","floor":4},{"not_picked":["Dodge and Roll","Slice"],"picked":"Burst","floor":7},{"not_picked":["Acrobatics","Prepared"],"picked":"Sucker Punch","floor":13},{"not_picked":["Blade Dance","Backflip"],"picked":"Tools of the Trade","floor":14},{"not_picked":["Envenom","Glass Knife"],"picked":"Unload","floor":16},{"not_picked":["PiercingWail","Predator"],"picked":"Blade Dance+1","floor":18},{"not_picked":["Bane","Masterful Stab"],"picked":"Distraction","floor":19},{"not_picked":["Blur+1","Underhanded Strike"],"picked":"Dagger Throw+1","floor":21},{"not_picked":["Sucker Punch+1","Skewer"],"picked":"Blur","floor":23},{"not_picked":["Adrenaline","A Thousand Cuts"],"picked":"Storm of Steel","floor":25}],"player_experience":33510,"relics_obtained":[{"floor":9,"key":"Pen Nib"},{"floor":14,"key":"Bag of Preparation"},{"floor":23,"key":"Centennial Puzzle"},{"floor":23,"key":"Pantograph"},{"floor":25,"key":"Regal Pillow"},{"floor":25,"key":"FossilizedHelix"},{"floor":26,"key":"Vajra"}],"event_choices":[{"damage_healed":0,"gold_gain":100,"player_choice":"Pray","damage_taken":0,"max_hp_gain":0,"max_hp_loss":0,"event_name":"Golden Shrine","floor":2,"gold_loss":0},{"damage_healed":0,"gold_gain":0,"player_choice":"Box","damage_taken":0,"relics_obtained":["Bronze Scales"],"max_hp_gain":0,"max_hp_loss":0,"event_name":"Big Fish","floor":5,"gold_loss":0,"cards_obtained":["Regret"]},{"damage_healed":0,"gold_gain":0,"player_choice":"Success","damage_taken":7,"relics_obtained":["Happy Flower"],"max_hp_gain":0,"max_hp_loss":0,"event_name":"Scrap Ooze","floor":11,"gold_loss":0},{"damage_healed":0,"gold_gain":0,"player_choice":"Bought 0 Potions","damage_taken":0,"max_hp_gain":0,"max_hp_loss":0,"event_name":"The Woman in Blue","floor":20,"gold_loss":0},{"damage_healed":0,"gold_gain":0,"player_choice":"Traded Relic","damage_taken":0,"relics_obtained":["Nloth\u0027s Gift"],"max_hp_gain":0,"max_hp_loss":0,"event_name":"N\u0027loth","floor":24,"relics_lost":["Bag of Preparation"],"gold_loss":0}],"is_beta":false,"boss_relics":[{"not_picked":["Snecko Eye","Velvet Choker"],"picked":"Black Star"}],"items_purged_floors":[],"is_endless":false,"potions_floor_spawned":[3,4,13,14,18,21],"killed_by":"Centurion and Healer","ascension_level":0}