{"gold_per_floor":[117,136,148,73,83,116,116,146,146,176,192,192],"floor_reached":12,"playtime":987,"items_purged":["Defend_B"],"score":90,"play_id":"87327a04-6cb6-48de-abbf-c2027b896000","local_time":"20180623082420","is_ascension_mode":false,"campfire_choices":[{"data":"Dualcast","floor":7,"key":"SMITH"}],"neow_cost":"","seed_source_timestamp":0,"circlet_count":0,"master_deck":["Strike_B","Strike_B","Strike_B","Strike_B","Defend_B","Defend_B","Defend_B","Zap","Dualcast+1","Self Repair","Doom and Gloom","Ball Lightning","Compile Driver","Barrage","Fission","FTL"],"special_seed":0,"relics":["Cracked Core","Centennial Puzzle","Incense Burner","Girya","Question Card"],"potions_floor_usage":[10],"damage_taken":[{"damage":0.0,"enemies":"2 Louse","floor":1.0,"turns":3.0},{"damage":11.0,"enemies":"Jaw Worm","floor":2.0,"turns":4.0},{"damage":6.0,"enemies":"Cultist","floor":3.0,"turns":3.0},{"damage":21,"enemies":"Exordium Wildlife","floor":5,"turns":4},{"damage":30,"enemies":"3 Sentries","floor":6,"turns":5},{"damage":31,"enemies":"Lagavulin","floor":10,"turns":4},{"damage":0,"enemies":"2 Fungi Beasts","floor":11,"turns":3},{"damage":21,"enemies":"Exordium Thugs","floor":12,"turns":2}],"seed_played":"-8144465157798644474","potions_obtained":[{"floor":2.0,"key":"SteroidPotion"},{"floor":3.0,"key":"Ancient Potion"},{"floor":10,"key":"SteroidPotion"}],"is_trial":false,"path_per_floor":["M","M","M","$","M","E","R","?","T","E","M"],"character_chosen":"DEFECT","items_purchased":[],"campfire_rested":0,"item_purchase_floors":[],"current_hp_per_floor":[75,71,72,72,58,35,35,35,35,11,18,0],"gold":192,"neow_bonus":"","is_prod":false,"is_daily":false,"chose_seed":false,"campfire_upgraded":1,"win_rate":0.0,"timestamp":1529738660,"path_taken":["M","M","M","$","M","E","R","?","T","E","M","M"],"build_version":"2018-06-21v2","purchased_purges":1,"victory":false,"max_hp_per_floor":[75,75,75,75,75,75,75,75,75,75,75,75],"card_choices":[{"not_picked":["Gash","Sweeping Beam"],"picked":"Self Repair","floor":1.0},{"not_picked":["Genetic Algorithm","Compile Driver"],"picked":"Doom and Gloom","floor":2.0},{"not_picked":["White Noise","Double Energy"],"picked":"Ball Lightning","floor":3.0},{"not_picked":["Gash","Coolheaded"],"picked":"Compile Driver","floor":5},{"not_picked":["Skim","Streamline"],"picked":"Barrage","floor":6},{"not_picked":["Go for the Eyes","BootSequence"],"picked":"Fission","floor":10},{"not_picked":["Beam Cell","Streamline","Hologram"],"picked":"FTL","floor":11}],"player_experience":21219,"relics_obtained":[{"floor":6,"key":"Centennial Puzzle"},{"floor":9,"key":"Girya"},{"floor":10,"key":"Question Card"}],"event_choices":[{"event_name":"Dead Adventurer","player_choice":"Searched \u00273\u0027 times","floor":8,"damage_taken":0}],"boss_relics":[],"items_purged_floors":[4],"is_endless":false,"potions_floor_spawned":[2,3,10],"killed_by":"Exordium Thugs","ascension_level":0}