{"gold_per_floor":[15,15,15,34,34,73,73,93,93,58,58,71,71,89,89,218,218,231,231,281,302,320,344,344,357,382,382],"floor_reached":27,"playtime":899,"items_purged":[],"score":240,"play_id":"39d1f9b9-656e-488c-b49a-621be3d41034","local_time":"20181230142358","is_ascension_mode":false,"campfire_choices":[{"data":"Havoc","floor":7,"key":"SMITH"},{"data":"Bash","floor":11,"key":"SMITH"},{"data":"Armaments","floor":15,"key":"SMITH"},{"floor":24,"key":"REST"}],"neow_cost":"NO_GOLD","seed_source_timestamp":76127249646412,"circlet_count":0,"master_deck":["Bash+1","Havoc+1","Metallicize","Armaments+1","Rampage","Pommel Strike","Headbutt","Offering","Heavy Blade","Feed","Headbutt","Sentinel","Limit Break","Ghostly Armor","Havoc","Armaments","Corruption","Havoc","Headbutt","Shrug It Off+1","Heavy Blade+1","Headbutt"],"relics":["Burning Blood","Blue Candle","Golden Idol","Bronze Scales","Sundial","Pandora\u0027s Box","Nilry\u0027s Codex","Anchor"],"potions_floor_usage":[16,18],"damage_taken":[{"damage":9,"enemies":"Jaw Worm","floor":1,"turns":5},{"damage":4,"enemies":"Small Slimes","floor":4,"turns":4},{"damage":28,"enemies":"3 Sentries","floor":6,"turns":11},{"damage":0,"enemies":"2 Louse","floor":8,"turns":2},{"damage":13,"enemies":"Large Slime","floor":12,"turns":5},{"damage":6,"enemies":"3 Louse","floor":14,"turns":3},{"damage":35,"enemies":"The Guardian","floor":16,"turns":9},{"damage":6,"enemies":"Chosen","floor":18,"turns":4},{"damage":21,"enemies":"2 Thieves","floor":21,"turns":2},{"damage":29,"enemies":"Snecko","floor":22,"turns":5},{"damage":21,"enemies":"Centurion and Healer","floor":23,"turns":6},{"damage":38,"enemies":"Shelled Parasite and Fungi","floor":25,"turns":6},{"damage":17,"enemies":"Snake Plant","floor":27,"turns":1}],"seed_played":"1051562205292891147","potions_obtained":[{"floor":8,"key":"Dexterity Potion"},{"floor":14,"key":"SteroidPotion"},{"floor":16,"key":"Fire Potion"},{"floor":18,"key":"EssenceOfSteel"}],"is_trial":false,"path_per_floor":["M","?","?","M","?","E","R","M","T","?","R","M","$","M","R","B",null,"M","?","?","M","M","M","R","M","T","M"],"character_chosen":"IRONCLAD","items_purchased":[],"campfire_rested":1,"item_purchase_floors":[],"current_hp_per_floor":[93,81,62,64,64,42,42,48,48,70,70,63,63,63,63,34,89,89,73,73,58,35,20,46,14,14,0],"gold":382,"neow_bonus":"TWENTY_PERCENT_HP_BONUS","is_prod":false,"is_daily":false,"chose_seed":false,"campfire_upgraded":3,"win_rate":0,"timestamp":1546197838,"path_taken":["M","?","?","M","?","E","R","M","T","?","R","M","$","M","R","BOSS","M","?","?","M","M","M","R","M","T","M"],"build_version":"2018-12-20","purchased_purges":0,"victory":false,"max_hp_per_floor":[96,96,96,96,89,89,89,89,89,89,89,89,89,89,89,89,89,89,89,89,89,89,89,89,89,89,89],"card_choices":[{"not_picked":["Sword Boomerang","Body Slam"],"picked":"Havoc","floor":1},{"not_picked":["Thunderclap","Flex"],"picked":"Metallicize","floor":4},{"not_picked":["Whirlwind","Cleave"],"picked":"Armaments","floor":6},{"not_picked":["Ghostly Armor","Evolve"],"picked":"Rampage","floor":8},{"not_picked":["Double Tap","Headbutt"],"picked":"Pommel Strike","floor":12},{"not_picked":["Cleave","Rampage"],"picked":"Headbutt","floor":14},{"not_picked":["Exhume","Impervious"],"picked":"Offering","floor":16},{"not_picked":["Wild Strike","Clash+1"],"picked":"Havoc","floor":18},{"not_picked":["Flex","Searing Blow"],"picked":"Headbutt","floor":21},{"not_picked":["Entrench","Armaments"],"picked":"Shrug It Off+1","floor":22},{"not_picked":["Evolve","Second Wind"],"picked":"Heavy Blade+1","floor":23},{"not_picked":["Searing Blow","Body Slam"],"picked":"Headbutt","floor":25}],"player_experience":279822,"relics_obtained":[{"floor":6,"key":"Bronze Scales"},{"floor":9,"key":"Sundial"},{"floor":19,"key":"Nilry\u0027s Codex"},{"floor":26,"key":"Anchor"}],"event_choices":[{"damage_healed":0,"gold_gain":0,"player_choice":"Success","damage_taken":12,"relics_obtained":["Blue Candle"],"max_hp_gain":0,"max_hp_loss":0,"event_name":"Scrap Ooze","floor":2,"gold_loss":0},{"damage_healed":0,"gold_gain":0,"player_choice":"Entered Light","damage_taken":19,"max_hp_gain":0,"max_hp_loss":0,"event_name":"Shining Light","floor":3,"gold_loss":0,"cards_upgraded":["Strike_R","Defend_R"]},{"damage_healed":0,"gold_gain":0,"player_choice":"Lose Max HP","damage_taken":0,"relics_obtained":["Golden Idol"],"max_hp_gain":0,"max_hp_loss":7,"event_name":"Golden Idol","floor":5,"gold_loss":0},{"damage_healed":22,"gold_gain":0,"player_choice":"Healed","damage_taken":0,"max_hp_gain":0,"max_hp_loss":0,"event_name":"The Cleric","floor":10,"gold_loss":35},{"damage_healed":0,"gold_gain":0,"player_choice":"Obtained Book","damage_taken":16,"max_hp_gain":0,"max_hp_loss":0,"event_name":"Cursed Tome","floor":19,"gold_loss":0},{"damage_healed":0,"gold_gain":100,"player_choice":"Bet on Murderer","damage_taken":0,"max_hp_gain":0,"max_hp_loss":0,"event_name":"The Joust","floor":20,"gold_loss":50}],"is_beta":false,"boss_relics":[{"not_picked":["Sozu","Eternal Feather"],"picked":"Pandora\u0027s Box"}],"items_purged_floors":[],"is_endless":false,"potions_floor_spawned":[8,14,16,18],"killed_by":"Snake Plant","ascension_level":0}