{"gold_per_floor":[109,109,34,49,49,77,77,252,307,321,76,76,110,123,123,223,223,243,118,118,118,218,218],"floor_reached":23,"playtime":2358,"items_purged":["Regret","Doubt","Strike_B"],"score":275,"play_id":"bff89976-80fe-42bc-9572-5f3e8a14544e","local_time":"20190616000818","is_ascension_mode":true,"campfire_choices":[{"data":"Fusion","floor":7,"key":"SMITH"},{"data":"Zap","floor":12,"key":"SMITH"},{"data":"Redo","floor":15,"key":"SMITH"}],"neow_cost":"NONE","seed_source_timestamp":40396504513455,"circlet_count":0,"master_deck":["Strike_B","Defend_B","Defend_B","Defend_B","Defend_B","Zap+1","Dualcast","Fusion+1","Compile Driver","FTL","FTL","Redo+1","Reinforced Body","Meteor Strike","Hologram"],"relics":["Cracked Core","Boot","Bag of Preparation","Tiny Chest","PreservedInsect","Kunai","Black Star"],"potions_floor_usage":[13,18],"damage_taken":[{"damage":0,"enemies":"Small Slimes","floor":1,"turns":3},{"damage":4,"enemies":"2 Louse","floor":4,"turns":2},{"damage":35,"enemies":"Lagavulin","floor":6,"turns":8},{"damage":11,"enemies":"Jaw Worm","floor":10,"turns":4},{"damage":0,"enemies":"Gremlin Nob","floor":13,"turns":2},{"damage":15,"enemies":"3 Louse","floor":14,"turns":2},{"damage":14,"enemies":"The Guardian","floor":16,"turns":12},{"damage":21,"enemies":"2 Thieves","floor":18,"turns":3},{"damage":27,"enemies":"Book of Stabbing","floor":23,"turns":4}],"seed_played":"-6350794740702213040","potions_obtained":[{"floor":4,"key":"Energy Potion"},{"floor":6,"key":"AttackPotion"}],"is_trial":false,"path_per_floor":["M","?","$","M","?","E","R","?","T","M","$","R","E","M","R","B",null,"M","$","?","?","?","E"],"character_chosen":"DEFECT","items_purchased":["PreservedInsect"],"campfire_rested":0,"item_purchase_floors":[11],"current_hp_per_floor":[82,82,82,78,78,43,43,43,43,32,32,32,32,17,17,3,62,41,41,41,25,25,0],"gold":218,"neow_bonus":"TEN_PERCENT_HP_BONUS","is_prod":false,"is_daily":false,"chose_seed":false,"campfire_upgraded":3,"win_rate":0,"timestamp":1560640098,"path_taken":["M","?","$","M","?","E","R","?","T","M","?","R","E","M","R","BOSS","M","$","?","?","?","E"],"build_version":"2019-01-23","purchased_purges":3,"victory":false,"max_hp_per_floor":[82,82,82,82,82,82,82,82,82,82,82,82,82,82,82,82,82,82,82,82,87,87,87],"card_choices":[{"not_picked":["Leap","Rebound"],"picked":"Fusion","floor":1},{"not_picked":["Ball Lightning","Coolheaded"],"picked":"Compile Driver","floor":4},{"not_picked":["Streamline","Lockon"],"picked":"FTL","floor":6},{"not_picked":["Self Repair","Melter"],"picked":"FTL","floor":10},{"not_picked":["Barrage","Turbo"],"picked":"Redo","floor":13},{"not_picked":["Heatsinks","Stack"],"picked":"Reinforced Body","floor":14},{"not_picked":["Seek","Buffer"],"picked":"Meteor Strike","floor":16},{"not_picked":["Beam Cell","Capacitor"],"picked":"Hologram","floor":18}],"player_experience":259469,"relics_obtained":[{"floor":6,"key":"Bag of Preparation"},{"floor":9,"key":"Tiny Chest"},{"floor":13,"key":"Kunai"}],"event_choices":[{"damage_healed":0,"gold_gain":0,"player_choice":"Box","damage_taken":0,"relics_obtained":["Boot"],"max_hp_gain":0,"max_hp_loss":0,"event_name":"Big Fish","floor":2,"gold_loss":0,"cards_obtained":["Regret"]},{"cards_removed":["Strike_B"],"damage_healed":0,"gold_gain":0,"player_choice":"Forget","damage_taken":0,"max_hp_gain":0,"max_hp_loss":0,"event_name":"Living Wall","floor":5,"gold_loss":0},{"damage_healed":0,"gold_gain":175,"player_choice":"AGREE","damage_taken":0,"max_hp_gain":0,"max_hp_loss":0,"event_name":"Liars Game","floor":8,"gold_loss":0,"cards_obtained":["Doubt"]},{"cards_removed":["Strike_B"],"damage_healed":0,"gold_gain":0,"player_choice":"Elegance","damage_taken":0,"max_hp_gain":0,"max_hp_loss":0,"event_name":"Back to Basics","floor":20,"gold_loss":0},{"damage_healed":0,"gold_gain":0,"player_choice":"Shed Blood","damage_taken":21,"max_hp_gain":5,"max_hp_loss":0,"event_name":"Forgotten Altar","floor":21,"gold_loss":0},{"damage_healed":0,"gold_gain":100,"player_choice":"Pray","damage_taken":0,"max_hp_gain":0,"max_hp_loss":0,"event_name":"Golden Shrine","floor":22,"gold_loss":0}],"is_beta":false,"boss_relics":[{"not_picked":["Orrery","Snecko Eye"],"picked":"Black Star"}],"items_purged_floors":[3,11,19],"is_endless":false,"potions_floor_spawned":[4,6],"killed_by":"Book of Stabbing","ascension_level":5}