{"gold_per_floor":[109,128,303,317,334,366,380,405,405,405,431,431,460,525,525,628,628,641,641,641,5,24,53,53,4,4,38,49,15,40,68,68,169,169,185,185],"floor_reached":36,"playtime":3697,"items_purged":[],"score":572,"play_id":"419ba342-62f6-45e6-865a-b568cdadad74","local_time":"20181228165659","is_ascension_mode":true,"campfire_choices":[{"floor":10,"key":"REST"},{"floor":12,"key":"REST"},{"floor":15,"key":"REST"},{"data":"Apotheosis","floor":24,"key":"SMITH"},{"floor":32,"key":"REST"}],"neow_cost":"NONE","seed_source_timestamp":688474658476378,"circlet_count":0,"master_deck":["Strike_B","Strike_B","Strike_B","Defend_B","Defend_B","Defend_B","Zap","Dualcast","Ball Lightning","Storm","Stack","Steam","Heatsinks","Undo","Consume","Buffer","Coolheaded","Electrodynamics","Hologram+1","Loop","Apotheosis+1","Go for the Eyes","Heatsinks","Streamline+1","Hologram","Steam","Sunder","Hello World","Stack+1","Chaos","Buffer","Beam Cell+1"],"relics":["Cracked Core","Gambling Chip","Juzu Bracelet","Cables","Mercury Hourglass","Singing Bowl","Lizard Tail","Nloth\u0027s Gift","Spirit Poop","Vajra","PreservedInsect","Potion Belt","Ancient Tea Set","Dream Catcher","Red Mask","Empty Cage"],"potions_floor_usage":[5,11,11,11,22,27,27,27,28,35],"damage_taken":[{"damage":2,"enemies":"Jaw Worm","floor":1,"turns":3},{"damage":3,"enemies":"2 Louse","floor":2,"turns":3},{"damage":0,"enemies":"Cultist","floor":4,"turns":3},{"damage":0,"enemies":"Lots of Slimes","floor":5,"turns":1},{"damage":48,"enemies":"3 Sentries","floor":6,"turns":12},{"damage":1,"enemies":"Large Slime","floor":7,"turns":6},{"damage":24,"enemies":"Gremlin Nob","floor":8,"turns":4},{"damage":15,"enemies":"Lagavulin","floor":11,"turns":4},{"damage":12,"enemies":"3 Sentries","floor":13,"turns":6},{"damage":10,"enemies":"Lagavulin Event","floor":14,"turns":5},{"damage":0,"enemies":"Slime Boss","floor":16,"turns":7},{"damage":9,"enemies":"Spheric Guardian","floor":18,"turns":4},{"damage":24,"enemies":"Shell Parasite","floor":22,"turns":5},{"damage":16,"enemies":"Gremlin Leader","floor":23,"turns":4},{"damage":8,"enemies":"Book of Stabbing","floor":27,"turns":4},{"damage":2,"enemies":"Shelled Parasite and Fungi","floor":28,"turns":5},{"damage":51,"enemies":"Gremlin Leader","floor":30,"turns":6},{"damage":6,"enemies":"Masked Bandits","floor":31,"turns":3},{"damage":21,"enemies":"Collector","floor":33,"turns":8},{"damage":12,"enemies":"Orb Walker","floor":35,"turns":5},{"damage":99,"enemies":"2 Orb Walkers","floor":36,"turns":5}],"seed_played":"1948093236344616814","potions_obtained":[{"floor":2,"key":"Explosive Potion"},{"floor":6,"key":"LiquidBronze"},{"floor":7,"key":"Energy Potion"},{"floor":8,"key":"Weak Potion"},{"floor":13,"key":"FearPotion"},{"floor":14,"key":"LiquidBronze"},{"floor":18,"key":"SkillPotion"},{"floor":23,"key":"SpeedPotion"},{"floor":28,"key":"Ancient Potion"},{"floor":35,"key":"Fruit Juice"}],"is_trial":false,"path_per_floor":["M","M","?","M","M","E","M","E","T","R","E","R","E","?","R","B",null,"M","?","?","$","M","E","R","$","T","E","M","$","E","?","R","B",null,"M","?"],"character_chosen":"DEFECT","items_purchased":["Loop","Vajra","Apotheosis","PreservedInsect","Go for the Eyes","PowerPotion","Poison Potion","Sunder"],"campfire_rested":4,"item_purchase_floors":[21,21,21,21,21,21,25,29],"current_hp_per_floor":[80,77,77,77,77,29,28,4,4,28,13,37,25,17,42,42,84,75,75,75,75,51,35,35,35,35,27,25,25,21,15,40,19,84,77,0],"gold":185,"neow_bonus":"TEN_PERCENT_HP_BONUS","is_prod":false,"is_daily":false,"chose_seed":false,"campfire_upgraded":1,"win_rate":0,"timestamp":1546034219,"path_taken":["M","M","?","M","M","E","M","E","T","R","E","R","E","?","R","BOSS","M","?","?","$","M","E","R","?","T","E","M","$","E","?","R","BOSS","M","?"],"build_version":"2018-12-20","purchased_purges":0,"victory":false,"max_hp_per_floor":[82,82,82,82,82,82,82,82,82,82,82,82,82,84,84,84,84,84,84,84,84,84,84,84,84,84,84,84,84,84,84,84,84,84,89,89],"card_choices":[{"not_picked":["Barrage","Go for the Eyes"],"picked":"Ball Lightning","floor":1},{"not_picked":["Auto Shields","Undo"],"picked":"Storm","floor":2},{"not_picked":["Ball Lightning","Fusion"],"picked":"Stack","floor":4},{"not_picked":["Barrage","Streamline"],"picked":"Steam","floor":5},{"not_picked":["Consume","Fusion"],"picked":"Heatsinks","floor":6},{"not_picked":["Coolheaded","Ball Lightning"],"picked":"Undo","floor":7},{"not_picked":["Streamline","Cold Snap"],"picked":"Consume","floor":8},{"not_picked":["Streamline","Capacitor"],"picked":"Buffer","floor":11},{"not_picked":["Scrape","Sweeping Beam"],"picked":"Coolheaded","floor":13},{"not_picked":["Cold Snap","Lockon","Beam Cell"],"picked":"Singing Bowl","floor":14},{"not_picked":["Meteor Strike","Rainbow"],"picked":"Electrodynamics","floor":16},{"not_picked":["Go for the Eyes","Stack"],"picked":"Hologram+1","floor":18},{"not_picked":["Consume","Redo"],"picked":"Heatsinks","floor":22},{"not_picked":["Sweeping Beam","Go for the Eyes"],"picked":"Streamline+1","floor":23},{"not_picked":["Coolheaded","Barrage"],"picked":"Hologram","floor":27},{"not_picked":["Coolheaded","Gash"],"picked":"Steam","floor":28},{"not_picked":["Streamline","Hyperbeam"],"picked":"Hello World","floor":30},{"not_picked":["Leap","Beam Cell"],"picked":"Stack+1","floor":31},{"not_picked":["Barrage+1","Hologram"],"picked":"Chaos","floor":32},{"not_picked":["Amplify","All For One"],"picked":"Buffer","floor":33},{"not_picked":["Coolheaded+1","Leap"],"picked":"Beam Cell+1","floor":35}],"player_experience":247866,"relics_obtained":[{"floor":6,"key":"Gambling Chip"},{"floor":8,"key":"Juzu Bracelet"},{"floor":9,"key":"Cables"},{"floor":11,"key":"Mercury Hourglass"},{"floor":13,"key":"Singing Bowl"},{"floor":23,"key":"Potion Belt"},{"floor":27,"key":"Ancient Tea Set"},{"floor":30,"key":"Dream Catcher"},{"floor":31,"key":"Red Mask"}],"event_choices":[{"damage_healed":0,"gold_gain":175,"player_choice":"AGREE","damage_taken":0,"max_hp_gain":0,"max_hp_loss":0,"event_name":"Liars Game","floor":3,"gold_loss":0,"cards_obtained":["Doubt"]},{"damage_healed":0,"gold_gain":0,"player_choice":"Searched \u00273\u0027 times","damage_taken":0,"relics_obtained":["Bronze Scales"],"max_hp_gain":0,"max_hp_loss":0,"event_name":"Dead Adventurer","floor":14,"gold_loss":0},{"damage_healed":0,"gold_gain":0,"player_choice":"Traded Relic","damage_taken":0,"relics_obtained":["Nloth\u0027s Gift"],"max_hp_gain":0,"max_hp_loss":0,"event_name":"N\u0027loth","floor":19,"relics_lost":["Bronze Scales"],"gold_loss":0},{"cards_removed":["Doubt"],"damage_healed":0,"gold_gain":0,"player_choice":"Offered Curse","damage_taken":0,"relics_obtained":["Spirit Poop"],"max_hp_gain":0,"max_hp_loss":0,"event_name":"Bonfire Elementals","floor":20,"gold_loss":0},{"damage_healed":0,"gold_gain":0,"player_choice":"Fought Bandits","damage_taken":0,"max_hp_gain":0,"max_hp_loss":0,"event_name":"Masked Bandits","floor":31,"gold_loss":0},{"damage_healed":0,"gold_gain":0,"player_choice":"Fight","damage_taken":0,"max_hp_gain":0,"max_hp_loss":0,"event_name":"Mysterious Sphere","floor":36,"gold_loss":0}],"is_beta":false,"boss_relics":[{"not_picked":["Astrolabe","Velvet Choker"],"picked":"Lizard Tail"},{"not_picked":["Cursed Key","Coffee Dripper"],"picked":"Empty Cage"}],"items_purged_floors":[],"is_endless":false,"potions_floor_spawned":[2,6,7,8,13,14,18,23,28,35],"killed_by":"2 Orb Walkers","ascension_level":3}