{"gold_per_floor":[118,118,130,143,159,159,192,209,209,237,257,257,277,288,288,385,385,397,416,341,341,357,357],"floor_reached":23,"playtime":3777,"items_purged":[],"score":232,"play_id":"761d69e8-6260-4645-a418-dea51fb1664f","local_time":"20181130213706","is_ascension_mode":false,"campfire_choices":[{"data":"Inflame","floor":6,"key":"SMITH"},{"data":"Berserk","floor":15,"key":"SMITH"}],"neow_cost":"NONE","seed_source_timestamp":352124436131562,"circlet_count":0,"master_deck":["Strike_R","Strike_R","Strike_R","Defend_R","Defend_R","Defend_R","Bash","Bloodletting","Perfected Strike","Second Wind","Inflame+1","Reckless Charge","Metallicize","Anger","Berserk+1","Infernal Blade","Berserk"],"relics":["Burning Blood","Ginger","Dodecahedron","Bottled Tornado","Black Star"],"potions_floor_usage":[7,10,10,11,23],"damage_taken":[{"damage":6,"enemies":"Jaw Worm","floor":1,"turns":4},{"damage":4,"enemies":"Cultist","floor":3,"turns":3},{"damage":3,"enemies":"Small Slimes","floor":4,"turns":3},{"damage":6,"enemies":"Blue Slaver","floor":5,"turns":5},{"damage":8,"enemies":"Lagavulin","floor":7,"turns":5},{"damage":0,"enemies":"2 Fungi Beasts","floor":8,"turns":5},{"damage":0,"enemies":"3 Sentries","floor":10,"turns":2},{"damage":22,"enemies":"Gremlin Gang","floor":11,"turns":3},{"damage":6,"enemies":"Exordium Thugs","floor":13,"turns":4},{"damage":14,"enemies":"Large Slime","floor":14,"turns":4},{"damage":13,"enemies":"Slime Boss","floor":16,"turns":7},{"damage":14,"enemies":"Chosen","floor":18,"turns":3},{"damage":13,"enemies":"3 Byrds","floor":19,"turns":5},{"damage":50,"enemies":"Centurion and Healer","floor":22,"turns":6},{"damage":22,"enemies":"Slavers","floor":23,"turns":1}],"seed_played":"3098269562779962718","potions_obtained":[{"floor":1,"key":"SpeedPotion"},{"floor":3,"key":"LiquidBronze"},{"floor":5,"key":"SteroidPotion"},{"floor":7,"key":"AttackPotion"},{"floor":16,"key":"Ancient Potion"}],"is_trial":false,"path_per_floor":["M","?","M","M","M","R","E","M","T","E","M","?","M","M","R","B",null,"M","M","?","?","M","E"],"character_chosen":"IRONCLAD","items_purchased":[],"campfire_rested":0,"item_purchase_floors":[],"current_hp_per_floor":[88,88,88,88,88,88,86,88,88,88,72,72,72,64,64,57,88,80,73,73,56,12,0],"gold":357,"neow_bonus":"TEN_PERCENT_HP_BONUS","is_prod":false,"is_daily":false,"chose_seed":false,"campfire_upgraded":2,"win_rate":0,"timestamp":1543613826,"path_taken":["M","?","?","M","?","R","E","M","T","E","M","?","M","M","R","BOSS","M","M","?","?","M","E"],"build_version":"2018-11-15","purchased_purges":0,"victory":false,"max_hp_per_floor":[88,88,88,88,88,88,88,88,88,88,88,88,88,88,88,88,88,88,88,88,93,93,93],"card_choices":[{"not_picked":["Reckless Charge","Shrug It Off"],"picked":"Bloodletting","floor":1},{"not_picked":["Warcry","Disarm"],"picked":"Second Wind","floor":3},{"not_picked":["Bloodletting","Clothesline"],"picked":"Inflame","floor":4},{"not_picked":["Havoc","Flex"],"picked":"Reckless Charge","floor":5},{"not_picked":["Perfected Strike","Havoc"],"picked":"Metallicize","floor":7},{"not_picked":["Warcry","Searing Blow"],"picked":"Anger","floor":8},{"not_picked":["Rupture","Flex"],"picked":"Berserk","floor":10},{"not_picked":["Clothesline","Wild Strike"],"picked":"Infernal Blade","floor":11},{"not_picked":["Thunderclap","Perfected Strike","True Grit"],"picked":"SKIP","floor":13},{"not_picked":["Hemokinesis","Twin Strike","Evolve"],"picked":"SKIP","floor":14},{"not_picked":["Impervious","Offering"],"picked":"Berserk","floor":16},{"not_picked":["Body Slam","Anger+1","True Grit"],"picked":"SKIP","floor":18},{"not_picked":["Shrug It Off","Intimidate","Iron Wave"],"picked":"SKIP","floor":19},{"not_picked":["Perfected Strike+1","Thunderclap","Anger"],"picked":"SKIP","floor":22}],"player_experience":159637,"relics_obtained":[{"floor":7,"key":"Ginger"},{"floor":9,"key":"Dodecahedron"},{"floor":10,"key":"Bottled Tornado"}],"event_choices":[{"damage_healed":0,"gold_gain":0,"cards_transformed":["Strike_R"],"player_choice":"Transformed","damage_taken":0,"max_hp_gain":0,"max_hp_loss":0,"event_name":"Transmorgrifier","floor":2,"gold_loss":0,"cards_obtained":["Perfected Strike"]},{"cards_removed":["Defend_R"],"damage_healed":0,"gold_gain":0,"player_choice":"Forget","damage_taken":0,"max_hp_gain":0,"max_hp_loss":0,"event_name":"Living Wall","floor":12,"gold_loss":0},{"cards_removed":["Strike_R"],"damage_healed":0,"gold_gain":0,"player_choice":"Gave Gold","damage_taken":0,"max_hp_gain":0,"max_hp_loss":0,"event_name":"Beggar","floor":20,"gold_loss":75},{"damage_healed":0,"gold_gain":0,"player_choice":"Shed Blood","damage_taken":22,"max_hp_gain":5,"max_hp_loss":0,"event_name":"Forgotten Altar","floor":21,"gold_loss":0}],"is_beta":true,"boss_relics":[{"not_picked":["Mark of Pain","White Beast Statue"],"picked":"Black Star"}],"items_purged_floors":[],"is_endless":false,"potions_floor_spawned":[1,3,5,7,16],"killed_by":"Slavers","ascension_level":0}