{"gold_per_floor":[116,136,150,164,177,177,234,234,286,296,325,290,319,330,330,434,434,447,447,135,146,146,146,175,175,202,202,221,236,236,265,265,265],"floor_reached":33,"playtime":2073,"items_purged":["Strike_G"],"score":388,"play_id":"450e4bc9-462f-4130-bf8e-4f0ecca57a78","local_time":"20190917184933","is_ascension_mode":true,"campfire_choices":[{"floor":6,"key":"REST"},{"floor":8,"key":"REST"},{"floor":15,"key":"REST"},{"data":"Noxious Fumes","floor":23,"key":"SMITH"},{"floor":25,"key":"REST"},{"data":"Noxious Fumes","floor":27,"key":"SMITH"},{"floor":32,"key":"REST"}],"neow_cost":"NONE","seed_source_timestamp":1163493250400,"circlet_count":0,"master_deck":["Strike_G","Strike_G","Strike_G","Strike_G","Defend_G","Defend_G","Defend_G","Defend_G","Defend_G","Survivor","Neutralize","Predator","Quick Slash","Dagger Throw","Noxious Fumes+1","Dagger Throw","PiercingWail","Leg Sweep","Quick Slash","Slice","Adrenaline","Dagger Throw","Dash","Dodge and Roll","Backflip","PiercingWail","Noxious Fumes","Dagger Spray","Noxious Fumes+1","Well Laid Plans+1","Sucker Punch+1","Corpse Explosion","Endless Agony+1","Predator"],"relics":["Ring of the Snake","Pen Nib","Blue Candle","Bag of Marbles","Orrery","Regal Pillow","Juzu Bracelet","Happy Flower","Red Mask"],"potions_floor_usage":[11,11,16,16,21,29,29,31,33],"damage_taken":[{"damage":0,"enemies":"Jaw Worm","floor":1,"turns":5},{"damage":1,"enemies":"2 Louse","floor":2,"turns":2},{"damage":0,"enemies":"Cultist","floor":3,"turns":3},{"damage":2,"enemies":"3 Louse","floor":4,"turns":4},{"damage":23,"enemies":"Gremlin Gang","floor":5,"turns":4},{"damage":5,"enemies":"Large Slime","floor":10,"turns":4},{"damage":18,"enemies":"3 Sentries","floor":11,"turns":6},{"damage":30,"enemies":"Lagavulin","floor":13,"turns":6},{"damage":0,"enemies":"Looter","floor":14,"turns":3},{"damage":22,"enemies":"Hexaghost","floor":16,"turns":11},{"damage":0,"enemies":"Chosen","floor":18,"turns":4},{"damage":15,"enemies":"3 Byrds","floor":21,"turns":5},{"damage":55,"enemies":"Slavers","floor":24,"turns":6},{"damage":13,"enemies":"Cultist and Chosen","floor":28,"turns":6},{"damage":3,"enemies":"Snake Plant","floor":29,"turns":3},{"damage":16,"enemies":"Masked Bandits","floor":31,"turns":3},{"damage":77,"enemies":"Automaton","floor":33,"turns":6}],"seed_played":"-6780201176045041329","potions_obtained":[{"floor":4,"key":"Weak Potion"},{"floor":5,"key":"Strength Potion"},{"floor":10,"key":"FearPotion"},{"floor":14,"key":"Block Potion"},{"floor":18,"key":"SpeedPotion"},{"floor":24,"key":"Poison Potion"},{"floor":28,"key":"Block Potion"},{"floor":29,"key":"Fire Potion"},{"floor":31,"key":"SteroidPotion"}],"is_trial":false,"path_per_floor":["M","M","M","M","M","R","?","R","T","M","E","?","E","M","R","B",null,"M","?","$","M","?","R","E","R","T","R","M","M","?","?","R","B"],"character_chosen":"THE_SILENT","items_purchased":["Regal Pillow","Noxious Fumes"],"campfire_rested":5,"item_purchase_floors":[20,20],"current_hp_per_floor":[63,62,62,60,37,58,58,70,70,65,47,64,34,34,55,33,61,61,61,61,46,70,70,15,51,51,51,38,35,58,42,70,0],"gold":265,"neow_bonus":"RANDOM_COMMON_RELIC","is_prod":false,"is_daily":false,"chose_seed":false,"campfire_upgraded":2,"win_rate":0,"timestamp":1568760573,"path_taken":["M","M","M","M","M","R","?","R","T","M","E","?","E","M","R","BOSS","M","?","$","?","?","R","E","R","T","R","M","M","?","?","R","BOSS"],"build_version":"2019-07-17","purchased_purges":1,"victory":false,"max_hp_per_floor":[70,70,70,70,70,70,70,70,70,70,70,70,70,70,70,70,70,70,70,70,70,70,70,70,70,70,70,70,70,70,70,70,70],"card_choices":[{"not_picked":["Poisoned Stab","Acrobatics"],"picked":"Predator","floor":1},{"not_picked":["Bane","Backflip"],"picked":"Quick Slash","floor":2},{"not_picked":["Choke","Slice"],"picked":"Dagger Throw","floor":3},{"not_picked":["Cloak And Dagger","Acrobatics"],"picked":"Noxious Fumes","floor":4},{"not_picked":["Terror","Eviscerate"],"picked":"Dagger Throw","floor":5},{"not_picked":["Backflip","Dagger Spray"],"picked":"PiercingWail","floor":10},{"not_picked":["Quick Slash","A Thousand Cuts"],"picked":"Leg Sweep","floor":11},{"not_picked":["Prepared","Calculated Gamble"],"picked":"Quick Slash","floor":13},{"not_picked":["Choke","Sucker Punch"],"picked":"Slice","floor":14},{"not_picked":["Venomology","Envenom"],"picked":"Adrenaline","floor":16},{"not_picked":["Acrobatics","Deflect"],"picked":"Dagger Throw","floor":17},{"not_picked":["Underhanded Strike","Prepared"],"picked":"Dash","floor":17},{"not_picked":["Prepared","Endless Agony"],"picked":"Dodge and Roll","floor":17},{"not_picked":["Blade Dance","Concentrate"],"picked":"Backflip","floor":17},{"not_picked":["Bane","Backflip"],"picked":"PiercingWail","floor":17},{"not_picked":["Prepared+1","Blade Dance+1"],"picked":"Noxious Fumes","floor":18},{"not_picked":["Acrobatics","Backflip"],"picked":"Well Laid Plans+1","floor":21},{"not_picked":["Finisher","Deadly Poison"],"picked":"Sucker Punch+1","floor":24},{"not_picked":["Slice+1","Quick Slash+1"],"picked":"Corpse Explosion","floor":28},{"not_picked":["Calculated Gamble","Sucker Punch"],"picked":"Endless Agony+1","floor":29},{"not_picked":["Tactician","Concentrate"],"picked":"Predator","floor":31}],"player_experience":663010,"relics_obtained":[{"floor":11,"key":"Blue Candle"},{"floor":13,"key":"Bag of Marbles"},{"floor":24,"key":"Juzu Bracelet"},{"floor":26,"key":"Happy Flower"},{"floor":31,"key":"Red Mask"}],"event_choices":[{"damage_healed":0,"gold_gain":57,"player_choice":"Gained Gold","damage_taken":0,"max_hp_gain":0,"max_hp_loss":0,"event_name":"Golden Wing","floor":7,"gold_loss":0},{"damage_healed":17,"gold_gain":0,"player_choice":"Healed","damage_taken":0,"max_hp_gain":0,"max_hp_loss":0,"event_name":"The Cleric","floor":12,"gold_loss":35},{"damage_healed":0,"gold_gain":0,"player_choice":"1 cards matched","damage_taken":0,"max_hp_gain":0,"max_hp_loss":0,"event_name":"Match and Keep!","floor":19,"gold_loss":0,"cards_obtained":["Dagger Spray"]},{"damage_healed":24,"gold_gain":0,"player_choice":"Full Heal","damage_taken":0,"max_hp_gain":0,"max_hp_loss":0,"event_name":"Wheel of Change","floor":22,"gold_loss":0},{"damage_healed":23,"gold_gain":0,"player_choice":"Heal","damage_taken":0,"max_hp_gain":0,"max_hp_loss":0,"event_name":"The Library","floor":30,"gold_loss":0},{"damage_healed":0,"gold_gain":0,"player_choice":"Fought Bandits","damage_taken":0,"max_hp_gain":0,"max_hp_loss":0,"event_name":"Masked Bandits","floor":31,"gold_loss":0}],"is_beta":false,"boss_relics":[{"not_picked":["Cursed Key","HoveringKite"],"picked":"Orrery"}],"items_purged_floors":[20],"is_endless":false,"potions_floor_spawned":[4,5,10,14,18,24,28,29,31],"killed_by":"Automaton","ascension_level":8}