{"gold_per_floor":[112,126,126,226,237,269,269,304,331,256,256,271,346,22,22,117,117,130,145,55,55,71,71,86,117,117,150,150,150,150,150,150,255,255,267,283,296,14,28,61,61,61,88,88,103,203,203,238,238,238],"floor_reached":51,"playtime":4021,"items_purged":["Strike_G","Strike_G","Defend_G"],"score":796,"play_id":"caca9900-4d94-4e38-9e26-6a90743b8648","local_time":"20190407222645","is_ascension_mode":true,"campfire_choices":[{"data":"Neutralize","floor":7,"key":"SMITH"},{"data":"Footwork","floor":11,"key":"SMITH"},{"floor":15,"key":"REST"},{"data":"Malaise","floor":23,"key":"SMITH"},{"data":"Escape Plan","floor":28,"key":"SMITH"},{"data":"1","floor":32,"key":"LIFT"},{"data":"2","floor":41,"key":"LIFT"},{"data":"3","floor":44,"key":"LIFT"},{"data":"A Thousand Cuts","floor":49,"key":"SMITH"}],"neow_cost":"NONE","seed_source_timestamp":179400388881647,"circlet_count":0,"master_deck":["Defend_G+1","Defend_G+1","Defend_G","Strike_G","Survivor+1","Neutralize+1","Flying Knee","Leg Sweep","Predator","Footwork+1","Malaise+1","Escape Plan+1","Dagger Throw+1","Unload+1","PiercingWail","Dagger Spray","Outmaneuver","Infinite Blades","Predator","After Image","A Thousand Cuts+1","Deflect+1","Deflect+1","Heel Hook","Deflect","Flying Knee+1","Cloak And Dagger+1","Quick Slash"],"relics":["Ring of the Serpent","Dream Catcher","Bag of Marbles","Art of War","Membership Card","Pen Nib","Coffee Dripper","War Paint","Whetstone","Pocketwatch","MutagenicStrength","Girya","Turnip","Centennial Puzzle","Smiling Mask","Lantern","Prayer Wheel","FossilizedHelix"],"potions_floor_usage":[16,16,25,33,33,40,45,50,50,50,50,50],"damage_taken":[{"damage":0,"enemies":"2 Louse","floor":1,"turns":5},{"damage":0,"enemies":"Cultist","floor":2,"turns":4},{"damage":2,"enemies":"Jaw Worm","floor":5,"turns":4},{"damage":24,"enemies":"Lagavulin","floor":6,"turns":8},{"damage":19,"enemies":"Gremlin Nob","floor":8,"turns":6},{"damage":8,"enemies":"Exordium Thugs","floor":12,"turns":5},{"damage":7,"enemies":"The Guardian","floor":16,"turns":11},{"damage":0,"enemies":"Spheric Guardian","floor":18,"turns":3},{"damage":0,"enemies":"Shell Parasite","floor":19,"turns":6},{"damage":0,"enemies":"3 Cultists","floor":22,"turns":4},{"damage":15,"enemies":"Cultist and Chosen","floor":24,"turns":9},{"damage":10,"enemies":"Gremlin Leader","floor":25,"turns":7},{"damage":4,"enemies":"Slavers","floor":27,"turns":7},{"damage":63,"enemies":"Collector","floor":33,"turns":9},{"damage":0,"enemies":"3 Darklings","floor":35,"turns":6},{"damage":20,"enemies":"3 Shapes","floor":36,"turns":3},{"damage":3,"enemies":"Jaw Worm Horde","floor":37,"turns":5},{"damage":5,"enemies":"Writhing Mass","floor":39,"turns":6},{"damage":5,"enemies":"Reptomancer","floor":40,"turns":6},{"damage":4,"enemies":"Transient","floor":45,"turns":5},{"damage":0,"enemies":"Mind Bloom Boss Battle","floor":46,"turns":6},{"damage":2,"enemies":"Giant Head","floor":48,"turns":7},{"damage":7,"enemies":"Donu and Deca","floor":50,"turns":9}],"seed_played":"-4638624520755004398","potions_obtained":[{"floor":5,"key":"FairyPotion"},{"floor":6,"key":"LiquidBronze"},{"floor":8,"key":"Fire Potion"},{"floor":19,"key":"Strength Potion"},{"floor":22,"key":"GhostInAJar"},{"floor":27,"key":"LiquidBronze"},{"floor":35,"key":"Ancient Potion"},{"floor":36,"key":"GamblersBrew"},{"floor":37,"key":"GhostInAJar"},{"floor":40,"key":"Weak Potion"},{"floor":42,"key":"EntropicBrew"},{"floor":42,"key":"Dexterity Potion"},{"floor":42,"key":"Block Potion"}],"is_trial":false,"path_per_floor":["M","M","?","?","M","E","R","E","T","$","R","M","?","$","R","B",null,"M","M","?","$","M","R","M","E","T","E","R","?","?","T","R","B",null,"M","M","M","$","M","E","R","?","T","R","M","?","?","E","R","B",null],"character_chosen":"THE_SILENT","items_purchased":["Membership Card","Pen Nib","Turnip","Centennial Puzzle"],"campfire_rested":1,"item_purchase_floors":[14,14,38,38],"current_hp_per_floor":[77,77,70,70,68,44,44,25,25,25,25,17,6,6,29,22,77,77,77,77,77,77,77,62,52,52,48,48,48,48,48,48,7,77,77,57,54,54,49,44,44,44,44,44,40,40,40,38,38,31],"gold":238,"neow_bonus":"TEN_PERCENT_HP_BONUS","is_prod":false,"is_daily":false,"chose_seed":false,"campfire_upgraded":5,"win_rate":0,"timestamp":1554672405,"path_taken":["M","M","?","?","?","E","R","E","T","$","R","M","?","?","R","BOSS","M","M","?","?","M","R","M","E","T","E","R","?","?","?","R","BOSS","M","?","M","$","M","E","R","?","T","R","?","?","?","E","R","BOSS"],"build_version":"2019-01-23","purchased_purges":3,"victory":true,"max_hp_per_floor":[77,77,77,77,77,77,77,77,77,77,77,77,77,77,77,77,77,77,77,77,77,77,77,77,77,77,77,77,77,77,77,77,77,77,77,77,77,77,77,77,77,77,77,77,77,77,77,77,77,77],"card_choices":[{"not_picked":["Bouncing Flask","Bane"],"picked":"Flying Knee","floor":1},{"not_picked":["Bane","Expertise"],"picked":"Leg Sweep","floor":2},{"not_picked":["Underhanded Strike","Flying Knee"],"picked":"Predator","floor":5},{"not_picked":["Finisher","Tactician"],"picked":"Footwork","floor":6},{"not_picked":["Slice","Flechettes"],"picked":"Malaise","floor":8},{"not_picked":["Blade Dance","Predator"],"picked":"Escape Plan","floor":12},{"not_picked":["Underhanded Strike","Outmaneuver"],"picked":"Dagger Throw","floor":15},{"not_picked":["Glass Knife","Envenom"],"picked":"Unload","floor":16},{"not_picked":["Dagger Throw","Poisoned Stab"],"picked":"PiercingWail","floor":18},{"not_picked":["Poisoned Stab","Blade Dance"],"picked":"Dagger Spray","floor":19},{"not_picked":["Acrobatics","Poisoned Stab"],"picked":"Outmaneuver","floor":22},{"not_picked":["Dash","Burst"],"picked":"Infinite Blades","floor":24},{"not_picked":["Setup","Bane+1"],"picked":"Predator","floor":25},{"not_picked":["All Out Attack","Bouncing Flask"],"picked":"After Image","floor":27},{"not_picked":["Doppelganger","Envenom"],"picked":"A Thousand Cuts","floor":33},{"not_picked":["Cloak And Dagger","Dodge and Roll+1"],"picked":"Deflect+1","floor":35},{"not_picked":["Crippling Poison+1","Choke+1"],"picked":"Deflect+1","floor":36},{"not_picked":["Predator","Sucker Punch+1"],"picked":"Heel Hook","floor":37},{"not_picked":["Dodge and Roll","Bane"],"picked":"Deflect","floor":39},{"not_picked":["Dagger Spray","Eviscerate","Predator"],"picked":"SKIP","floor":40},{"not_picked":["Crippling Poison+1","Dagger Throw"],"picked":"Flying Knee+1","floor":45},{"not_picked":["Burst","Slice"],"picked":"Cloak And Dagger+1","floor":46},{"not_picked":["Deflect","Acrobatics"],"picked":"Quick Slash","floor":48}],"player_experience":141941,"relics_obtained":[{"floor":6,"key":"Dream Catcher"},{"floor":8,"key":"Bag of Marbles"},{"floor":9,"key":"Art of War"},{"floor":25,"key":"War Paint"},{"floor":26,"key":"Whetstone"},{"floor":27,"key":"Pocketwatch"},{"floor":31,"key":"Girya"},{"floor":40,"key":"Smiling Mask"},{"floor":43,"key":"Lantern"},{"floor":46,"key":"Prayer Wheel"},{"floor":48,"key":"FossilizedHelix"}],"event_choices":[{"cards_removed":["Defend_G"],"damage_healed":0,"gold_gain":0,"player_choice":"Card Removal","damage_taken":7,"max_hp_gain":0,"max_hp_loss":0,"event_name":"Golden Wing","floor":3,"gold_loss":0},{"damage_healed":0,"gold_gain":100,"player_choice":"Gold","damage_taken":0,"max_hp_gain":0,"max_hp_loss":0,"event_name":"Wheel of Change","floor":4,"gold_loss":0},{"damage_healed":0,"gold_gain":75,"player_choice":"Gather Gold","damage_taken":11,"max_hp_gain":0,"max_hp_loss":0,"event_name":"World of Goop","floor":13,"gold_loss":0},{"cards_removed":["Strike_G"],"damage_healed":0,"gold_gain":0,"player_choice":"Upgrade and Remove","damage_taken":0,"max_hp_gain":0,"max_hp_loss":0,"event_name":"Designer","floor":20,"gold_loss":90,"cards_upgraded":["Defend_G"]},{"cards_removed":["Strike_G"],"damage_healed":0,"gold_gain":0,"player_choice":"Elegance","damage_taken":0,"max_hp_gain":0,"max_hp_loss":0,"event_name":"Back to Basics","floor":29,"gold_loss":0},{"damage_healed":0,"gold_gain":0,"player_choice":"Inject Mutagens","damage_taken":0,"relics_obtained":["MutagenicStrength"],"max_hp_gain":0,"max_hp_loss":0,"event_name":"Drug Dealer","floor":30,"gold_loss":0},{"damage_healed":0,"gold_gain":0,"player_choice":"Got Potions","damage_taken":0,"max_hp_gain":0,"max_hp_loss":0,"event_name":"Lab","floor":42,"gold_loss":0},{"damage_healed":0,"gold_gain":0,"player_choice":"Fight","damage_taken":0,"max_hp_gain":0,"max_hp_loss":0,"event_name":"MindBloom","floor":46,"gold_loss":0},{"damage_healed":0,"gold_gain":0,"player_choice":"Ignored","damage_taken":0,"max_hp_gain":0,"max_hp_loss":0,"event_name":"SecretPortal","floor":47,"gold_loss":0}],"is_beta":false,"boss_relics":[{"not_picked":["Orrery","Sozu"],"picked":"Coffee Dripper"},{"not_picked":["Pandora\u0027s Box","Philosopher\u0027s Stone"],"picked":"Ring of the Serpent"}],"items_purged_floors":[10,14,38],"is_endless":false,"potions_floor_spawned":[5,6,8,19,22,24,27,35,36,37,40],"ascension_level":2}