{"gold_per_floor":[115,134,134,134,146,179,179,196,196,225,225,243,256,25,25,121,121,121,61,61,61,61,61,26,26,26,26,26,26,26,26,26,26,26,26,26,26,26,26,26,26,26,26,26,26,0,0,0,0,0],"floor_reached":50,"playtime":5853,"items_purged":["Strike_G"],"score":659,"play_id":"97153d6c-207e-47b8-b1bf-601e86a3ecf8","local_time":"20181221215155","is_ascension_mode":false,"campfire_choices":[{"floor":7,"key":"REST"},{"floor":15,"key":"REST"},{"data":"Eviscerate","floor":30,"key":"SMITH"},{"data":"After Image","floor":32,"key":"SMITH"},{"data":"Eviscerate","floor":41,"key":"SMITH"},{"floor":47,"key":"REST"},{"floor":49,"key":"REST"}],"neow_cost":"NONE","seed_source_timestamp":99181094382100,"circlet_count":0,"master_deck":["Defend_G+1","Defend_G+1","Defend_G+1","Defend_G+1","Strike_G+1","Strike_G+1","Strike_G+1","Strike_G+1","Survivor+1","Neutralize","Skewer","Acrobatics+1","Endless Agony+1","Poisoned Stab","Backflip+1","Reflex+1","Underhanded Strike","Bane","After Image+1","Acrobatics","Underhanded Strike","Caltrops+1","Pain","Predator","Adrenaline","Eviscerate+1","Ghostly","Ghostly","Ghostly","Ghostly","Ghostly","Writhe","Eviscerate+1","Reflex","Phantasmal Killer","Well Laid Plans","Finisher","Adrenaline","Tactician","Underhanded Strike","Dagger Throw+1","Blade Dance+1","Acrobatics+1","Acrobatics"],"relics":["HoveringKite","Bottled Lightning","Matryoshka","Happy Flower","War Paint","Ectoplasm","WarpedTongs","Bottled Tornado","Orichalcum","Bag of Preparation","PreservedInsect","Philosopher\u0027s Stone","Ginger","Boot","Ancient Tea Set","Question Card","Thread and Needle","Oddly Smooth Stone","Red Mask"],"potions_floor_usage":[6,10,10,33,38,39,44,50],"damage_taken":[{"damage":2,"enemies":"Cultist","floor":1,"turns":6},{"damage":2,"enemies":"2 Louse","floor":2,"turns":3},{"damage":5,"enemies":"Small Slimes","floor":5,"turns":3},{"damage":35,"enemies":"3 Sentries","floor":6,"turns":13},{"damage":8,"enemies":"2 Fungi Beasts","floor":8,"turns":4},{"damage":8,"enemies":"Lagavulin","floor":10,"turns":5},{"damage":0,"enemies":"Large Slime","floor":12,"turns":5},{"damage":0,"enemies":"Exordium Thugs","floor":13,"turns":4},{"damage":24,"enemies":"Hexaghost","floor":16,"turns":14},{"damage":0,"enemies":"Chosen","floor":18,"turns":4},{"damage":0,"enemies":"2 Thieves","floor":19,"turns":4},{"damage":14,"enemies":"Snake Plant","floor":20,"turns":3},{"damage":2,"enemies":"Snecko","floor":22,"turns":4},{"damage":6,"enemies":"Book of Stabbing","floor":23,"turns":4},{"damage":0,"enemies":"Cultist and Chosen","floor":29,"turns":5},{"damage":0,"enemies":"3 Cultists","floor":31,"turns":4},{"damage":1,"enemies":"Champ","floor":33,"turns":12},{"damage":0,"enemies":"Orb Walker","floor":35,"turns":3},{"damage":5,"enemies":"3 Shapes","floor":36,"turns":3},{"damage":3,"enemies":"2 Orb Walkers","floor":37,"turns":5},{"damage":24,"enemies":"Spire Growth","floor":38,"turns":4},{"damage":4,"enemies":"Transient","floor":39,"turns":5},{"damage":0,"enemies":"Nemesis","floor":40,"turns":3},{"damage":11,"enemies":"Mind Bloom Boss Battle","floor":44,"turns":6},{"damage":0,"enemies":"Reptomancer","floor":45,"turns":3},{"damage":0,"enemies":"Maw","floor":48,"turns":5},{"damage":29,"enemies":"Time Eater","floor":50,"turns":8}],"seed_played":"8327248507733075202","potions_obtained":[{"floor":2,"key":"Swift Potion"},{"floor":6,"key":"Strength Potion"},{"floor":8,"key":"Strength Potion"},{"floor":13,"key":"Energy Potion"},{"floor":16,"key":"EssenceOfSteel"},{"floor":18,"key":"Regen Potion"},{"floor":19,"key":"GhostInAJar"},{"floor":36,"key":"Regen Potion"},{"floor":44,"key":"Explosive Potion"},{"floor":45,"key":"Dexterity Potion"},{"floor":48,"key":"GhostInAJar"}],"is_trial":false,"path_per_floor":["M","M","?","?","M","E","R","M","T","E","?","M","M","$","R","B",null,"M","M","M","?","M","E","$","?","T","?","?","M","R","M","R","B",null,"M","M","?","M","M","E","R","$","T","?","E","?","R","M","R","B"],"character_chosen":"THE_SILENT","items_purchased":["War Paint","Eviscerate"],"campfire_rested":4,"item_purchase_floors":[14,24],"current_hp_per_floor":[68,66,66,59,54,19,40,32,32,24,10,10,10,10,31,7,70,70,70,56,56,54,48,48,35,35,35,35,35,35,35,35,34,35,35,30,27,8,18,18,18,18,18,7,7,7,17,17,27,0],"gold":0,"neow_bonus":"BOSS_RELIC","is_prod":false,"is_daily":false,"chose_seed":false,"campfire_upgraded":3,"win_rate":0.0,"timestamp":1545447115,"path_taken":["M","?","?","?","M","E","R","M","T","E","?","M","M","$","R","BOSS","M","M","M","?","M","E","?","?","T","?","?","M","R","M","R","BOSS","M","M","?","M","M","E","R","$","T","?","E","?","R","M","R","BOSS"],"build_version":"2018-12-20","purchased_purges":1,"victory":false,"max_hp_per_floor":[70,70,70,70,70,70,70,70,70,70,70,70,70,70,70,70,70,70,70,70,70,70,70,70,35,35,35,35,35,35,35,35,35,35,35,35,35,35,35,35,35,35,35,35,35,35,35,35,35,35],"card_choices":[{"not_picked":["Deflect","Catalyst"],"picked":"Skewer","floor":1},{"not_picked":["Footwork","Leg Sweep"],"picked":"Acrobatics","floor":2},{"not_picked":["PiercingWail","Finisher"],"picked":"Endless Agony","floor":5},{"not_picked":["Footwork","Catalyst"],"picked":"Poisoned Stab","floor":6},{"not_picked":["Outmaneuver","Blade Dance"],"picked":"Backflip","floor":8},{"not_picked":["Storm of Steel","Calculated Gamble"],"picked":"Reflex","floor":10},{"not_picked":["Dodge and Roll","Cloak And Dagger"],"picked":"Underhanded Strike","floor":12},{"not_picked":["Accuracy","Calculated Gamble"],"picked":"Bane","floor":13},{"not_picked":["A Thousand Cuts","Bullet Time"],"picked":"After Image","floor":16},{"not_picked":["Leg Sweep","Escape Plan"],"picked":"Acrobatics","floor":18},{"not_picked":["Prepared","Deadly Poison"],"picked":"Underhanded Strike","floor":19},{"not_picked":["Deadly Poison","Deflect"],"picked":"Caltrops+1","floor":20},{"not_picked":["Calculated Gamble","Deadly Poison+1"],"picked":"Predator","floor":22},{"not_picked":["Masterful Stab","Bullet Time"],"picked":"Adrenaline","floor":23},{"not_picked":["Deflect","Underhanded Strike"],"picked":"Eviscerate","floor":29},{"not_picked":["Catalyst","Bane+1"],"picked":"Reflex","floor":31},{"not_picked":["Bullet Time","Malaise"],"picked":"Phantasmal Killer","floor":33},{"not_picked":["Backflip","Quick Slash"],"picked":"Well Laid Plans","floor":35},{"not_picked":["Flying Knee+1","Infinite Blades"],"picked":"Finisher","floor":36},{"not_picked":["Dagger Spray","Cloak And Dagger+1"],"picked":"Adrenaline","floor":37},{"not_picked":["Deflect+1","Backstab+1"],"picked":"Tactician","floor":38},{"not_picked":["Skewer","Deadly Poison+1"],"picked":"Underhanded Strike","floor":39},{"not_picked":["Slice+1","Accuracy+1"],"picked":"Dagger Throw+1","floor":40},{"not_picked":["Dagger Throw","Bane+1","Cloak And Dagger"],"picked":"Blade Dance+1","floor":44},{"not_picked":["Calculated Gamble","Noxious Fumes","Deadly Poison"],"picked":"Acrobatics+1","floor":45},{"not_picked":["Skewer+1","Leg Sweep+1","Malaise"],"picked":"Acrobatics","floor":48}],"player_experience":35919,"relics_obtained":[{"floor":6,"key":"Bottled Lightning"},{"floor":9,"key":"Matryoshka"},{"floor":10,"key":"Happy Flower"},{"floor":23,"key":"Bottled Tornado"},{"floor":26,"key":"Orichalcum"},{"floor":26,"key":"Bag of Preparation"},{"floor":37,"key":"Ginger"},{"floor":40,"key":"Boot"},{"floor":43,"key":"Ancient Tea Set"},{"floor":43,"key":"Question Card"},{"floor":44,"key":"Thread and Needle"},{"floor":45,"key":"Oddly Smooth Stone"}],"event_choices":[{"damage_healed":0,"gold_gain":0,"player_choice":"Grow","damage_taken":0,"max_hp_gain":0,"max_hp_loss":0,"event_name":"Living Wall","floor":3,"gold_loss":0,"cards_upgraded":["Acrobatics"]},{"cards_removed":["Defend_G"],"damage_healed":0,"gold_gain":0,"player_choice":"Card Removal","damage_taken":7,"max_hp_gain":0,"max_hp_loss":0,"event_name":"Golden Wing","floor":4,"gold_loss":0},{"damage_healed":0,"gold_gain":0,"player_choice":"Entered Light","damage_taken":14,"max_hp_gain":0,"max_hp_loss":0,"event_name":"Shining Light","floor":11,"gold_loss":0,"cards_upgraded":["Reflex","Endless Agony"]},{"damage_healed":0,"gold_gain":0,"player_choice":"Rummage","damage_taken":0,"relics_obtained":["WarpedTongs"],"max_hp_gain":0,"max_hp_loss":0,"event_name":"Accursed Blacksmith","floor":21,"gold_loss":0,"cards_obtained":["Pain"]},{"damage_healed":0,"gold_gain":0,"player_choice":"Became a Ghost","damage_taken":0,"max_hp_gain":0,"max_hp_loss":35,"event_name":"Ghosts","floor":25,"gold_loss":0,"cards_obtained":["Ghostly","Ghostly","Ghostly","Ghostly","Ghostly"]},{"damage_healed":0,"gold_gain":0,"player_choice":"Simplicity","damage_taken":0,"max_hp_gain":0,"max_hp_loss":0,"event_name":"Back to Basics","floor":27,"gold_loss":0,"cards_upgraded":["Defend_G","Defend_G","Defend_G","Defend_G","Strike_G","Strike_G","Strike_G","Strike_G"]},{"damage_healed":0,"gold_gain":0,"player_choice":"Opened","damage_taken":0,"relics_obtained":["PreservedInsect"],"max_hp_gain":0,"max_hp_loss":0,"event_name":"The Mausoleum","floor":28,"gold_loss":0,"cards_obtained":["Writhe"]},{"damage_healed":0,"gold_gain":0,"player_choice":"Fight","damage_taken":0,"max_hp_gain":0,"max_hp_loss":0,"event_name":"Mysterious Sphere","floor":37,"gold_loss":0},{"damage_healed":0,"gold_gain":0,"player_choice":"Fight","damage_taken":0,"max_hp_gain":0,"max_hp_loss":0,"event_name":"MindBloom","floor":44,"gold_loss":0},{"damage_healed":0,"gold_gain":0,"player_choice":"Paid","damage_taken":0,"relics_obtained":["Red Mask"],"max_hp_gain":0,"max_hp_loss":0,"event_name":"Tomb of Lord Red Mask","floor":46,"gold_loss":26}],"is_beta":false,"boss_relics":[{"not_picked":["Coffee Dripper","Sozu"],"picked":"Ectoplasm"},{"not_picked":["Runic Pyramid","Busted Crown"],"picked":"Philosopher\u0027s Stone"}],"items_purged_floors":[14],"is_endless":false,"potions_floor_spawned":[2,6,8,13,16,18,19,22,31,36,37,44,45,48],"killed_by":"Time Eater","ascension_level":0}