{"gold_per_floor":[109,125,135,150,150,150,163,180,251,152,170,185,185,208,208,329,329,342,192,192,217,237,237],"floor_reached":23,"playtime":2757,"items_purged":[],"score":189,"play_id":"6adbddd1-6dbe-428d-ab7b-32240133effc","local_time":"20181224020943","is_ascension_mode":false,"campfire_choices":[{"data":"Dualcast","floor":6,"key":"SMITH"},{"floor":15,"key":"REST"}],"neow_cost":"NONE","seed_source_timestamp":287932925573148,"circlet_count":0,"master_deck":["Strike_B+1","Strike_B","Strike_B","Defend_B","Defend_B","Defend_B","Defend_B","Zap","Dualcast+1","Streamline","Sweeping Beam","Heatsinks","Redo","BootSequence","Go for the Eyes","Lockon","Go for the Eyes","Leap","Ball Lightning","Injury","Stack","Electrodynamics","Conserve Battery+1","Steam+1","Rip and Tear+1"],"relics":["Cracked Core","Shuriken","Golden Idol","Philosopher\u0027s Stone","Blood Vial"],"potions_floor_usage":[7,23],"damage_taken":[{"damage":7,"enemies":"2 Louse","floor":1,"turns":3},{"damage":0,"enemies":"Cultist","floor":2,"turns":2},{"damage":13,"enemies":"Jaw Worm","floor":3,"turns":3},{"damage":11,"enemies":"3 Louse","floor":4,"turns":3},{"damage":8,"enemies":"Lots of Slimes","floor":7,"turns":3},{"damage":12,"enemies":"Blue Slaver","floor":8,"turns":3},{"damage":13,"enemies":"Gremlin Gang","floor":11,"turns":2},{"damage":12,"enemies":"Exordium Thugs","floor":12,"turns":5},{"damage":6,"enemies":"3 Louse","floor":14,"turns":3},{"damage":12,"enemies":"The Guardian","floor":16,"turns":10},{"damage":12,"enemies":"Shell Parasite","floor":18,"turns":5},{"damage":8,"enemies":"Spheric Guardian","floor":21,"turns":4},{"damage":19,"enemies":"Snecko","floor":22,"turns":4},{"damage":55,"enemies":"Book of Stabbing","floor":23,"turns":5}],"seed_played":"4496760816753630872","potions_obtained":[{"floor":3,"key":"Regen Potion"},{"floor":7,"key":"Dexterity Potion"},{"floor":14,"key":"SpeedPotion"},{"floor":18,"key":"Swift Potion"},{"floor":22,"key":"SteroidPotion"}],"is_trial":false,"path_per_floor":["M","M","M","M","?","R","M","M","T","$","M","M","?","M","R","B",null,"M","$","?","M","M","E"],"character_chosen":"DEFECT","items_purchased":["Lockon","Go for the Eyes","Blood Vial"],"campfire_rested":1,"item_purchase_floors":[10,10,19],"current_hp_per_floor":[75,75,62,51,51,51,52,40,40,40,27,15,15,9,33,21,82,70,70,70,64,47,0],"gold":237,"neow_bonus":"TEN_PERCENT_HP_BONUS","is_prod":false,"is_daily":false,"chose_seed":false,"campfire_upgraded":1,"win_rate":0.0,"timestamp":1545577783,"path_taken":["M","M","M","M","?","R","M","M","T","$","?","M","?","M","R","BOSS","M","$","?","M","?","E"],"build_version":"2018-12-20","purchased_purges":0,"victory":false,"max_hp_per_floor":[82,82,82,82,82,82,82,82,82,82,82,82,82,82,82,82,82,82,82,82,82,82,82],"card_choices":[{"not_picked":["Heatsinks","Force Field"],"picked":"Streamline","floor":1},{"not_picked":["Hologram","Compile Driver"],"picked":"Sweeping Beam","floor":2},{"not_picked":["Steam","Hologram"],"picked":"Heatsinks","floor":3},{"not_picked":["Steam","Go for the Eyes"],"picked":"Redo","floor":4},{"not_picked":["Leap","Streamline"],"picked":"BootSequence","floor":7},{"not_picked":["Sweeping Beam","Compile Driver"],"picked":"Go for the Eyes","floor":8},{"not_picked":["Blizzard","Barrage"],"picked":"Leap","floor":11},{"not_picked":["Loop","Darkness"],"picked":"Ball Lightning","floor":12},{"not_picked":["Lockon","Rip and Tear"],"picked":"Stack","floor":14},{"not_picked":["Machine Learning","Biased Cognition"],"picked":"Electrodynamics","floor":16},{"not_picked":["Genetic Algorithm","Cold Snap"],"picked":"Conserve Battery+1","floor":18},{"not_picked":["Leap","BootSequence"],"picked":"Steam+1","floor":21},{"not_picked":["Ball Lightning","Steam"],"picked":"Rip and Tear+1","floor":22}],"player_experience":14534,"relics_obtained":[{"floor":9,"key":"Shuriken"}],"event_choices":[{"cards_removed":["Strike_B"],"damage_healed":0,"gold_gain":0,"player_choice":"Offered Basic","damage_taken":0,"max_hp_gain":0,"max_hp_loss":0,"event_name":"Bonfire Elementals","floor":5,"gold_loss":0},{"damage_healed":0,"gold_gain":0,"player_choice":"Take Wound","damage_taken":0,"relics_obtained":["Golden Idol"],"max_hp_gain":0,"max_hp_loss":0,"event_name":"Golden Idol","floor":13,"gold_loss":0,"cards_obtained":["Injury"]},{"damage_healed":0,"gold_gain":0,"player_choice":"Forge","damage_taken":0,"max_hp_gain":0,"max_hp_loss":0,"event_name":"Accursed Blacksmith","floor":20,"gold_loss":0,"cards_upgraded":["Strike_B"]}],"is_beta":false,"boss_relics":[{"not_picked":["Coffee Dripper","Runic Pyramid"],"picked":"Philosopher\u0027s Stone"}],"items_purged_floors":[],"is_endless":false,"potions_floor_spawned":[3,7,14,18,22],"killed_by":"Book of Stabbing","ascension_level":0}