{"gold_per_floor":[109,109,119,139,154,154,179,354,431,431,445,445,445,480,480,583,583,601,616,351,364,376,376,404,404,404,434,180,180,180,95,95,191,191,202,40,58,8,8,8,41,41,41,71,23,33,33,33,33,33],"floor_reached":51,"playtime":3877,"items_purged":["Strike_B","Strike_B","Strike_B"],"score":1224,"play_id":"0c962f26-4d82-42d1-892d-6e25948e33a0","local_time":"20191003145334","is_ascension_mode":true,"campfire_choices":[{"data":"Zap","floor":6,"key":"SMITH"},{"data":"Hologram","floor":12,"key":"SMITH"},{"data":"Undo","floor":15,"key":"SMITH"},{"data":"Hyperbeam","floor":23,"key":"SMITH"},{"data":"Hologram","floor":25,"key":"SMITH"},{"floor":30,"key":"REST"},{"data":"Capacitor","floor":32,"key":"SMITH"},{"floor":40,"key":"REST"},{"floor":42,"key":"REST"},{"data":"Creative AI","floor":47,"key":"SMITH"},{"data":"Loop","floor":49,"key":"SMITH"}],"neow_cost":"CURSE","seed_source_timestamp":162519101137,"circlet_count":0,"master_deck":["AscendersBane","Strike_B","Defend_B","Defend_B","Defend_B","Defend_B","Zap+1","Dualcast+1","Conserve Battery+1","Undo+1","Genetic Algorithm","Cold Snap","Hello World","Hologram+1","Compile Driver","Cold Snap","Electrodynamics","Rebound","Compile Driver+1","White Noise+1","Sweeping Beam","Chill","Master of Strategy","Leap+1","Chaos+1","Hyperbeam+1","Hologram+1","Hologram","Capacitor+1","Buffer","White Noise+1","Echo Form","Glacier+1","Creative AI+1","Loop+1"],"relics":["Cracked Core","FossilizedHelix","Prayer Wheel","Gremlin Horn","Spirit Poop","Smiling Mask","Nuclear Battery","Dodecahedron","Darkstone Periapt","Bottled Lightning","Molten Egg 2","Eternal Feather","Happy Flower","Singing Bowl","Omamori"],"potions_floor_usage":[7,16,16,16,18,27,27,33,33,44,50],"damage_taken":[{"damage":0,"enemies":"Small Slimes","floor":1,"turns":3},{"damage":0,"enemies":"Jaw Worm","floor":3,"turns":3},{"damage":0,"enemies":"2 Louse","floor":4,"turns":2},{"damage":0,"enemies":"Exordium Wildlife","floor":5,"turns":4},{"damage":13,"enemies":"Gremlin Nob","floor":7,"turns":4},{"damage":0,"enemies":"Blue Slaver","floor":11,"turns":4},{"damage":8,"enemies":"Lagavulin","floor":14,"turns":8},{"damage":1,"enemies":"The Guardian","floor":16,"turns":14},{"damage":0,"enemies":"2 Thieves","floor":18,"turns":3},{"damage":6,"enemies":"Chosen","floor":19,"turns":5},{"damage":7,"enemies":"Centurion and Healer","floor":21,"turns":5},{"damage":0,"enemies":"Snecko","floor":22,"turns":5},{"damage":0,"enemies":"Slavers","floor":24,"turns":3},{"damage":48,"enemies":"Gremlin Leader","floor":27,"turns":8},{"damage":42,"enemies":"Automaton","floor":33,"turns":14},{"damage":46,"enemies":"3 Darklings","floor":35,"turns":7},{"damage":0,"enemies":"Orb Walker","floor":37,"turns":5},{"damage":33,"enemies":"Nemesis","floor":41,"turns":9},{"damage":0,"enemies":"Reptomancer","floor":44,"turns":8},{"damage":0,"enemies":"Spire Growth","floor":46,"turns":9},{"damage":47,"enemies":"Time Eater","floor":50,"turns":13}],"seed_played":"1437465266065022065","potions_obtained":[{"floor":5,"key":"FearPotion"},{"floor":7,"key":"AttackPotion"},{"floor":11,"key":"Block Potion"},{"floor":14,"key":"EntropicBrew"},{"floor":18,"key":"AttackPotion"},{"floor":19,"key":"Explosive Potion"},{"floor":21,"key":"EssenceOfSteel"},{"floor":33,"key":"Dexterity Potion"},{"floor":37,"key":"Fire Potion"},{"floor":39,"key":"SmokeBomb"}],"is_trial":false,"path_per_floor":["M","?","M","M","M","R","E","?","T","?","M","R","?","E","R","B",null,"M","M","$","M","M","R","E","R","T","E","$","?","R","?","R","B",null,"M","$","M","$","?","R","E","R","T","E","$","M","R","$","R","B",null],"character_chosen":"DEFECT","items_purchased":["Chill","Master of Strategy","Capacitor","EssenceOfSteel","Poison Potion","Echo Form","Swift Potion"],"campfire_rested":3,"item_purchase_floors":[20,20,28,28,28,36,45],"current_hp_per_floor":[68,53,53,53,53,53,40,40,40,40,40,40,40,32,32,31,64,64,58,58,51,51,51,51,51,51,3,3,28,50,50,50,8,58,12,12,12,12,12,52,19,59,59,59,59,61,77,77,77,30],"gold":33,"neow_bonus":"ONE_RARE_RELIC","is_prod":false,"is_daily":false,"chose_seed":false,"campfire_upgraded":8,"win_rate":0,"timestamp":1570107214,"path_taken":["M","?","M","M","M","R","E","?","T","?","?","R","?","E","R","BOSS","M","M","$","M","?","R","E","R","T","E","$","?","R","?","R","BOSS","M","$","M","$","?","R","E","R","T","E","?","M","R","$","R","BOSS"],"build_version":"2019-07-17","purchased_purges":3,"victory":true,"max_hp_per_floor":[75,75,75,75,75,75,75,75,75,75,75,75,75,75,75,75,75,75,75,75,75,75,75,75,75,75,75,75,75,75,75,75,75,75,75,75,75,75,75,75,75,75,75,75,75,77,77,77,77,77],"card_choices":[{"not_picked":["Gash","BootSequence"],"picked":"Conserve Battery","floor":1},{"not_picked":["Blizzard","Consume"],"picked":"Undo","floor":3},{"not_picked":["Beam Cell","Tempest"],"picked":"Genetic Algorithm","floor":4},{"not_picked":["Sunder","Gash"],"picked":"Cold Snap","floor":5},{"not_picked":["Aggregate","Stack"],"picked":"Hello World","floor":7},{"not_picked":["Aggregate","Lockon"],"picked":"Hologram","floor":11},{"not_picked":["Redo","Streamline"],"picked":"Compile Driver","floor":11},{"not_picked":["Fusion","Steam Power"],"picked":"Cold Snap","floor":14},{"not_picked":["Reboot","Hyperbeam"],"picked":"Electrodynamics","floor":16},{"not_picked":["Gash+1","Undo"],"picked":"Rebound","floor":18},{"not_picked":["Leap","Gash"],"picked":"Compile Driver+1","floor":18},{"not_picked":["Streamline","Rebound+1"],"picked":"White Noise+1","floor":19},{"not_picked":["Skim","Melter"],"picked":"Sweeping Beam","floor":19},{"not_picked":["Sweeping Beam+1","Gash"],"picked":"Leap+1","floor":21},{"not_picked":["Auto Shields","Undo","Stack"],"picked":"SKIP","floor":21},{"not_picked":["Reprogram","Beam Cell+1"],"picked":"Chaos+1","floor":22},{"not_picked":["Heatsinks","Compile Driver+1"],"picked":"Hyperbeam","floor":22},{"not_picked":["Chill","Gash"],"picked":"Hologram","floor":24},{"not_picked":["Beam Cell","Darkness"],"picked":"Hologram","floor":27},{"not_picked":["Fission","Amplify"],"picked":"Buffer","floor":33},{"not_picked":["Go for the Eyes+1","FTL+1"],"picked":"White Noise+1","floor":35},{"not_picked":["Cold Snap+1","Sweeping Beam+1","Rebound+1"],"picked":"SKIP","floor":35},{"not_picked":["Steam+1","Rebound+1"],"picked":"Glacier+1","floor":37},{"not_picked":["Scrape+1","Ball Lightning+1","Go for the Eyes+1"],"picked":"SKIP","floor":37},{"not_picked":["Coolheaded","Fission","Sweeping Beam+1"],"picked":"SKIP","floor":41},{"not_picked":["FTL+1","Go for the Eyes+1"],"picked":"Creative AI","floor":44},{"not_picked":["Streamline+1","Compile Driver+1","Go for the Eyes+1"],"picked":"Singing Bowl","floor":46},{"not_picked":["Scrape+1","Hologram"],"picked":"Loop","floor":46}],"player_experience":344833,"relics_obtained":[{"floor":7,"key":"Prayer Wheel"},{"floor":9,"key":"Gremlin Horn"},{"floor":14,"key":"Smiling Mask"},{"floor":24,"key":"Dodecahedron"},{"floor":26,"key":"Darkstone Periapt"},{"floor":27,"key":"Bottled Lightning"},{"floor":41,"key":"Happy Flower"},{"floor":43,"key":"Singing Bowl"},{"floor":44,"key":"Omamori"}],"event_choices":[{"damage_healed":0,"gold_gain":0,"player_choice":"Entered Light","damage_taken":15,"max_hp_gain":0,"max_hp_loss":0,"event_name":"Shining Light","floor":2,"gold_loss":0,"cards_upgraded":["Dualcast","Conserve Battery"]},{"damage_healed":0,"gold_gain":175,"player_choice":"AGREE","damage_taken":0,"max_hp_gain":0,"max_hp_loss":0,"event_name":"Liars Game","floor":8,"gold_loss":0,"cards_obtained":["Doubt"]},{"cards_removed":["Doubt"],"damage_healed":0,"gold_gain":0,"player_choice":"Forget","damage_taken":0,"max_hp_gain":0,"max_hp_loss":0,"event_name":"Living Wall","floor":10,"gold_loss":0},{"cards_removed":["Writhe"],"damage_healed":0,"gold_gain":0,"player_choice":"Offered Curse","damage_taken":0,"relics_obtained":["Spirit Poop"],"max_hp_gain":0,"max_hp_loss":0,"event_name":"Bonfire Elementals","floor":13,"gold_loss":0},{"damage_healed":25,"gold_gain":0,"player_choice":"Heal","damage_taken":0,"max_hp_gain":0,"max_hp_loss":0,"event_name":"The Library","floor":29,"gold_loss":0},{"damage_healed":0,"gold_gain":0,"player_choice":"Obtained Relic","damage_taken":0,"relics_obtained":["Molten Egg 2"],"max_hp_gain":0,"max_hp_loss":0,"event_name":"Addict","floor":31,"gold_loss":85},{"damage_healed":0,"gold_gain":0,"player_choice":"Got Potions","damage_taken":0,"max_hp_gain":0,"max_hp_loss":0,"event_name":"Lab","floor":39,"gold_loss":0}],"is_beta":false,"boss_relics":[{"not_picked":["Runic Dome","Sozu"],"picked":"Nuclear Battery"},{"not_picked":["Empty Cage","Tiny House"],"picked":"Eternal Feather"}],"items_purged_floors":[20,28,38],"is_endless":false,"potions_floor_spawned":[5,7,11,14,18,19,21,33,37],"ascension_level":11}