{"gold_per_floor":[116,20,32,32,32,32,32,32,59,59,59,59,15,29,29,125,125,125,125,125,125],"floor_reached":21,"playtime":2567,"items_purged":[],"score":398,"play_id":"2ffbfb89-2f01-4049-8100-296cc479a728","local_time":"20191005023113","is_ascension_mode":true,"campfire_choices":[{"data":"Purity","floor":6.0,"key":"SMITH"},{"data":"Blur","floor":8.0,"key":"SMITH"},{"floor":12.0,"key":"REST"},{"data":"Footwork","floor":15.0,"key":"SMITH"}],"neow_cost":"NONE","seed_source_timestamp":2261502283981625,"circlet_count":0,"master_deck":["AscendersBane","Strike_G","Strike_G","Strike_G","Defend_G","Defend_G","Defend_G+1","Defend_G","Survivor","Neutralize+1","Blur+1","Purity+1","Injury","Footwork+1","Backflip","A Thousand Cuts","Escape Plan","Footwork"],"special_seed":0,"relics":["Ring of the Snake","Juzu Bracelet","Golden Idol","Ectoplasm"],"potions_floor_usage":[18,21],"damage_taken":[{"damage":7.0,"enemies":"Small Slimes","floor":1.0,"turns":4.0},{"damage":14.0,"enemies":"Jaw Worm","floor":3.0,"turns":11.0},{"damage":0.0,"enemies":"Cultist","floor":14.0,"turns":7.0},{"damage":0.0,"enemies":"The Guardian","floor":16.0,"turns":43.0},{"damage":3,"enemies":"3 Byrds","floor":18,"turns":6},{"damage":1,"enemies":"Shell Parasite","floor":19,"turns":24},{"damage":34,"enemies":"Cultist and Chosen","floor":21,"turns":6}],"seed_played":"-7200000467879068259","potions_obtained":[{"floor":16.0,"key":"SkillPotion"},{"floor":18,"key":"Weak Potion"}],"is_trial":false,"path_per_floor":["M","$","M","?","?","R","?","R","T","?","?","R","$","M","R","B",null,"M","M","?","M"],"character_chosen":"THE_SILENT","items_purchased":["Purity","Footwork"],"campfire_rested":1,"item_purchase_floors":[2,13],"current_hp_per_floor":[58,58,44,37,37,37,37,37,37,15,15,36,36,36,36,36,63,60,59,59,25],"gold":125,"neow_bonus":"TEN_PERCENT_HP_BONUS","is_prod":false,"is_daily":false,"chose_seed":false,"campfire_upgraded":3,"win_rate":0,"timestamp":1570257073,"path_taken":["M","$","M","?","?","R","?","R","T","?","?","R","?","M","R","BOSS","M","M","?","M"],"build_version":"2019-07-17","purchased_purges":0,"victory":false,"max_hp_per_floor":[72,72,72,72,72,72,72,72,72,72,72,72,72,72,72,72,72,72,72,72,72],"card_choices":[{"not_picked":["Backflip","Backstab"],"picked":"Blur","floor":1.0},{"not_picked":["Quick Slash","Setup","Dagger Spray"],"picked":"SKIP","floor":3.0},{"not_picked":["Slice","Poisoned Stab"],"picked":"Backflip","floor":14.0},{"not_picked":["Venomology","Grand Finale"],"picked":"A Thousand Cuts","floor":16.0},{"not_picked":["Deflect","Flying Knee","Leg Sweep"],"picked":"SKIP","floor":18},{"not_picked":["Eviscerate+1","Skewer"],"picked":"Escape Plan","floor":19}],"player_experience":670728,"relics_obtained":[{"floor":9.0,"key":"Juzu Bracelet"}],"event_choices":[{"cards_removed":["Strike_G"],"damage_healed":0.0,"max_hp_gain":0.0,"max_hp_loss":0.0,"gold_gain":0.0,"event_name":"Golden Wing","player_choice":"Card Removal","floor":4.0,"gold_loss":0.0,"damage_taken":7.0},{"cards_removed":["Defend_G"],"damage_healed":0.0,"max_hp_gain":0.0,"max_hp_loss":0.0,"gold_gain":0.0,"event_name":"Living Wall","player_choice":"Forget","floor":5.0,"gold_loss":0.0,"damage_taken":0.0},{"cards_removed":["Strike_G"],"damage_healed":0.0,"max_hp_gain":0.0,"max_hp_loss":0.0,"gold_gain":0.0,"event_name":"Bonfire Elementals","player_choice":"Offered Basic","floor":7.0,"gold_loss":0.0,"damage_taken":0.0},{"damage_healed":0.0,"max_hp_gain":0.0,"max_hp_loss":0.0,"gold_gain":0.0,"event_name":"Shining Light","player_choice":"Entered Light","floor":10.0,"gold_loss":0.0,"damage_taken":22.0,"cards_upgraded":["Neutralize","Defend_G"]},{"damage_healed":0.0,"max_hp_gain":0.0,"max_hp_loss":0.0,"gold_gain":0.0,"event_name":"Golden Idol","player_choice":"Take Wound","floor":11.0,"gold_loss":0.0,"damage_taken":0.0,"relics_obtained":["Golden Idol"],"cards_obtained":["Injury"]},{"damage_healed":0,"gold_gain":0,"player_choice":"Read","damage_taken":0,"max_hp_gain":0,"max_hp_loss":0,"event_name":"The Library","floor":20,"gold_loss":0,"cards_obtained":["Footwork"]}],"is_beta":false,"boss_relics":[{"not_picked":["HoveringKite","Coffee Dripper"],"picked":"Ectoplasm"}],"items_purged_floors":[],"is_endless":false,"potions_floor_spawned":[16,18],"killed_by":"Cultist and Chosen","ascension_level":17}