{"gold_per_floor":[113,131,147,158,175,175,175,203,282,282,295,314,314,331,331,402,402,416,436,436,322,332,332,361,361,442,459,473,507,138,156,156,234,234,254,268,268,337,347,347,497,54,101,151,151,165,183,196,196,196],"floor_reached":50,"playtime":9618,"items_purged":["Defend_G","Escape Plan"],"score":1044,"play_id":"6b39270a-2720-4fc6-963c-05220af9a756","local_time":"20191006173242","is_ascension_mode":true,"campfire_choices":[{"data":"Dodge and Roll","floor":6.0,"key":"SMITH"},{"floor":10.0,"key":"REST"},{"data":"Blade Dance","floor":13.0,"key":"SMITH"},{"data":"Neutralize","floor":15.0,"key":"SMITH"},{"floor":23.0,"key":"REST"},{"floor":25.0,"key":"REST"},{"data":"Outmaneuver","floor":32.0,"key":"SMITH"},{"data":"Dash","floor":40.0,"key":"SMITH"},{"data":"A Thousand Cuts","floor":45.0,"key":"SMITH"},{"data":"Envenom","floor":49.0,"key":"SMITH"}],"neow_cost":"NONE","seed_source_timestamp":0,"circlet_count":0,"master_deck":["AscendersBane","Defend_G","Defend_G","Defend_G","Defend_G+1","Survivor","Neutralize+1","Dodge and Roll+1","Dash+1","Blade Dance+1","Adrenaline+1","Acrobatics+1","Bite","Bite","Bite","Bite","Bite","Infinite Blades","Riddle With Holes","Dash","Cloak And Dagger","Outmaneuver+1","A Thousand Cuts+1","Dodge and Roll+1","Envenom+1","The Bomb"],"special_seed":0,"relics":["Ring of the Snake","Boot","Dead Branch","Singing Bowl","Snecko Eye","Red Mask","Paper Crane","Pocketwatch","Ginger","Coffee Dripper","SsserpentHead","Unceasing Top","War Paint","Oddly Smooth Stone"],"potions_floor_usage":[50,50],"damage_taken":[{"damage":0.0,"enemies":"2 Louse","floor":1.0,"turns":3.0},{"damage":0.0,"enemies":"Small Slimes","floor":2.0,"turns":5.0},{"damage":2.0,"enemies":"Cultist","floor":3.0,"turns":5.0},{"damage":0.0,"enemies":"Exordium Wildlife","floor":4.0,"turns":3.0},{"damage":5.0,"enemies":"Blue Slaver","floor":5.0,"turns":4.0},{"damage":18.0,"enemies":"3 Sentries","floor":8.0,"turns":15.0},{"damage":0.0,"enemies":"Looter","floor":11.0,"turns":4.0},{"damage":1.0,"enemies":"3 Louse","floor":12.0,"turns":3.0},{"damage":22.0,"enemies":"Exordium Thugs","floor":14.0,"turns":6.0},{"damage":10.0,"enemies":"The Guardian","floor":16.0,"turns":15.0},{"damage":26.0,"enemies":"2 Thieves","floor":18.0,"turns":4.0},{"damage":23.0,"enemies":"Shell Parasite","floor":19.0,"turns":5.0},{"damage":14.0,"enemies":"Snake Plant","floor":22.0,"turns":5.0},{"damage":32.0,"enemies":"Masked Bandits","floor":24.0,"turns":6.0},{"damage":2.0,"enemies":"Centurion and Healer","floor":27.0,"turns":5.0},{"damage":21.0,"enemies":"Shelled Parasite and Fungi","floor":28.0,"turns":5.0},{"damage":0.0,"enemies":"Gremlin Leader","floor":29.0,"turns":8.0},{"damage":0.0,"enemies":"Cultist and Chosen","floor":31.0,"turns":5.0},{"damage":26.0,"enemies":"Collector","floor":33.0,"turns":15.0},{"damage":13.0,"enemies":"3 Darklings","floor":35.0,"turns":6.0},{"damage":9.0,"enemies":"3 Shapes","floor":36.0,"turns":7.0},{"damage":15.0,"enemies":"Sphere and 2 Shapes","floor":38.0,"turns":4.0},{"damage":2.0,"enemies":"4 Shapes","floor":39.0,"turns":8.0},{"damage":2.0,"enemies":"Mind Bloom Boss Battle","floor":41.0,"turns":10.0},{"damage":35.0,"enemies":"Maw","floor":46.0,"turns":6.0},{"damage":19.0,"enemies":"Writhing Mass","floor":47.0,"turns":17.0},{"damage":36.0,"enemies":"Transient","floor":48.0,"turns":6.0},{"damage":95,"enemies":"Awakened One","floor":50,"turns":15}],"seed_played":"-7045016532808167877","potions_obtained":[{"floor":3.0,"key":"Ancient Potion"},{"floor":8.0,"key":"LiquidBronze"},{"floor":31.0,"key":"FearPotion"},{"floor":33.0,"key":"Regen Potion"},{"floor":35.0,"key":"PowerPotion"},{"floor":46.0,"key":"PowerPotion"},{"floor":47.0,"key":"Ancient Potion"}],"is_trial":false,"path_per_floor":["M","M","M","M","M","R","?","E","T","R","M","M","R","M","R","B",null,"M","M","?","$","M","R","?","R","T","M","M","E","$","M","R","B",null,"M","M","?","M","M","R","?","$","T","?","R","M","M","M","R","B"],"character_chosen":"THE_SILENT","items_purchased":["Infinite Blades","Cloak And Dagger","Ginger","War Paint","Envenom"],"campfire_rested":3,"item_purchase_floors":[21,30,30,42,42],"current_hp_per_floor":[59,59,57,57,52,52,52,34,34,53,55,56,56,36,36,26,61,35,14,14,14,12,27,11,26,26,40,27,49,49,57,57,45,54,53,50,50,47,53,53,65,65,65,59,59,36,57,39,39,0],"gold":196,"neow_bonus":"RANDOM_COMMON_RELIC","is_prod":false,"is_daily":false,"chose_seed":false,"campfire_upgraded":7,"win_rate":0,"timestamp":1570397562,"path_taken":["M","M","M","M","M","R","?","E","T","R","M","M","R","M","R","BOSS","M","M","?","$","M","R","?","R","T","M","M","E","$","M","R","BOSS","M","M","?","?","M","R","?","$","T","?","R","M","M","M","R","BOSS"],"build_version":"2019-07-17","purchased_purges":2,"victory":false,"max_hp_per_floor":[66,66,66,66,66,66,66,66,66,66,68,70,70,72,72,72,72,72,74,51,51,53,53,53,53,53,55,55,57,57,57,57,57,57,59,61,61,63,63,63,65,65,65,69,69,71,73,75,75,75],"card_choices":[{"not_picked":["Slice","Concentrate"],"picked":"Dodge and Roll","floor":1.0},{"not_picked":["All Out Attack","PiercingWail"],"picked":"Dash","floor":2.0},{"not_picked":["Dodge and Roll","Distraction","Flechettes"],"picked":"SKIP","floor":3.0},{"not_picked":["Expertise","Prepared"],"picked":"Escape Plan","floor":4.0},{"not_picked":["Cloak And Dagger","Outmaneuver","Dagger Spray"],"picked":"SKIP","floor":5.0},{"not_picked":["Outmaneuver","A Thousand Cuts"],"picked":"Blade Dance","floor":8.0},{"not_picked":["Acrobatics","Dagger Throw","Outmaneuver"],"picked":"SKIP","floor":11.0},{"not_picked":["Acrobatics","Dagger Throw","Outmaneuver"],"picked":"Singing Bowl","floor":11.0},{"not_picked":["Slice","Blade Dance","Phantasmal Killer"],"picked":"Singing Bowl","floor":12.0},{"not_picked":["Poisoned Stab","Prepared","Choke"],"picked":"Singing Bowl","floor":14.0},{"not_picked":["Unload","Die Die Die"],"picked":"Adrenaline","floor":16.0},{"not_picked":["Poisoned Stab","Noxious Fumes"],"picked":"Acrobatics+1","floor":18.0},{"not_picked":["Blade Dance","Flechettes","Concentrate"],"picked":"Singing Bowl","floor":19.0},{"not_picked":["Slice","Expertise","Dagger Throw"],"picked":"Singing Bowl","floor":22.0},{"not_picked":["Dodge and Roll","PiercingWail+1"],"picked":"Riddle With Holes","floor":24.0},{"not_picked":["Escape Plan","Sucker Punch","Acrobatics"],"picked":"Singing Bowl","floor":27.0},{"not_picked":["Deadly Poison","Acrobatics"],"picked":"Dash","floor":28.0},{"not_picked":["Masterful Stab","Reflex","Bane"],"picked":"Singing Bowl","floor":29.0},{"not_picked":["Well Laid Plans","Slice"],"picked":"Outmaneuver","floor":31.0},{"not_picked":["Adrenaline","Burst"],"picked":"A Thousand Cuts","floor":33.0},{"not_picked":["Sucker Punch","Dodge and Roll","Deadly Poison"],"picked":"Singing Bowl","floor":35.0},{"not_picked":["Prepared","Dagger Throw","Endless Agony"],"picked":"Singing Bowl","floor":36.0},{"not_picked":["Riddle With Holes+1","Distraction","Dagger Spray+1"],"picked":"Singing Bowl","floor":38.0},{"not_picked":["Backflip","Reflex"],"picked":"Dodge and Roll+1","floor":39.0},{"not_picked":["Finisher","Underhanded Strike","Bane"],"picked":"Singing Bowl","floor":41.0},{"not_picked":["Secret Weapon","Madness","Deep Breath"],"picked":"Singing Bowl","floor":44.0},{"not_picked":["Bandage Up","Dark Shackles"],"picked":"The Bomb","floor":44.0},{"not_picked":["Flash of Steel","Metamorphosis","HandOfGreed"],"picked":"Singing Bowl","floor":44.0},{"not_picked":["Sucker Punch","Deflect","Cloak And Dagger"],"picked":"Singing Bowl","floor":46.0},{"not_picked":["Accuracy","Dodge and Roll+1","All Out Attack"],"picked":"Singing Bowl","floor":47.0},{"not_picked":["Tactician","Cloak And Dagger","Dodge and Roll"],"picked":"Singing Bowl","floor":48.0}],"player_experience":710486,"relics_obtained":[{"floor":8.0,"key":"Dead Branch"},{"floor":9.0,"key":"Singing Bowl"},{"floor":24.0,"key":"Red Mask"},{"floor":26.0,"key":"Paper Crane"},{"floor":29.0,"key":"Pocketwatch"},{"floor":41.0,"key":"Unceasing Top"},{"floor":43.0,"key":"Oddly Smooth Stone"}],"event_choices":[{"damage_healed":0.0,"max_hp_gain":0.0,"max_hp_loss":0.0,"gold_gain":0.0,"event_name":"Liars Game","player_choice":"Ignored","floor":7.0,"gold_loss":0.0,"damage_taken":0.0},{"damage_healed":0.0,"max_hp_gain":0.0,"max_hp_loss":23.0,"gold_gain":0.0,"event_name":"Vampires","player_choice":"Became a vampire","floor":20.0,"gold_loss":0.0,"damage_taken":0.0,"cards_obtained":["Bite","Bite","Bite","Bite","Bite"]},{"damage_healed":0.0,"max_hp_gain":0.0,"max_hp_loss":0.0,"gold_gain":0.0,"event_name":"Masked Bandits","player_choice":"Fought Bandits","floor":24.0,"gold_loss":0.0,"damage_taken":0.0},{"damage_healed":0.0,"max_hp_gain":0.0,"max_hp_loss":0.0,"gold_gain":0.0,"event_name":"FaceTrader","player_choice":"Trade","floor":37.0,"gold_loss":0.0,"damage_taken":0.0,"relics_obtained":["SsserpentHead"]},{"damage_healed":0.0,"max_hp_gain":0.0,"max_hp_loss":0.0,"gold_gain":0.0,"event_name":"MindBloom","player_choice":"Fight","floor":41.0,"gold_loss":0.0,"damage_taken":0.0},{"damage_healed":0.0,"max_hp_gain":0.0,"max_hp_loss":0.0,"gold_gain":0.0,"event_name":"SensoryStone","player_choice":"Memory 3","floor":44.0,"gold_loss":0.0,"damage_taken":10.0}],"is_beta":false,"boss_relics":[{"not_picked":["Velvet Choker","Pandora\u0027s Box"],"picked":"Snecko Eye"},{"not_picked":["Empty Cage","Astrolabe"],"picked":"Coffee Dripper"}],"items_purged_floors":[21,42],"is_endless":false,"potions_floor_spawned":[3,8,11,14,16,19,22,24,28,31,33,35,46,47],"killed_by":"Awakened One","ascension_level":20}