{"gold_per_floor":[109,123,48,48,61,61,87,99,135,182,194,206,248,273,285,369,381,411,423,223,223,148,148,180,180,180,205,216,233,252,252,252,252],"floor_reached":33,"playtime":1939,"items_purged":["Injury","Strike_R"],"score":602,"play_id":"e89b848b-daa0-4ade-b1c5-f021edee0176","local_time":"20190801124620","is_ascension_mode":true,"campfire_choices":[{"data":"Iron Wave","floor":6.0,"key":"SMITH"},{"data":"Shrug It Off","floor":8.0,"key":"SMITH"},{"data":"Cleave","floor":11.0,"key":"SMITH"},{"data":"Heavy Blade","floor":15.0,"key":"SMITH"},{"data":"Limit Break","floor":23.0,"key":"SMITH"},{"data":"Evolve","floor":25.0,"key":"SMITH"},{"floor":32,"key":"REST"}],"neow_cost":"CURSE","seed_source_timestamp":238936771102948,"circlet_count":0,"master_deck":["AscendersBane","Strike_R","Strike_R","Defend_R","Defend_R","Defend_R","Defend_R","Bash+1","Iron Wave+1","Heavy Blade+1","Shrug It Off+1","Anger","Cleave+1","Combust","Spot Weakness","Limit Break+1","Sword Boomerang","Shrug It Off","Evolve+1","Thunderclap+1"],"special_seed":0,"relics":["Burning Blood","Ice Cream","MawBank","Happy Flower","Art of War","Gremlin Horn","Black Star","MutagenicStrength","Red Skull","Bag of Preparation","Singing Bowl","Smiling Mask","Lantern"],"potions_floor_usage":[33],"damage_taken":[{"damage":2.0,"enemies":"Cultist","floor":1.0,"turns":4.0},{"damage":4.0,"enemies":"Small Slimes","floor":2.0,"turns":5.0},{"damage":1.0,"enemies":"2 Louse","floor":5.0,"turns":3.0},{"damage":8.0,"enemies":"Lagavulin","floor":7.0,"turns":7.0},{"damage":24.0,"enemies":"Gremlin Nob","floor":10.0,"turns":4.0},{"damage":20.0,"enemies":"3 Sentries","floor":13.0,"turns":8.0},{"damage":0.0,"enemies":"Large Slime","floor":14.0,"turns":4.0},{"damage":38.0,"enemies":"The Guardian","floor":16.0,"turns":8.0},{"damage":29.0,"enemies":"Shell Parasite","floor":18.0,"turns":4.0},{"damage":21.0,"enemies":"Gremlin Leader","floor":24.0,"turns":4.0},{"damage":36.0,"enemies":"Slavers","floor":27.0,"turns":3.0},{"damage":4.0,"enemies":"Spheric Guardian","floor":28.0,"turns":3.0},{"damage":0.0,"enemies":"Shelled Parasite and Fungi","floor":29.0,"turns":1.0},{"damage":13,"enemies":"Snecko","floor":30,"turns":3},{"damage":70,"enemies":"Automaton","floor":33,"turns":6}],"seed_played":"403879085196568975","potions_obtained":[{"floor":5.0,"key":"SneckoOil"},{"floor":10.0,"key":"BloodPotion"},{"floor":13.0,"key":"Swift Potion"},{"floor":14.0,"key":"Fire Potion"},{"floor":16.0,"key":"SteroidPotion"},{"floor":18.0,"key":"Ancient Potion"},{"floor":28.0,"key":"Regen Potion"},{"floor":29.0,"key":"Energy Potion"}],"is_trial":false,"path_per_floor":["M","M","$","?","M","R","E","R","T","E","R","?","E","M","R","B",null,"M","?","$","?","?","R","E","R","T","E","M","M","M","?","R","B"],"character_chosen":"IRONCLAD","items_purchased":["Shrug It Off","Evolve"],"campfire_rested":1,"item_purchase_floors":[20,20],"current_hp_per_floor":[72,74,74,74,75,75,73,73,73,55,55,48,52,58,58,26,63,40,40,40,55,55,55,40,40,40,12,16,24,19,19,43,0],"gold":252,"neow_bonus":"ONE_RARE_RELIC","is_prod":false,"is_daily":false,"chose_seed":false,"campfire_upgraded":6,"win_rate":0,"timestamp":1564677980,"path_taken":["M","M","?","?","M","R","E","R","T","E","R","?","E","M","R","BOSS","M","?","$","?","?","R","E","R","T","E","M","?","?","?","R","BOSS"],"build_version":"2019-07-17","purchased_purges":2,"victory":false,"max_hp_per_floor":[75,75,75,75,75,75,75,75,75,75,75,75,75,75,75,75,75,75,75,75,75,75,75,75,75,75,77,79,81,83,83,83,83],"card_choices":[{"not_picked":["True Grit","Power Through"],"picked":"Iron Wave","floor":1.0},{"not_picked":["Flex","Bloodletting"],"picked":"Heavy Blade","floor":2.0},{"not_picked":["Havoc","Bloodletting"],"picked":"Shrug It Off","floor":5.0},{"not_picked":["Evolve","Impervious"],"picked":"Anger","floor":7.0},{"not_picked":["Wild Strike","Ghostly Armor"],"picked":"Cleave","floor":10.0},{"not_picked":["Warcry","Corruption"],"picked":"Combust","floor":13.0},{"not_picked":["Perfected Strike","Sentinel"],"picked":"Spot Weakness","floor":14.0},{"not_picked":["Impervious","Berserk"],"picked":"Limit Break","floor":16.0},{"not_picked":["Cleave","Perfected Strike+1"],"picked":"Sword Boomerang","floor":18.0},{"not_picked":["Sentinel","Cleave+1"],"picked":"Thunderclap+1","floor":24.0},{"not_picked":["Cleave","Rage","Pommel Strike"],"picked":"Singing Bowl","floor":27.0},{"not_picked":["Armaments","Searing Blow","Havoc"],"picked":"Singing Bowl","floor":28.0},{"not_picked":["Double Tap","Pummel+1","Warcry"],"picked":"Singing Bowl","floor":29.0},{"not_picked":["Headbutt","Twin Strike","Cleave"],"picked":"Singing Bowl","floor":30}],"player_experience":2534782,"relics_obtained":[{"floor":7.0,"key":"MawBank"},{"floor":9.0,"key":"Happy Flower"},{"floor":10.0,"key":"Art of War"},{"floor":13.0,"key":"Gremlin Horn"},{"floor":24.0,"key":"Red Skull"},{"floor":24.0,"key":"Bag of Preparation"},{"floor":26.0,"key":"Singing Bowl"},{"floor":27.0,"key":"Smiling Mask"},{"floor":27.0,"key":"Lantern"}],"event_choices":[{"damage_healed":0.0,"max_hp_gain":0.0,"max_hp_loss":0.0,"gold_gain":0.0,"event_name":"Living Wall","player_choice":"Grow","floor":4.0,"gold_loss":0.0,"damage_taken":0.0,"cards_upgraded":["Bash"]},{"cards_removed":["Strike_R"],"damage_healed":0.0,"max_hp_gain":0.0,"max_hp_loss":0.0,"gold_gain":0.0,"event_name":"Golden Wing","player_choice":"Card Removal","floor":12.0,"gold_loss":0.0,"damage_taken":7.0},{"damage_healed":0.0,"max_hp_gain":0.0,"max_hp_loss":0.0,"gold_gain":0.0,"event_name":"Drug Dealer","player_choice":"Inject Mutagens","floor":19.0,"gold_loss":0.0,"damage_taken":0.0,"relics_obtained":["MutagenicStrength"]},{"damage_healed":15.0,"max_hp_gain":0.0,"max_hp_loss":0.0,"gold_gain":0.0,"event_name":"The Library","player_choice":"Heal","floor":21.0,"gold_loss":0.0,"damage_taken":0.0},{"cards_removed":["Strike_R"],"damage_healed":0.0,"max_hp_gain":0.0,"max_hp_loss":0.0,"gold_gain":0.0,"event_name":"Beggar","player_choice":"Gave Gold","floor":22.0,"gold_loss":75.0,"damage_taken":0.0},{"damage_healed":0,"gold_gain":0,"player_choice":"Leave","damage_taken":0,"max_hp_gain":0,"max_hp_loss":0,"event_name":"FaceTrader","floor":31,"gold_loss":0}],"is_beta":false,"boss_relics":[{"not_picked":["White Beast Statue","Lizard Tail"],"picked":"Black Star"}],"items_purged_floors":[3,20],"is_endless":false,"potions_floor_spawned":[5,10,13,14,16,18,28,29,30],"killed_by":"Automaton","ascension_level":20}