{"gold_per_floor":[113,124,124,44,61,61,88,106,154,154,189,189,208,262,262,336,336,346,346,359,17,27,56,56,90,117,167,35,46,46,64,64,141,141,151,164,180,193,1192,1192],"floor_reached":40,"playtime":1946,"items_purged":[],"score":1026,"play_id":"0f6bdc6d-2849-400b-b673-4edae871c2d1","local_time":"20190829135008","is_ascension_mode":true,"campfire_choices":[{"data":"Carnage","floor":6.0,"key":"SMITH"},{"data":"Perfected Strike","floor":10.0,"key":"SMITH"},{"data":"Perfected Strike","floor":12.0,"key":"SMITH"},{"data":"Perfected Strike","floor":15.0,"key":"SMITH"},{"floor":32,"key":"RECALL"}],"neow_cost":"NONE","seed_source_timestamp":1011379582858500,"circlet_count":0,"master_deck":["AscendersBane","Strike_R","Strike_R+1","Strike_R","Strike_R","Strike_R","Defend_R","Defend_R+1","Defend_R","Defend_R","Bash","Thunderclap","Perfected Strike+1","Carnage+1","Perfected Strike+1","Twin Strike","Perfected Strike+1","Perfected Strike+1","Berserk","Wild Strike","Headbutt","Pommel Strike","Disarm+1","Evolve","Pommel Strike","Twin Strike+1","Normality","Normality"],"special_seed":0,"relics":["Burning Blood","Paper Frog","Bag of Marbles","Art of War","Juzu Bracelet","Fusion Hammer","FossilizedHelix","Strawberry","Regal Pillow","Anchor","Runic Dome"],"potions_floor_usage":[16,29,33,33,36],"damage_taken":[{"damage":6.0,"enemies":"Cultist","floor":1.0,"turns":4.0},{"damage":4.0,"enemies":"Jaw Worm","floor":2.0,"turns":4.0},{"damage":7.0,"enemies":"Small Slimes","floor":5.0,"turns":3.0},{"damage":8.0,"enemies":"Gremlin Nob","floor":7.0,"turns":3.0},{"damage":0.0,"enemies":"3 Louse","floor":8.0,"turns":3.0},{"damage":2.0,"enemies":"3 Sentries","floor":11.0,"turns":3.0},{"damage":6.0,"enemies":"Lots of Slimes","floor":13.0,"turns":4.0},{"damage":6,"enemies":"Slime Boss","floor":16,"turns":5},{"damage":1,"enemies":"Spheric Guardian","floor":18,"turns":3},{"damage":10,"enemies":"3 Byrds","floor":20,"turns":4},{"damage":0,"enemies":"Centurion and Healer","floor":22,"turns":2},{"damage":39,"enemies":"Slavers","floor":23,"turns":4},{"damage":7,"enemies":"Book of Stabbing","floor":25,"turns":2},{"damage":0,"enemies":"Cultist and Chosen","floor":29,"turns":3},{"damage":0,"enemies":"Snake Plant","floor":31,"turns":1},{"damage":36,"enemies":"Collector","floor":33,"turns":7},{"damage":16,"enemies":"3 Darklings","floor":35,"turns":3},{"damage":6,"enemies":"3 Shapes","floor":36,"turns":6},{"damage":0,"enemies":"Jaw Worm Horde","floor":37,"turns":3},{"damage":28,"enemies":"3 Darklings","floor":38,"turns":3},{"damage":52,"enemies":"Nemesis","floor":40,"turns":2}],"seed_played":"-7123061402739969015","potions_obtained":[{"floor":2.0,"key":"SkillPotion"},{"floor":8.0,"key":"Energy Potion"},{"floor":13.0,"key":"SkillPotion"},{"floor":25,"key":"Energy Potion"},{"floor":29,"key":"Weak Potion"},{"floor":31,"key":"FearPotion"},{"floor":33,"key":"SkillPotion"}],"is_trial":false,"path_per_floor":["M","M","?","$","M","R","E","M","T","R","E","R","M","T","R","B",null,"M","?","M","$","M","E","?","E","T","?","$","M","$","M","R","B",null,"M","M","M","M","?","E"],"character_chosen":"IRONCLAD","items_purchased":["Carnage","FossilizedHelix","Headbutt","Evolve","Swift Potion"],"campfire_rested":0,"item_purchase_floors":[4,21,21,28,28],"current_hp_per_floor":[75,77,52,52,51,51,49,55,55,55,59,59,59,59,59,59,76,81,81,77,77,82,56,56,55,55,47,47,53,53,59,59,29,74,64,64,70,48,48,0],"gold":1192,"neow_bonus":"TEN_PERCENT_HP_BONUS","is_prod":false,"is_daily":false,"chose_seed":false,"campfire_upgraded":4,"win_rate":0,"timestamp":1567101008,"path_taken":["M","?","?","?","?","R","E","M","T","R","E","R","M","?","R","BOSS","M","?","M","?","M","E","?","E","T","?","$","M","?","M","R","BOSS","M","M","M","M","?","E"],"build_version":"2019-07-17","purchased_purges":0,"victory":false,"max_hp_per_floor":[82,82,82,82,82,82,82,82,82,82,82,82,82,82,82,82,82,82,82,82,82,82,89,89,89,89,89,89,89,89,89,89,89,89,89,89,89,89,89,89],"card_choices":[{"not_picked":["Havoc","Armaments"],"picked":"Thunderclap","floor":1.0},{"not_picked":["Intimidate","Havoc"],"picked":"Perfected Strike","floor":2.0},{"not_picked":["Cleave","Clothesline","Armaments"],"picked":"SKIP","floor":5.0},{"not_picked":["Anger","Havoc"],"picked":"Perfected Strike","floor":7.0},{"not_picked":["Anger","Heavy Blade"],"picked":"Twin Strike","floor":8.0},{"not_picked":["Pommel Strike","Impervious"],"picked":"Perfected Strike","floor":11.0},{"not_picked":["Carnage","Twin Strike"],"picked":"Perfected Strike","floor":13.0},{"not_picked":["Juggernaut","Demon Form"],"picked":"Berserk","floor":16},{"not_picked":["Rage","Anger"],"picked":"Wild Strike","floor":18},{"not_picked":["Flex+1","Cleave+1","Body Slam+1"],"picked":"SKIP","floor":20},{"not_picked":["Armaments","Anger"],"picked":"Pommel Strike","floor":22},{"not_picked":["Clash","Second Wind","Headbutt"],"picked":"SKIP","floor":23},{"not_picked":["True Grit","Sword Boomerang"],"picked":"Disarm+1","floor":25},{"not_picked":["Heavy Blade","Body Slam","Inflame"],"picked":"SKIP","floor":29},{"not_picked":["Second Wind","Havoc"],"picked":"Pommel Strike","floor":31},{"not_picked":["Iron Wave+1","Feel No Pain+1","Sever Soul"],"picked":"SKIP","floor":35},{"not_picked":["Flame Barrier","Clothesline","Clash"],"picked":"SKIP","floor":36},{"not_picked":["Clothesline","Iron Wave+1","Corruption"],"picked":"SKIP","floor":37},{"not_picked":["Whirlwind","Thunderclap+1"],"picked":"Twin Strike+1","floor":38}],"player_experience":2710871,"relics_obtained":[{"floor":7.0,"key":"Paper Frog"},{"floor":9.0,"key":"Bag of Marbles"},{"floor":11.0,"key":"Art of War"},{"floor":14.0,"key":"Juzu Bracelet"},{"floor":23,"key":"Strawberry"},{"floor":25,"key":"Regal Pillow"},{"floor":26,"key":"Anchor"}],"event_choices":[{"damage_healed":0.0,"max_hp_gain":0.0,"max_hp_loss":0.0,"gold_gain":0.0,"event_name":"Shining Light","player_choice":"Entered Light","floor":3.0,"gold_loss":0.0,"damage_taken":25.0,"cards_upgraded":["Strike_R","Defend_R"]},{"damage_healed":0,"gold_gain":0,"player_choice":"0 cards matched","damage_taken":0,"max_hp_gain":0,"max_hp_loss":0,"event_name":"Match and Keep!","floor":19,"gold_loss":0,"cards_obtained":[]},{"damage_healed":0,"gold_gain":0,"player_choice":"Upgraded","damage_taken":0,"max_hp_gain":0,"max_hp_loss":0,"event_name":"Upgrade Shrine","floor":24,"gold_loss":0,"cards_upgraded":["Perfected Strike"]},{"damage_healed":0,"gold_gain":50,"player_choice":"Touch","damage_taken":8,"max_hp_gain":0,"max_hp_loss":0,"event_name":"FaceTrader","floor":27,"gold_loss":0},{"damage_healed":0,"gold_gain":999,"player_choice":"Gold","damage_taken":0,"max_hp_gain":0,"max_hp_loss":0,"event_name":"MindBloom","floor":39,"gold_loss":0,"cards_obtained":["Normality","Normality"]}],"is_beta":false,"boss_relics":[{"not_picked":["Lizard Tail","Black Blood"],"picked":"Fusion Hammer"},{"not_picked":["Tiny House","Sozu"],"picked":"Runic Dome"}],"items_purged_floors":[],"is_endless":false,"potions_floor_spawned":[2,8,13,25,29,31,33,37],"killed_by":"Nemesis","ascension_level":20}