{"gold_per_floor":[113,128,139,139,214,214,214,233,282,282,282,282,38,53,53,146,146,160,185,185,185,210,210,210,225,274,62,62,62,76,101,101,101],"floor_reached":33,"playtime":2341,"items_purged":["Defend_G"],"score":499,"play_id":"e3870bd0-e6a3-44c4-a66b-d1a0cfcc9e19","local_time":"20191006202614","is_ascension_mode":true,"campfire_choices":[{"floor":6.0,"key":"REST"},{"floor":7.0,"key":"REST"},{"data":"Deadly Poison","floor":11.0,"key":"SMITH"},{"floor":12.0,"key":"REST"},{"data":"Poisoned Stab","floor":15.0,"key":"SMITH"},{"floor":23.0,"key":"REST"},{"data":"Blur","floor":24.0,"key":"SMITH"},{"data":"Doppelganger","floor":28.0,"key":"SMITH"},{"data":"Blur","floor":32.0,"key":"SMITH"}],"neow_cost":"PERCENT_DAMAGE","seed_source_timestamp":87954111987748,"circlet_count":0,"master_deck":["AscendersBane","Defend_G","Defend_G","Defend_G","Defend_G","Survivor","Neutralize","Poisoned Stab+1","Dash","Deadly Poison+1","Backflip","Blur+1","Crippling Poison","Acrobatics","Doppelganger+1","Crippling Poison+1","After Image+1","Poisoned Stab+1","PiercingWail","Blur+1","Acrobatics","Bite","Bite","Bite","Bite","Bite","Acrobatics+1","Calculated Gamble"],"special_seed":0,"relics":["Ring of the Snake","WingedGreaves","Golden Idol","Boot","Astrolabe","Juzu Bracelet","TwistedFunnel"],"potions_floor_usage":[],"damage_taken":[{"damage":1.0,"enemies":"Cultist","floor":1.0,"turns":4.0},{"damage":3.0,"enemies":"Jaw Worm","floor":2.0,"turns":3.0},{"damage":0.0,"enemies":"2 Louse","floor":3.0,"turns":3.0},{"damage":11.0,"enemies":"Large Slime","floor":8.0,"turns":8.0},{"damage":12.0,"enemies":"Looter","floor":14.0,"turns":3.0},{"damage":19.0,"enemies":"Hexaghost","floor":16.0,"turns":9.0},{"damage":12.0,"enemies":"Shell Parasite","floor":18.0,"turns":6.0},{"damage":22.0,"enemies":"2 Thieves","floor":19.0,"turns":5.0},{"damage":13.0,"enemies":"Snake Plant","floor":22.0,"turns":6.0},{"damage":0.0,"enemies":"Snecko","floor":25.0,"turns":6.0},{"damage":27.0,"enemies":"Centurion and Healer","floor":30.0,"turns":10.0},{"damage":24.0,"enemies":"Cultist and Chosen","floor":31.0,"turns":9.0},{"damage":26,"enemies":"Collector","floor":33,"turns":3}],"seed_played":"9122633273144357855","potions_obtained":[{"floor":8.0,"key":"Weak Potion"},{"floor":14.0,"key":"Explosive Potion"},{"floor":16.0,"key":"EssenceOfSteel"},{"floor":19.0,"key":"Weak Potion"},{"floor":30.0,"key":"Energy Potion"}],"is_trial":false,"path_per_floor":["M","M","M","?","?","R","R","M","T","?","R","R","$","M","R","B",null,"M","M","?","?","M","R","R","M","T","$","R","?","M","M","R","B"],"character_chosen":"THE_SILENT","items_purchased":["Blur","Crippling Poison","TwistedFunnel"],"campfire_rested":4,"item_purchase_floors":[13,13,27],"current_hp_per_floor":[43,40,40,17,6,25,44,33,33,26,26,45,45,33,33,14,53,41,19,19,19,16,29,29,35,35,35,35,35,30,20,20,0],"gold":101,"neow_bonus":"ONE_RARE_RELIC","is_prod":false,"is_daily":false,"chose_seed":false,"campfire_upgraded":5,"win_rate":0,"timestamp":1570407974,"path_taken":["M","M","M","?","?","R","R","M","T","?","R","R","$","M","R","BOSS","M","M","?","?","M","R","R","M","T","$","R","?","M","M","R","BOSS"],"build_version":"2019-07-17","purchased_purges":1,"victory":false,"max_hp_per_floor":[66,66,66,66,66,66,66,66,66,66,66,66,66,66,66,66,66,66,66,66,46,46,46,46,46,46,46,46,46,46,46,46,46],"card_choices":[{"not_picked":["Dagger Spray","Flying Knee"],"picked":"Poisoned Stab","floor":1.0},{"not_picked":["Dagger Spray","Unload"],"picked":"Dash","floor":2.0},{"not_picked":["Dagger Throw","Accuracy"],"picked":"Deadly Poison","floor":3.0},{"not_picked":["Deflect","Infinite Blades"],"picked":"Backflip","floor":8.0},{"not_picked":["Poisoned Stab","Skewer"],"picked":"Acrobatics","floor":14.0},{"not_picked":["Unload","Wraith Form v2"],"picked":"Doppelganger","floor":16.0},{"not_picked":["Cloak And Dagger","Dash"],"picked":"PiercingWail","floor":18.0},{"not_picked":["Slice","Deflect"],"picked":"Blur","floor":19.0},{"not_picked":["Underhanded Strike","Blade Dance"],"picked":"Acrobatics+1","floor":22.0},{"not_picked":["Heel Hook+1","Flying Knee"],"picked":"Calculated Gamble","floor":25.0},{"not_picked":["Prepared","Dash","Acrobatics"],"picked":"SKIP","floor":30.0},{"not_picked":["Predator","Sucker Punch","Heel Hook"],"picked":"SKIP","floor":31.0}],"player_experience":724764,"relics_obtained":[{"floor":9.0,"key":"Boot"},{"floor":26.0,"key":"Juzu Bracelet"}],"event_choices":[{"damage_healed":0.0,"max_hp_gain":0.0,"max_hp_loss":0.0,"gold_gain":0.0,"event_name":"Golden Idol","player_choice":"Take Damage","floor":4.0,"gold_loss":0.0,"damage_taken":23.0,"relics_obtained":["Golden Idol"]},{"damage_healed":0.0,"max_hp_gain":0.0,"max_hp_loss":0.0,"gold_gain":75.0,"event_name":"World of Goop","player_choice":"Gather Gold","floor":5.0,"gold_loss":0.0,"damage_taken":11.0},{"cards_removed":["Strike_G"],"damage_healed":0.0,"max_hp_gain":0.0,"max_hp_loss":0.0,"gold_gain":0.0,"event_name":"Golden Wing","player_choice":"Card Removal","floor":10.0,"gold_loss":0.0,"damage_taken":7.0},{"damage_healed":0.0,"max_hp_gain":0.0,"max_hp_loss":0.0,"gold_gain":0.0,"event_name":"The Library","player_choice":"Read","floor":20.0,"gold_loss":0.0,"damage_taken":0.0,"cards_obtained":["Acrobatics"]},{"damage_healed":0.0,"max_hp_gain":0.0,"max_hp_loss":20.0,"gold_gain":0.0,"event_name":"Vampires","player_choice":"Became a vampire","floor":21.0,"gold_loss":0.0,"damage_taken":0.0,"cards_obtained":["Bite","Bite","Bite","Bite","Bite"]},{"damage_healed":0.0,"max_hp_gain":0.0,"max_hp_loss":0.0,"gold_gain":0.0,"event_name":"The Mausoleum","player_choice":"Ignored","floor":29.0,"gold_loss":0.0,"damage_taken":0.0}],"is_beta":false,"boss_relics":[{"not_picked":["White Beast Statue","Calling Bell"],"picked":"Astrolabe"}],"items_purged_floors":[13],"is_endless":false,"potions_floor_spawned":[8,14,16,19,30],"killed_by":"Collector","ascension_level":20}