{"gold_per_floor":[117,130,149,167,180,180,207,207,230,230,70,70,98,109,109,186,186,206,206,206,206,219,219],"floor_reached":23,"playtime":2449,"items_purged":[],"score":402,"play_id":"7c78628f-d33a-4a57-a3c0-7f25444b38b2","local_time":"20191006184233","is_ascension_mode":true,"campfire_choices":[{"data":"Cloak And Dagger","floor":6.0,"key":"SMITH"},{"data":"Deadly Poison","floor":8.0,"key":"SMITH"},{"floor":10.0,"key":"REST"},{"floor":15.0,"key":"REST"}],"neow_cost":"NONE","seed_source_timestamp":80846669300163,"circlet_count":0,"master_deck":["AscendersBane","Strike_G","Strike_G","Strike_G","Strike_G","Strike_G","Defend_G","Defend_G","Defend_G","Defend_G","Defend_G","Survivor","Neutralize","After Image","Poisoned Stab","Leg Sweep","Cloak And Dagger+1","Deadly Poison+1","Footwork","Crippling Poison","Dodge and Roll","Corpse Explosion","Blur"],"special_seed":0,"relics":["Ring of the Snake","Snake Skull","Dream Catcher","Art of War","Ancient Tea Set","Runic Pyramid","MutagenicStrength"],"potions_floor_usage":[],"damage_taken":[{"damage":0.0,"enemies":"Small Slimes","floor":1.0,"turns":4.0},{"damage":3.0,"enemies":"2 Louse","floor":2.0,"turns":4.0},{"damage":0.0,"enemies":"Jaw Worm","floor":3.0,"turns":6.0},{"damage":18.0,"enemies":"Large Slime","floor":4.0,"turns":10.0},{"damage":3.0,"enemies":"2 Fungi Beasts","floor":5.0,"turns":4.0},{"damage":9.0,"enemies":"Lagavulin","floor":7.0,"turns":8.0},{"damage":27.0,"enemies":"Gremlin Nob","floor":13.0,"turns":4.0},{"damage":1.0,"enemies":"Exordium Thugs","floor":14.0,"turns":5.0},{"damage":30.0,"enemies":"Slime Boss","floor":16.0,"turns":19.0},{"damage":11.0,"enemies":"2 Thieves","floor":18.0,"turns":4.0},{"damage":6.0,"enemies":"Chosen","floor":22.0,"turns":6.0},{"damage":45,"enemies":"Gremlin Leader","floor":23,"turns":5}],"seed_played":"-1240675648522868075","potions_obtained":[{"floor":2.0,"key":"Dexterity Potion"},{"floor":3.0,"key":"Fire Potion"},{"floor":4.0,"key":"FearPotion"}],"is_trial":false,"path_per_floor":["M","M","M","M","M","R","E","R","T","R","$","?","E","M","R","B",null,"M","?","?","?","M","E"],"character_chosen":"THE_SILENT","items_purchased":["Art of War"],"campfire_rested":2,"item_purchase_floors":[11],"current_hp_per_floor":[59,56,56,38,35,35,26,26,26,45,45,45,18,17,36,6,51,40,40,40,40,34,0],"gold":219,"neow_bonus":"ONE_RANDOM_RARE_CARD","is_prod":false,"is_daily":false,"chose_seed":false,"campfire_upgraded":2,"win_rate":0,"timestamp":1570401753,"path_taken":["M","M","M","M","M","R","E","R","T","R","$","?","E","M","R","BOSS","M","?","?","?","M","E"],"build_version":"2019-07-17","purchased_purges":0,"victory":false,"max_hp_per_floor":[66,66,66,66,66,66,66,66,66,66,66,66,66,66,66,66,66,66,66,66,66,66,66],"card_choices":[{"not_picked":["Distraction","Escape Plan"],"picked":"Poisoned Stab","floor":1.0},{"not_picked":["Finisher","Sucker Punch"],"picked":"Leg Sweep","floor":2.0},{"not_picked":["Sucker Punch","Quick Slash"],"picked":"Cloak And Dagger","floor":3.0},{"not_picked":["Poisoned Stab","Sucker Punch"],"picked":"Deadly Poison","floor":4.0},{"not_picked":["Deadly Poison","Prepared"],"picked":"Footwork","floor":5.0},{"not_picked":["Distraction","Quick Slash","Tactician"],"picked":"SKIP","floor":7.0},{"not_picked":["Expertise","Flechettes"],"picked":"Crippling Poison","floor":13.0},{"not_picked":["Slice","Poisoned Stab","Expertise"],"picked":"SKIP","floor":14.0},{"not_picked":["Terror","Reflex"],"picked":"Dodge and Roll","floor":15.0},{"not_picked":["Burst","Bullet Time"],"picked":"Corpse Explosion","floor":16.0},{"not_picked":["Dagger Throw","Terror","Backflip"],"picked":"SKIP","floor":18.0},{"not_picked":["Acrobatics","Slice"],"picked":"Blur","floor":22.0}],"player_experience":720104,"relics_obtained":[{"floor":7.0,"key":"Snake Skull"},{"floor":9.0,"key":"Dream Catcher"},{"floor":13.0,"key":"Ancient Tea Set"}],"event_choices":[{"damage_healed":0.0,"max_hp_gain":0.0,"max_hp_loss":0.0,"gold_gain":0.0,"event_name":"Scrap Ooze","player_choice":"Fled","floor":12.0,"gold_loss":0.0,"damage_taken":0.0},{"damage_healed":0.0,"max_hp_gain":0.0,"max_hp_loss":0.0,"gold_gain":0.0,"event_name":"Cursed Tome","player_choice":"Ignored","floor":19.0,"gold_loss":0.0,"damage_taken":0.0},{"damage_healed":0.0,"max_hp_gain":0.0,"max_hp_loss":0.0,"gold_gain":0.0,"event_name":"Drug Dealer","player_choice":"Inject Mutagens","floor":20.0,"gold_loss":0.0,"damage_taken":0.0,"relics_obtained":["MutagenicStrength"]},{"damage_healed":0.0,"max_hp_gain":0.0,"max_hp_loss":0.0,"gold_gain":0.0,"event_name":"The Mausoleum","player_choice":"Ignored","floor":21.0,"gold_loss":0.0,"damage_taken":0.0}],"is_beta":false,"boss_relics":[{"not_picked":["White Beast Statue","Tiny House"],"picked":"Runic Pyramid"}],"items_purged_floors":[],"is_endless":false,"potions_floor_spawned":[2,3,4,5],"killed_by":"Gremlin Leader","ascension_level":20}