{"gold_per_floor":[17,32,32,32,32,32,61,61,88,105,130,143,159,186,186,186],"floor_reached":16,"playtime":878,"items_purged":[],"score":220,"play_id":"bef0ced8-cd1a-4779-9e59-9416badd7c91","local_time":"20190930231828","is_ascension_mode":true,"campfire_choices":[{"data":"Rampage","floor":6,"key":"SMITH"},{"floor":8,"key":"REST"},{"data":"Perfected Strike","floor":15,"key":"SMITH"}],"neow_cost":"NO_GOLD","seed_source_timestamp":345249560929400,"circlet_count":0,"master_deck":["AscendersBane","Strike_R","Strike_R","Strike_R","Strike_R+1","Strike_R","Defend_R","Defend_R","Defend_R+1","Defend_R","Bash+1","Pommel Strike","Rampage+1","Thunderclap","Perfected Strike+1","Spot Weakness"],"relics":["Burning Blood","Pantograph","Bag of Preparation","Odd Mushroom"],"potions_floor_usage":[7,14,16,16],"damage_taken":[{"damage":10,"enemies":"Small Slimes","floor":1,"turns":5},{"damage":9,"enemies":"Jaw Worm","floor":2,"turns":5},{"damage":27,"enemies":"Lagavulin","floor":7,"turns":5},{"damage":8,"enemies":"2 Louse","floor":10,"turns":3},{"damage":29,"enemies":"3 Sentries","floor":11,"turns":8},{"damage":6,"enemies":"Looter","floor":12,"turns":3},{"damage":11,"enemies":"3 Louse","floor":13,"turns":4},{"damage":16,"enemies":"The Mushroom Lair","floor":14,"turns":3},{"damage":41,"enemies":"The Guardian","floor":16,"turns":7}],"seed_played":"6525744361027417108","potions_obtained":[{"floor":1,"key":"AttackPotion"},{"floor":12,"key":"DuplicationPotion"},{"floor":13,"key":"Swift Potion"},{"floor":14,"key":"Fire Potion"}],"is_trial":false,"path_per_floor":["M","M","?","$","?","R","E","R","T","M","E","M","M","?","R","B"],"character_chosen":"IRONCLAD","items_purchased":[],"campfire_rested":1,"item_purchase_floors":[],"current_hp_per_floor":[78,75,75,75,48,48,27,53,53,51,28,28,23,13,13,0],"gold":186,"neow_bonus":"TWENTY_PERCENT_HP_BONUS","is_prod":false,"is_daily":false,"chose_seed":false,"campfire_upgraded":2,"win_rate":0,"timestamp":1569899908,"path_taken":["M","M","?","$","?","R","E","R","T","?","E","M","M","?","R","BOSS"],"build_version":"2019-09-27","purchased_purges":0,"victory":false,"max_hp_per_floor":[89,89,89,89,89,89,89,89,89,89,89,89,89,89,89,89],"card_choices":[{"not_picked":["Rupture","Bloodletting"],"picked":"Pommel Strike","floor":1},{"not_picked":["Flex","Wild Strike"],"picked":"Rampage","floor":2},{"not_picked":["Intimidate","Clash"],"picked":"Thunderclap","floor":7},{"not_picked":["Anger","Dual Wield"],"picked":"Perfected Strike","floor":10},{"not_picked":["Anger","Headbutt","Heavy Blade"],"picked":"SKIP","floor":11},{"not_picked":["Sword Boomerang","Twin Strike","Fire Breathing"],"picked":"SKIP","floor":12},{"not_picked":["Rampage","Sentinel","Seeing Red"],"picked":"SKIP","floor":13},{"not_picked":["Perfected Strike","Pommel Strike"],"picked":"Spot Weakness","floor":14}],"player_experience":116725,"relics_obtained":[{"floor":7,"key":"Pantograph"},{"floor":11,"key":"Bag of Preparation"},{"floor":14,"key":"Odd Mushroom"}],"event_choices":[{"damage_healed":0,"gold_gain":0,"player_choice":"Grow","damage_taken":0,"max_hp_gain":0,"max_hp_loss":0,"event_name":"Living Wall","floor":3,"gold_loss":0,"cards_upgraded":["Bash"]},{"damage_healed":0,"gold_gain":0,"player_choice":"Entered Light","damage_taken":27,"max_hp_gain":0,"max_hp_loss":0,"event_name":"Shining Light","floor":5,"gold_loss":0,"cards_upgraded":["Defend_R","Strike_R"]},{"damage_healed":0,"gold_gain":0,"player_choice":"Fought Mushrooms","damage_taken":0,"max_hp_gain":0,"max_hp_loss":0,"event_name":"Mushrooms","floor":14,"gold_loss":0}],"is_beta":true,"boss_relics":[],"items_purged_floors":[],"is_endless":false,"potions_floor_spawned":[1,12,13,14],"killed_by":"The Guardian","ascension_level":20}