{"gold_per_floor":[110,120,136,136,136,136,467,467,467,478,478,507,518,532,532,610,610,623,642,642,658,658,658,670,688,715,715],"floor_reached":27,"playtime":2939,"items_purged":[],"score":443,"play_id":"20d7860d-67c4-4929-8e33-4a27fe81e288","local_time":"20191005174343","is_ascension_mode":true,"campfire_choices":[{"floor":6.0,"key":"REST"},{"floor":8.0,"key":"REST"},{"data":"Poisoned Stab","floor":11.0,"key":"SMITH"},{"data":"Blur","floor":15.0,"key":"SMITH"},{"data":"Night Terror","floor":23.0,"key":"SMITH"}],"neow_cost":"NONE","seed_source_timestamp":2315222221660922,"circlet_count":0,"master_deck":["AscendersBane","Strike_G","Strike_G","Defend_G","Defend_G+1","Defend_G","Defend_G","Defend_G","Survivor","Neutralize","After Image+1","Blade Dance+1","Poisoned Stab+1","Calculated Gamble+1","Blur+1","Crippling Poison","Night Terror+1","Deadly Poison","A Thousand Cuts","Finisher+1","Caltrops+1","Acrobatics","Prepared+1","RitualDagger","PiercingWail+1"],"special_seed":0,"relics":["Ring of the Snake","Old Coin","WingedGreaves","War Paint","Astrolabe","Dream Catcher"],"potions_floor_usage":[27,27],"damage_taken":[{"damage":0.0,"enemies":"Cultist","floor":1.0,"turns":5.0},{"damage":5.0,"enemies":"Jaw Worm","floor":2.0,"turns":4.0},{"damage":0.0,"enemies":"2 Louse","floor":3.0,"turns":2.0},{"damage":41.0,"enemies":"3 Sentries","floor":7.0,"turns":12.0},{"damage":1.0,"enemies":"Exordium Wildlife","floor":10.0,"turns":6.0},{"damage":10.0,"enemies":"Lagavulin","floor":12.0,"turns":9.0},{"damage":0.0,"enemies":"2 Fungi Beasts","floor":13.0,"turns":4.0},{"damage":7.0,"enemies":"Red Slaver","floor":14.0,"turns":3.0},{"damage":17.0,"enemies":"Hexaghost","floor":16.0,"turns":11.0},{"damage":0.0,"enemies":"3 Byrds","floor":18.0,"turns":4.0},{"damage":26.0,"enemies":"Chosen","floor":19.0,"turns":6.0},{"damage":14.0,"enemies":"Snecko","floor":21.0,"turns":7.0},{"damage":23.0,"enemies":"Centurion and Healer","floor":24.0,"turns":12.0},{"damage":53.0,"enemies":"Sentry and Sphere","floor":25.0,"turns":10.0},{"damage":13,"enemies":"Masked Bandits","floor":27,"turns":2}],"seed_played":"-868969473389629248","potions_obtained":[{"floor":3.0,"key":"Fire Potion"},{"floor":7.0,"key":"Block Potion"},{"floor":13.0,"key":"Strength Potion"},{"floor":14.0,"key":"Swift Potion"},{"floor":16.0,"key":"LiquidBronze"},{"floor":18.0,"key":"Explosive Potion"},{"floor":25.0,"key":"Ancient Potion"}],"is_trial":false,"path_per_floor":["M","M","M","?","?","R","E","R","T","M","R","E","M","M","R","B",null,"M","M","?","M","?","R","M","M","T","?"],"character_chosen":"THE_SILENT","items_purchased":[],"campfire_rested":2,"item_purchase_floors":[],"current_hp_per_floor":[59,54,54,34,39,60,19,40,40,39,39,29,29,22,22,5,55,55,29,23,9,81,81,58,5,5,0],"gold":715,"neow_bonus":"ONE_RANDOM_RARE_CARD","is_prod":false,"is_daily":false,"chose_seed":false,"campfire_upgraded":3,"win_rate":0,"timestamp":1570311823,"path_taken":["M","M","?","?","?","R","E","R","T","M","R","E","M","M","R","BOSS","M","M","?","M","?","R","?","M","T","?"],"build_version":"2019-07-17","purchased_purges":0,"victory":false,"max_hp_per_floor":[66,66,66,66,71,71,71,71,71,71,71,71,71,71,71,71,71,71,71,71,71,81,81,81,81,81,81],"card_choices":[{"not_picked":["Backflip","Heel Hook"],"picked":"Blade Dance","floor":1.0},{"not_picked":["Finisher","Blade Dance"],"picked":"Poisoned Stab","floor":2.0},{"not_picked":["Dagger Throw","Outmaneuver"],"picked":"Calculated Gamble","floor":3.0},{"not_picked":["Backflip","Sucker Punch"],"picked":"Blur","floor":7.0},{"not_picked":["Deflect","Prepared"],"picked":"Crippling Poison","floor":10.0},{"not_picked":["Outmaneuver","Doppelganger"],"picked":"Night Terror","floor":12.0},{"not_picked":["Backflip","Distraction","Cloak And Dagger"],"picked":"SKIP","floor":13.0},{"not_picked":["Backstab","Deflect"],"picked":"Deadly Poison","floor":14.0},{"not_picked":["Bullet Time","Burst"],"picked":"A Thousand Cuts","floor":16.0},{"not_picked":["Sucker Punch","Flying Knee"],"picked":"Acrobatics","floor":18.0},{"not_picked":["Distraction","Calculated Gamble"],"picked":"Prepared+1","floor":19.0},{"not_picked":["Dagger Spray","Backflip"],"picked":"PiercingWail+1","floor":21.0},{"not_picked":["Bane","Distraction","Underhanded Strike"],"picked":"SKIP","floor":24.0},{"not_picked":["Poisoned Stab","Flying Knee","Masterful Stab"],"picked":"SKIP","floor":25.0}],"player_experience":691882,"relics_obtained":[{"floor":7.0,"key":"Old Coin"},{"floor":9.0,"key":"WingedGreaves"},{"floor":12.0,"key":"War Paint"},{"floor":26.0,"key":"Dream Catcher"}],"event_choices":[{"damage_healed":0.0,"max_hp_gain":0.0,"max_hp_loss":0.0,"gold_gain":0.0,"event_name":"Shining Light","player_choice":"Entered Light","floor":4.0,"gold_loss":0.0,"damage_taken":20.0,"cards_upgraded":["Calculated Gamble","After Image"]},{"damage_healed":0.0,"max_hp_gain":5.0,"max_hp_loss":0.0,"gold_gain":0.0,"event_name":"Big Fish","player_choice":"Donut","floor":5.0,"gold_loss":0.0,"damage_taken":0.0},{"damage_healed":0.0,"max_hp_gain":0.0,"max_hp_loss":0.0,"gold_gain":0.0,"event_name":"Nest","player_choice":"Joined the Cult","floor":20.0,"gold_loss":0.0,"damage_taken":6.0,"cards_obtained":["RitualDagger"]},{"cards_removed":["Grand Finale"],"damage_healed":62.0,"max_hp_gain":10.0,"max_hp_loss":0.0,"gold_gain":0.0,"event_name":"Bonfire Elementals","player_choice":"Offered Rare","floor":22.0,"gold_loss":0.0,"damage_taken":0.0},{"damage_healed":0,"gold_gain":0,"player_choice":"Fought Bandits","damage_taken":0,"max_hp_gain":0,"max_hp_loss":0,"event_name":"Masked Bandits","floor":27,"gold_loss":0}],"is_beta":false,"boss_relics":[{"not_picked":["Ring of the Serpent","Snecko Eye"],"picked":"Astrolabe"}],"items_purged_floors":[],"is_endless":false,"potions_floor_spawned":[3,7,13,14,16,18,25],"killed_by":"Masked Bandits","ascension_level":19}