{"gold_per_floor":[360,380,380,108,126,126,139,158,158,158,175,175,175],"floor_reached":13,"playtime":969,"items_purged":["Decay"],"score":150,"play_id":"8268e74c-fc3e-4749-bc7e-454c81e2829d","local_time":"20191005185508","is_ascension_mode":true,"campfire_choices":[{"data":"Backflip","floor":6.0,"key":"SMITH"},{"data":"Acrobatics","floor":10,"key":"SMITH"},{"floor":12,"key":"REST"}],"neow_cost":"CURSE","seed_source_timestamp":2322176667816714,"circlet_count":0,"master_deck":["AscendersBane","Strike_G","Strike_G","Strike_G","Strike_G","Strike_G","Defend_G","Defend_G","Defend_G","Defend_G","Defend_G","Survivor","Neutralize","Backflip+1","Acrobatics+1","Acrobatics","Well Laid Plans"],"special_seed":0,"relics":["Ring of the Snake","Lantern","Bag of Marbles"],"potions_floor_usage":[],"damage_taken":[{"damage":3.0,"enemies":"Cultist","floor":1.0,"turns":5.0},{"damage":6.0,"enemies":"Small Slimes","floor":2.0,"turns":5.0},{"damage":0.0,"enemies":"2 Louse","floor":5.0,"turns":3.0},{"damage":8.0,"enemies":"Exordium Thugs","floor":7.0,"turns":6.0},{"damage":6,"enemies":"3 Louse","floor":8,"turns":7},{"damage":34,"enemies":"Large Slime","floor":11,"turns":15},{"damage":0,"enemies":"Lagavulin","floor":13,"turns":1}],"seed_played":"6362790377930983039","potions_obtained":[{"floor":2.0,"key":"Weak Potion"},{"floor":5.0,"key":"AttackPotion"}],"is_trial":false,"path_per_floor":["M","M","?","$","M","R","M","M","T","R","M","R","E"],"character_chosen":"THE_SILENT","items_purchased":["Lantern","Backflip"],"campfire_rested":1,"item_purchase_floors":[4,4],"current_hp_per_floor":[56,50,55,55,55,55,47,41,41,41,7,28,28],"gold":175,"neow_bonus":"TWO_FIFTY_GOLD","is_prod":false,"is_daily":false,"chose_seed":false,"campfire_upgraded":2,"win_rate":0,"timestamp":1570316108,"path_taken":["M","?","?","$","M","R","M","M","T","R","M","R","E"],"build_version":"2019-07-17","purchased_purges":1,"victory":false,"max_hp_per_floor":[66,66,71,71,71,71,71,71,71,71,71,71,71],"card_choices":[{"not_picked":["Setup","Endless Agony","Finisher"],"picked":"SKIP","floor":1.0},{"not_picked":["Sucker Punch","Slice","PiercingWail"],"picked":"SKIP","floor":2.0},{"not_picked":["Bane","Masterful Stab"],"picked":"Acrobatics","floor":5.0},{"not_picked":["Cloak And Dagger","Slice"],"picked":"Acrobatics","floor":7.0},{"not_picked":["Dash","Dagger Spray","Envenom"],"picked":"SKIP","floor":8},{"not_picked":["Endless Agony","Sucker Punch"],"picked":"Well Laid Plans","floor":11}],"player_experience":696076,"relics_obtained":[{"floor":9,"key":"Bag of Marbles"}],"event_choices":[{"damage_healed":0.0,"max_hp_gain":5.0,"max_hp_loss":0.0,"gold_gain":0.0,"event_name":"Big Fish","player_choice":"Donut","floor":3.0,"gold_loss":0.0,"damage_taken":0.0}],"is_beta":false,"boss_relics":[],"items_purged_floors":[4],"is_endless":false,"potions_floor_spawned":[2,5],"killed_by":"Lagavulin","ascension_level":19}