{"gold_per_floor":[369,22,97,114,114,148,148,175,201,201,10,44,57,77,77,174,174,188,188,223,223,114,142,73,98,98,98,127,146,146,160,160,260,260,270,492,538,538,538,569,569,585,609,302,331,152,152,27,27,27,27,27,27,60,60],"floor_reached":56,"playtime":4048,"items_purged":["Strike_R","Strike_R+1","Strike_R+1"],"score":1450,"play_id":"5c7d2ec7-4136-4b7a-bdff-ca7ba7bec226","local_time":"20190915180929","is_ascension_mode":true,"campfire_choices":[{"data":"Hemokinesis","floor":7.0,"key":"SMITH"},{"data":"Whirlwind","floor":15.0,"key":"SMITH"},{"data":"Juggernaut","floor":30.0,"key":"SMITH"},{"data":"Limit Break","floor":32.0,"key":"SMITH"},{"floor":41.0,"key":"RECALL"},{"data":"Feel No Pain","floor":49,"key":"SMITH"},{"floor":52,"key":"REST"}],"neow_cost":"PERCENT_DAMAGE","seed_source_timestamp":64724991840900,"circlet_count":0,"master_deck":["Strike_R+1","Strike_R+1","Defend_R+1","Defend_R+1","Defend_R+1","Bash+1","Whirlwind+1","Thunderclap+1","Shockwave+1","Hemokinesis+1","Corruption+1","Rupture+1","Flame Barrier+1","Metallicize+1","Offering+1","Twin Strike+1","Metallicize+1","Armaments+1","Feel No Pain+1","Limit Break+1","Feel No Pain+1","Juggernaut+1","Barricade+1","Shrug It Off+1","Disarm+1","Limit Break+1","Feel No Pain+1","Inflame"],"special_seed":0,"relics":["Burning Blood","Orichalcum","MealTicket","Strawberry","Ancient Tea Set","Juzu Bracelet","Chemical X","Vajra","Sozu","Red Mask","Enchiridion","Boot","Charon\u0027s Ashes","Kunai","MutagenicStrength","InkBottle","SlaversCollar","Champion Belt","Mark of the Bloom","Incense Burner","Centennial Puzzle","DollysMirror","Eternal Feather","HornCleat","Lantern"],"potions_floor_usage":[],"damage_taken":[{"damage":12.0,"enemies":"Jaw Worm","floor":1.0,"turns":5.0},{"damage":2.0,"enemies":"2 Louse","floor":4.0,"turns":3.0},{"damage":13.0,"enemies":"Gremlin Nob","floor":6.0,"turns":4.0},{"damage":18.0,"enemies":"Lagavulin","floor":8.0,"turns":5.0},{"damage":2.0,"enemies":"Gremlin Nob","floor":12.0,"turns":3.0},{"damage":2.0,"enemies":"Small Slimes","floor":13.0,"turns":3.0},{"damage":0.0,"enemies":"Blue Slaver","floor":14.0,"turns":3.0},{"damage":6.0,"enemies":"Slime Boss","floor":16.0,"turns":7.0},{"damage":9.0,"enemies":"Spheric Guardian","floor":18.0,"turns":3.0},{"damage":6.0,"enemies":"Masked Bandits","floor":20.0,"turns":1.0},{"damage":17.0,"enemies":"Book of Stabbing","floor":23.0,"turns":5.0},{"damage":13.0,"enemies":"Slavers","floor":25.0,"turns":4.0},{"damage":23.0,"enemies":"Gremlin Leader","floor":28.0,"turns":4.0},{"damage":4.0,"enemies":"Chosen","floor":29.0,"turns":3.0},{"damage":2.0,"enemies":"Sentry and Sphere","floor":31.0,"turns":1.0},{"damage":21.0,"enemies":"Automaton","floor":33.0,"turns":6.0},{"damage":8.0,"enemies":"3 Darklings","floor":35.0,"turns":4.0},{"damage":6.0,"enemies":"2 Orb Walkers","floor":37.0,"turns":1.0},{"damage":10.0,"enemies":"Nemesis","floor":40.0,"turns":5.0},{"damage":6.0,"enemies":"Orb Walker","floor":42.0,"turns":2.0},{"damage":8,"enemies":"Giant Head","floor":45,"turns":4},{"damage":17,"enemies":"Awakened One","floor":50,"turns":7},{"damage":1,"enemies":"Shield and Spear","floor":54,"turns":3},{"damage":5,"enemies":"The Heart","floor":55,"turns":7}],"seed_played":"-7477911032335711350","potions_obtained":[{"floor":1.0,"key":"AttackPotion"},{"floor":8.0,"key":"FairyPotion"},{"floor":13.0,"key":"LiquidBronze"},{"floor":14.0,"key":"Explosive Potion"}],"is_trial":false,"path_per_floor":["M","$","?","M","?","E","R","E","T","?","$","E","M","M","R","B",null,"M","?","?","?","$","E","$","E","T","?","E","M","R","M","R","B",null,"M","?","?","?","?","E","R","M","T","$","E","$","T","$","R","B",null,"R","$","E","B",null],"character_chosen":"IRONCLAD","items_purchased":["Orichalcum","Thunderclap","MealTicket","Chemical X","Rupture","Feel No Pain","Feel No Pain","Centennial Puzzle","DollysMirror","Feel No Pain"],"campfire_rested":1,"item_purchase_floors":[2,2,2,11,11,22,24,44,44,46],"current_hp_per_floor":[50,50,39,43,43,43,43,31,31,14,29,33,37,43,43,43,87,84,84,84,68,83,72,87,80,80,80,63,65,65,69,69,54,87,85,85,85,85,85,75,75,69,69,69,61,61,61,61,61,44,44,44,44,43,38],"gold":60,"neow_bonus":"TWO_FIFTY_GOLD","is_prod":false,"is_daily":false,"chose_seed":false,"campfire_upgraded":5,"win_rate":1,"timestamp":1568585369,"path_taken":["M","$","?","M","?","E","R","E","T","?","?","E","M","M","R","BOSS","M","?","?","?","$","E","?","E","T","?","E","M","R","M","R","BOSS","M","?","?","?","?","E","R","M","T","$","E","$","?","?","R","BOSS","R","$","E","BOSS"],"build_version":"2019-09-12","purchased_purges":3,"victory":true,"max_hp_per_floor":[80,80,80,80,80,87,87,87,87,87,87,87,87,87,87,87,87,87,87,87,87,87,87,87,87,87,87,87,87,87,87,87,87,87,87,87,87,87,87,87,87,87,87,87,87,87,87,87,87,87,87,87,87,87,87],"card_choices":[{"not_picked":["Dual Wield","Metallicize"],"picked":"Whirlwind","floor":1.0},{"not_picked":["Body Slam","Headbutt"],"picked":"Shockwave","floor":4.0},{"not_picked":["Dropkick","Iron Wave"],"picked":"Hemokinesis","floor":6.0},{"not_picked":["Entrench","Clash"],"picked":"Corruption","floor":8.0},{"not_picked":["Berserk","Searing Blow"],"picked":"Flame Barrier","floor":12.0},{"not_picked":["Entrench","Flame Barrier"],"picked":"Metallicize","floor":13.0},{"not_picked":["Heavy Blade","Flex","Thunderclap"],"picked":"SKIP","floor":14.0},{"not_picked":["Double Tap","Reaper"],"picked":"Offering","floor":16.0},{"not_picked":["Power Through","Anger"],"picked":"Twin Strike","floor":18.0},{"not_picked":["Shrug It Off","Iron Wave"],"picked":"Armaments+1","floor":20.0},{"not_picked":["Bludgeon","Warcry"],"picked":"Limit Break","floor":23.0},{"not_picked":["Thunderclap","True Grit","Anger"],"picked":"SKIP","floor":25.0},{"not_picked":["Sword Boomerang","Headbutt","Searing Blow+1"],"picked":"SKIP","floor":28.0},{"not_picked":["Sword Boomerang+1","Combust"],"picked":"Juggernaut","floor":29.0},{"not_picked":["Anger","Heavy Blade","Pommel Strike"],"picked":"SKIP","floor":31.0},{"not_picked":["Dark Embrace","Brutality"],"picked":"Barricade","floor":33.0},{"not_picked":["Sword Boomerang+1","Pummel+1"],"picked":"Shrug It Off","floor":35.0},{"not_picked":["Clash+1","Metallicize"],"picked":"Disarm+1","floor":40.0},{"not_picked":["Flex+1","Sever Soul","Headbutt"],"picked":"SKIP","floor":42.0},{"not_picked":["Hemokinesis","Barricade","Combust+1"],"picked":"SKIP","floor":45},{"not_picked":["Headbutt","Armaments+1"],"picked":"Inflame","floor":54}],"player_experience":25460,"relics_obtained":[{"floor":6.0,"key":"Strawberry"},{"floor":8.0,"key":"Ancient Tea Set"},{"floor":9.0,"key":"Juzu Bracelet"},{"floor":12.0,"key":"Vajra"},{"floor":20.0,"key":"Red Mask"},{"floor":21.0,"key":"Enchiridion"},{"floor":23.0,"key":"Boot"},{"floor":25.0,"key":"Charon\u0027s Ashes"},{"floor":26.0,"key":"Kunai"},{"floor":28.0,"key":"InkBottle"},{"floor":37.0,"key":"Champion Belt"},{"floor":40.0,"key":"Incense Burner"},{"floor":45,"key":"Eternal Feather"},{"floor":47,"key":"HornCleat"},{"floor":54,"key":"Lantern"}],"event_choices":[{"damage_healed":0.0,"max_hp_gain":0.0,"max_hp_loss":0.0,"gold_gain":75.0,"event_name":"World of Goop","player_choice":"Gather Gold","floor":3.0,"gold_loss":0.0,"damage_taken":11.0},{"damage_healed":0.0,"max_hp_gain":0.0,"max_hp_loss":0.0,"gold_gain":0.0,"event_name":"Living Wall","player_choice":"Grow","floor":5.0,"gold_loss":0.0,"damage_taken":0.0,"cards_upgraded":["Shockwave"]},{"damage_healed":0.0,"max_hp_gain":0.0,"max_hp_loss":0.0,"gold_gain":0.0,"event_name":"Shining Light","player_choice":"Entered Light","floor":10.0,"gold_loss":0.0,"damage_taken":17.0,"cards_upgraded":["Strike_R","Defend_R"]},{"damage_healed":0.0,"max_hp_gain":0.0,"max_hp_loss":0.0,"gold_gain":0.0,"event_name":"Match and Keep!","player_choice":"1 cards matched","floor":19.0,"gold_loss":0.0,"damage_taken":0.0,"cards_obtained":["Metallicize"]},{"damage_healed":0.0,"max_hp_gain":0.0,"max_hp_loss":0.0,"gold_gain":0.0,"event_name":"Masked Bandits","player_choice":"Fought Bandits","floor":20.0,"gold_loss":0.0,"damage_taken":0.0},{"damage_healed":0.0,"max_hp_gain":0.0,"max_hp_loss":0.0,"gold_gain":0.0,"event_name":"Cursed Tome","player_choice":"Obtained Book","floor":21.0,"gold_loss":0.0,"damage_taken":16.0},{"damage_healed":0.0,"max_hp_gain":0.0,"max_hp_loss":0.0,"gold_gain":0.0,"event_name":"Drug Dealer","player_choice":"Inject Mutagens","floor":27.0,"gold_loss":0.0,"damage_taken":0.0,"relics_obtained":["MutagenicStrength"]},{"damage_healed":0.0,"max_hp_gain":0.0,"max_hp_loss":0.0,"gold_gain":222.0,"event_name":"Tomb of Lord Red Mask","player_choice":"Wore Mask","floor":36.0,"gold_loss":0.0,"damage_taken":0.0},{"damage_healed":0.0,"max_hp_gain":0.0,"max_hp_loss":0.0,"gold_gain":0.0,"event_name":"Mysterious Sphere","player_choice":"Fight","floor":37.0,"gold_loss":0.0,"damage_taken":0.0},{"damage_healed":0.0,"max_hp_gain":0.0,"max_hp_loss":0.0,"gold_gain":0.0,"event_name":"MindBloom","player_choice":"Upgrade","floor":38.0,"gold_loss":0.0,"damage_taken":0.0,"cards_upgraded":["Strike_R","Strike_R","Strike_R","Defend_R","Defend_R","Defend_R","Bash","Thunderclap","Corruption","Rupture","Flame Barrier","Metallicize","Offering","Twin Strike","Metallicize","Feel No Pain","Feel No Pain","Barricade","Shrug It Off"],"relics_obtained":["Mark of the Bloom"]},{"cards_removed":["Defend_R"],"damage_healed":0.0,"max_hp_gain":0.0,"max_hp_loss":0.0,"gold_gain":0.0,"event_name":"Falling","player_choice":"Removed Skill","floor":39.0,"gold_loss":0.0,"damage_taken":0.0}],"is_beta":true,"boss_relics":[{"not_picked":["Astrolabe","Calling Bell"],"picked":"Sozu"},{"not_picked":["Coffee Dripper","Velvet Choker"],"picked":"SlaversCollar"}],"items_purged_floors":[22,46,48],"is_endless":false,"potions_floor_spawned":[1,8,13,14,20,23,28,33,35,45],"ascension_level":1}