{"gold_per_floor":[116,133,44,63,63,63,96,96,123,123,133,150,150,222,222,295,295,307,307,307,318,179,179,207,207,207,207,207,222,239,259,259,259],"floor_reached":33,"playtime":1406,"items_purged":[],"score":530,"play_id":"305a22da-957f-4e85-be99-e123b721a4dd","local_time":"20190831214214","is_ascension_mode":true,"campfire_choices":[{"data":"Bash","floor":6.0,"key":"SMITH"},{"data":"Perfected Strike","floor":8.0,"key":"SMITH"},{"data":"Perfected Strike","floor":13.0,"key":"SMITH"},{"data":"Whirlwind","floor":15.0,"key":"SMITH"},{"data":"Disarm","floor":23,"key":"SMITH"},{"data":"Fiend Fire","floor":25,"key":"SMITH"},{"data":"Battle Trance","floor":28,"key":"SMITH"},{"data":"Perfected Strike","floor":32,"key":"SMITH"}],"neow_cost":"NONE","seed_source_timestamp":1213073529002600,"circlet_count":0,"master_deck":["AscendersBane","Strike_R+1","Strike_R+1","Strike_R+1","Strike_R+1","Strike_R+1","Defend_R+1","Defend_R+1","Defend_R+1","Defend_R+1","Bash+1","Whirlwind+1","Sword Boomerang","Evolve","Perfected Strike+1","Perfected Strike+1","Pommel Strike","Fiend Fire+1","Wild Strike","RitualDagger","Wild Strike","Disarm+1","Battle Trance+1","Perfected Strike+1","Twin Strike"],"special_seed":0,"relics":["Burning Blood","Orichalcum","Darkstone Periapt","Lantern","Velvet Choker","MutagenicStrength","Omamori","Bottled Flame"],"potions_floor_usage":[24,33],"damage_taken":[{"damage":7.0,"enemies":"Cultist","floor":1.0,"turns":4.0},{"damage":8.0,"enemies":"Jaw Worm","floor":2.0,"turns":5.0},{"damage":0.0,"enemies":"Small Slimes","floor":4.0,"turns":2.0},{"damage":2.0,"enemies":"Gremlin Nob","floor":7.0,"turns":3.0},{"damage":6.0,"enemies":"2 Fungi Beasts","floor":11.0,"turns":3.0},{"damage":0.0,"enemies":"3 Louse","floor":12.0,"turns":2.0},{"damage":60.0,"enemies":"Hexaghost","floor":16.0,"turns":8.0},{"damage":0.0,"enemies":"Chosen","floor":18.0,"turns":3.0},{"damage":0,"enemies":"Spheric Guardian","floor":21,"turns":1},{"damage":18,"enemies":"Slavers","floor":24,"turns":4},{"damage":3,"enemies":"Centurion and Healer","floor":29,"turns":3},{"damage":2,"enemies":"3 Cultists","floor":30,"turns":4},{"damage":0,"enemies":"Snake Plant","floor":31,"turns":2},{"damage":111,"enemies":"Collector","floor":33,"turns":8}],"seed_played":"3044450980994903625","potions_obtained":[{"floor":1.0,"key":"LiquidBronze"},{"floor":2.0,"key":"SteroidPotion"},{"floor":7.0,"key":"BloodPotion"},{"floor":24,"key":"LiquidBronze"},{"floor":31,"key":"Regen Potion"}],"is_trial":false,"path_per_floor":["M","M","$","M","?","R","E","R","T","?","M","M","R","?","R","B",null,"M","?","?","M","$","R","E","R","T","?","R","M","M","M","R","B"],"character_chosen":"IRONCLAD","items_purchased":["Evolve","Disarm","AttackPotion"],"campfire_rested":0,"item_purchase_floors":[3,22,22],"current_hp_per_floor":[74,72,72,78,60,60,64,64,64,69,69,75,75,75,75,21,71,77,77,71,77,77,77,65,65,65,65,65,68,72,78,78,0],"gold":259,"neow_bonus":"TEN_PERCENT_HP_BONUS","is_prod":false,"is_daily":false,"chose_seed":false,"campfire_upgraded":8,"win_rate":0,"timestamp":1567302134,"path_taken":["M","M","?","?","?","R","E","R","T","?","M","M","R","?","R","BOSS","M","?","?","M","?","R","E","R","T","?","R","M","?","M","R","BOSS"],"build_version":"2019-07-17","purchased_purges":0,"victory":false,"max_hp_per_floor":[82,82,82,82,82,82,82,82,82,87,87,87,87,87,87,87,87,87,87,87,87,87,87,87,87,87,87,87,87,87,87,87,87],"card_choices":[{"not_picked":["Second Wind","Armaments"],"picked":"Whirlwind","floor":1.0},{"not_picked":["Heavy Blade","Infernal Blade"],"picked":"Sword Boomerang","floor":2.0},{"not_picked":["Clash","Burning Pact"],"picked":"Perfected Strike","floor":4.0},{"not_picked":["True Grit","Thunderclap"],"picked":"Perfected Strike","floor":7.0},{"not_picked":["Shrug It Off","Fire Breathing"],"picked":"Pommel Strike","floor":11.0},{"not_picked":["Armaments","Body Slam","Fire Breathing"],"picked":"SKIP","floor":12.0},{"not_picked":["Double Tap","Immolate"],"picked":"Fiend Fire","floor":16.0},{"not_picked":["Thunderclap","Clash"],"picked":"Wild Strike","floor":18.0},{"not_picked":["True Grit","Sword Boomerang"],"picked":"Wild Strike","floor":21},{"not_picked":["Combust","Thunderclap"],"picked":"Battle Trance","floor":24},{"not_picked":["Intimidate","Headbutt+1"],"picked":"Perfected Strike","floor":29},{"not_picked":["Armaments","Sword Boomerang","Flex"],"picked":"SKIP","floor":30},{"not_picked":["Power Through","Disarm"],"picked":"Twin Strike","floor":31}],"player_experience":2721957,"relics_obtained":[{"floor":7.0,"key":"Darkstone Periapt"},{"floor":9.0,"key":"Lantern"},{"floor":24,"key":"Omamori"},{"floor":26,"key":"Bottled Flame"}],"event_choices":[{"damage_healed":0.0,"max_hp_gain":0.0,"max_hp_loss":0.0,"gold_gain":0.0,"event_name":"Scrap Ooze","player_choice":"Success","floor":5.0,"gold_loss":0.0,"damage_taken":18.0,"relics_obtained":["Orichalcum"]},{"damage_healed":0.0,"max_hp_gain":5.0,"max_hp_loss":0.0,"gold_gain":0.0,"event_name":"Big Fish","player_choice":"Donut","floor":10.0,"gold_loss":0.0,"damage_taken":0.0},{"damage_healed":0.0,"max_hp_gain":0.0,"max_hp_loss":0.0,"gold_gain":72.0,"event_name":"Golden Wing","player_choice":"Gained Gold","floor":14.0,"gold_loss":0.0,"damage_taken":0.0},{"damage_healed":0.0,"max_hp_gain":0.0,"max_hp_loss":0.0,"gold_gain":0.0,"event_name":"Drug Dealer","player_choice":"Inject Mutagens","floor":19.0,"gold_loss":0.0,"damage_taken":0.0,"relics_obtained":["MutagenicStrength"]},{"damage_healed":0.0,"max_hp_gain":0.0,"max_hp_loss":0.0,"gold_gain":0.0,"event_name":"Nest","player_choice":"Joined the Cult","floor":20.0,"gold_loss":0.0,"damage_taken":6.0,"cards_obtained":["RitualDagger"]},{"damage_healed":0,"gold_gain":0,"player_choice":"Simplicity","damage_taken":0,"max_hp_gain":0,"max_hp_loss":0,"event_name":"Back to Basics","floor":27,"gold_loss":0,"cards_upgraded":["Strike_R","Strike_R","Strike_R","Strike_R","Strike_R","Defend_R","Defend_R","Defend_R","Defend_R"]}],"is_beta":false,"boss_relics":[{"not_picked":["Calling Bell","Philosopher\u0027s Stone"],"picked":"Velvet Choker"}],"items_purged_floors":[],"is_endless":false,"potions_floor_spawned":[1,2,7,24,31],"killed_by":"Collector","ascension_level":20}