{"gold_per_floor":[115,134,147,158,158,189,189,214,240,240,267,267,277,294,294,393,393,408,179,179,197,73,73,73,89,162,196,196,216,230,230],"floor_reached":31,"playtime":3331,"items_purged":["Strike_P","Strike_P"],"score":367,"play_id":"83a3a54b-4935-4854-b539-9443a2e73b25","local_time":"20190909145357","is_ascension_mode":false,"campfire_choices":[{"data":"Judgement","floor":7,"key":"SMITH"},{"data":"Evaluate","floor":12,"key":"SMITH"},{"floor":15,"key":"REST"},{"data":"Crescendo","floor":23,"key":"SMITH"}],"neow_cost":"NONE","seed_source_timestamp":502515044896800,"circlet_count":0,"master_deck":["Strike_P","Strike_P","Defend_P","Defend_P","Defend_P","Defend_P","Eruption+1","Vigilance","CrushJoints","Crescendo+1","Adaptation","DeceiveReality","Judgement+1","Worship","Evaluate+1","ClearTheMind","WaveOfTheHand","Metaphysics","EmptyMind","FlyingSleeves","FearNoEvil+1","Conclude+1","Perseverance","Meditate+1","Shame","ThirdEye"],"relics":["PureWater","TungstenRod","Odd Mushroom","Pen Nib","Smiling Mask","Cursed Key","Lee\u0027s Waffle","Molten Egg 2","Kunai","Gremlin Horn"],"potions_floor_usage":[6,11,18,27,27],"damage_taken":[{"damage":1,"enemies":"Small Slimes","floor":1,"turns":2},{"damage":6,"enemies":"2 Louse","floor":2,"turns":2},{"damage":1,"enemies":"Jaw Worm","floor":3,"turns":3},{"damage":0,"enemies":"Large Slime","floor":4,"turns":4},{"damage":0,"enemies":"Gremlin Nob","floor":6,"turns":2},{"damage":13,"enemies":"The Mushroom Lair","floor":8,"turns":4},{"damage":25,"enemies":"Lagavulin","floor":11,"turns":5},{"damage":5,"enemies":"Looter","floor":13,"turns":3},{"damage":1,"enemies":"Blue Slaver","floor":14,"turns":3},{"damage":0,"enemies":"Slime Boss","floor":16,"turns":5},{"damage":3,"enemies":"Shell Parasite","floor":18,"turns":3},{"damage":0,"enemies":"Chosen","floor":21,"turns":4},{"damage":0,"enemies":"Centurion and Healer","floor":25,"turns":5},{"damage":15,"enemies":"Book of Stabbing","floor":27,"turns":5},{"damage":0,"enemies":"Sentry and Sphere","floor":29,"turns":2},{"damage":13,"enemies":"Shelled Parasite and Fungi","floor":30,"turns":5},{"damage":43,"enemies":"Gremlin Leader","floor":31,"turns":4}],"seed_played":"-7666676361286297980","potions_obtained":[{"floor":2,"key":"AttackPotion"},{"floor":4,"key":"Weak Potion"},{"floor":11,"key":"Ancient Potion"},{"floor":14,"key":"EssenceOfSteel"},{"floor":16,"key":"Strength Potion"},{"floor":18,"key":"GamblersBrew"}],"is_trial":false,"path_per_floor":["M","M","M","M","?","E","R","?","T","?","E","R","M","M","R","B",null,"M","$","?","M","$","R","?","M","T","E","?","M","M","E"],"character_chosen":"WATCHER","items_purchased":["Lee\u0027s Waffle","FlyingSleeves","Conclude+1"],"campfire_rested":1,"item_purchase_floors":[19,19,22],"current_hp_per_floor":[70,64,63,63,63,63,63,50,50,55,30,30,25,24,46,46,76,73,83,83,83,83,83,83,83,83,68,52,52,39,0],"gold":230,"neow_bonus":"TEN_PERCENT_HP_BONUS","is_prod":false,"is_daily":false,"chose_seed":false,"campfire_upgraded":3,"win_rate":0.0,"timestamp":1568058837,"path_taken":["M","M","M","M","?","E","R","?","T","?","E","R","M","M","R","BOSS","M","$","?","M","$","R","?","M","T","E","?","M","M","E"],"build_version":"2019-09-09","purchased_purges":2,"victory":false,"max_hp_per_floor":[71,71,71,71,71,71,71,71,71,76,76,76,76,76,76,76,76,76,83,83,83,83,83,83,83,83,83,88,88,88,88],"card_choices":[{"not_picked":["Weave","Tantrum"],"picked":"CrushJoints","floor":1},{"not_picked":["FollowUp","ClearTheMind"],"picked":"Crescendo","floor":2},{"not_picked":["Tantrum","Collect"],"picked":"Adaptation","floor":3},{"not_picked":["Establishment","FollowUp"],"picked":"DeceiveReality","floor":4},{"not_picked":["BowlingBash","Adaptation"],"picked":"Judgement","floor":6},{"not_picked":["InnerPeace","Sanctity"],"picked":"Worship","floor":8},{"not_picked":["Protect","SandsOfTime"],"picked":"Evaluate","floor":11},{"not_picked":["Consecrate","ThirdEye"],"picked":"ClearTheMind","floor":13},{"not_picked":["EmptyBody","CrushJoints"],"picked":"WaveOfTheHand","floor":14},{"not_picked":["SignatureMove","ReachHeaven"],"picked":"Metaphysics","floor":16},{"not_picked":["CrushJoints","WreathOfFlame"],"picked":"EmptyMind","floor":18},{"not_picked":["Establishment","JustLucky+1"],"picked":"FearNoEvil+1","floor":21},{"not_picked":["FlyingSleeves+1","Worship+1"],"picked":"Meditate+1","floor":25},{"not_picked":["TalkToTheHand+1","WaveOfTheHand"],"picked":"ThirdEye","floor":27},{"not_picked":["Sanctity","Conclude+1","FlyingSleeves+1"],"picked":"SKIP","floor":29},{"not_picked":["BowlingBash+1","Crescendo","Vengeance"],"picked":"SKIP","floor":30}],"player_experience":229105,"relics_obtained":[{"floor":6,"key":"TungstenRod"},{"floor":8,"key":"Odd Mushroom"},{"floor":9,"key":"Pen Nib"},{"floor":11,"key":"Smiling Mask"},{"floor":26,"key":"Kunai"},{"floor":27,"key":"Gremlin Horn"}],"event_choices":[{"damage_healed":0,"gold_gain":0,"player_choice":"Ignored","damage_taken":0,"max_hp_gain":0,"max_hp_loss":0,"event_name":"Liars Game","floor":5,"gold_loss":0},{"damage_healed":0,"gold_gain":0,"player_choice":"Fought Mushrooms","damage_taken":0,"max_hp_gain":0,"max_hp_loss":0,"event_name":"Mushrooms","floor":8,"gold_loss":0},{"damage_healed":0,"gold_gain":0,"player_choice":"Donut","damage_taken":0,"max_hp_gain":5,"max_hp_loss":0,"event_name":"Big Fish","floor":10,"gold_loss":0},{"damage_healed":0,"gold_gain":0,"player_choice":"Opened","damage_taken":0,"relics_obtained":["Molten Egg 2"],"max_hp_gain":0,"max_hp_loss":0,"event_name":"The Mausoleum","floor":20,"gold_loss":0},{"damage_healed":0,"gold_gain":0,"player_choice":"Read","damage_taken":0,"max_hp_gain":0,"max_hp_loss":0,"event_name":"The Library","floor":24,"gold_loss":0,"cards_obtained":["Perseverance"]},{"damage_healed":0,"gold_gain":0,"player_choice":"Shed Blood","damage_taken":21,"max_hp_gain":5,"max_hp_loss":0,"event_name":"Forgotten Altar","floor":28,"gold_loss":0}],"is_beta":true,"boss_relics":[{"not_picked":["HolyWater","SacredBark"],"picked":"Cursed Key"}],"items_purged_floors":[19,22],"is_endless":false,"potions_floor_spawned":[2,4,11,14,16,18,21],"killed_by":"Gremlin Leader","ascension_level":0}