{"gold_per_floor":[119,130,130,148,248,277,277,310,310,325,360,360,373,373,373,477,477,493,510,435,462,462,462],"floor_reached":23,"playtime":1372,"items_purged":["Strike_R"],"score":251,"play_id":"144ed458-71e3-4594-8000-9b1456147ac2","local_time":"20190703000236","is_ascension_mode":true,"campfire_choices":[{"data":"Armaments","floor":7,"key":"SMITH"},{"floor":12,"key":"REST"},{"data":"Uppercut","floor":15,"key":"SMITH"}],"neow_cost":"NONE","seed_source_timestamp":1718844175141534,"circlet_count":0,"master_deck":["Strike_R","Strike_R","Strike_R","Strike_R","Defend_R","Defend_R","Defend_R","Bash","Cleave","Uppercut+1","Armaments+1","Shockwave","Havoc","Entrench","Juggernaut","Barricade","Flame Barrier","Body Slam","Decay"],"relics":["Burning Blood","Calipers","Pantograph","Self Forming Clay","Happy Flower","Black Star","Red Mask"],"potions_floor_usage":[11,16,18,21,21,23],"damage_taken":[{"damage":9,"enemies":"Jaw Worm","floor":1,"turns":5},{"damage":7,"enemies":"2 Louse","floor":2,"turns":2},{"damage":0,"enemies":"Cultist","floor":4,"turns":4},{"damage":37,"enemies":"Lagavulin","floor":6,"turns":8},{"damage":24,"enemies":"Gremlin Nob","floor":8,"turns":4},{"damage":3,"enemies":"3 Louse","floor":10,"turns":3},{"damage":19,"enemies":"3 Sentries","floor":11,"turns":6},{"damage":3,"enemies":"Exordium Thugs","floor":13,"turns":4},{"damage":48,"enemies":"The Guardian","floor":16,"turns":10},{"damage":21,"enemies":"Spheric Guardian","floor":18,"turns":6},{"damage":20,"enemies":"Chosen","floor":19,"turns":5},{"damage":41,"enemies":"Masked Bandits","floor":21,"turns":5},{"damage":24,"enemies":"Gremlin Leader","floor":23,"turns":2}],"seed_played":"-2105095008835834927","potions_obtained":[{"floor":2,"key":"Block Potion"},{"floor":4,"key":"LiquidBronze"},{"floor":10,"key":"FearPotion"},{"floor":11,"key":"Ancient Potion"},{"floor":16,"key":"PowerPotion"},{"floor":19,"key":"Block Potion"},{"floor":21,"key":"PowerPotion"}],"is_trial":false,"path_per_floor":["M","M","?","M","?","E","R","E","T","M","E","R","M","?","R","B",null,"M","M","$","?","?","E"],"character_chosen":"IRONCLAD","items_purchased":[],"campfire_rested":1,"item_purchase_floors":[],"current_hp_per_floor":[85,84,77,83,83,52,52,34,34,37,24,50,53,53,53,36,88,73,59,59,24,24,0],"gold":462,"neow_bonus":"TEN_PERCENT_HP_BONUS","is_prod":false,"is_daily":false,"chose_seed":false,"campfire_upgraded":2,"win_rate":0,"timestamp":1562126556,"path_taken":["M","M","?","M","?","E","R","E","T","M","E","R","?","?","R","BOSS","M","M","$","?","?","E"],"build_version":"2019-07-01","purchased_purges":1,"victory":false,"max_hp_per_floor":[88,88,88,88,88,88,88,88,88,88,88,88,88,88,88,88,88,88,88,88,88,88,88],"card_choices":[{"not_picked":["Heavy Blade","Dual Wield"],"picked":"Cleave","floor":1},{"not_picked":["Pummel","Fire Breathing"],"picked":"Uppercut","floor":2},{"not_picked":["Sword Boomerang","Anger"],"picked":"Armaments","floor":4},{"not_picked":["Battle Trance","Bloodletting"],"picked":"Shockwave","floor":6},{"not_picked":["Berserk","Body Slam"],"picked":"Havoc","floor":8},{"not_picked":["Warcry","Iron Wave","Shockwave"],"picked":"SKIP","floor":10},{"not_picked":["Anger","Shrug It Off"],"picked":"Entrench","floor":11},{"not_picked":["Heavy Blade","Warcry","Rupture"],"picked":"SKIP","floor":13},{"not_picked":["Juggernaut","Exhume"],"picked":"Barricade","floor":16},{"not_picked":["Sever Soul","Shockwave"],"picked":"Flame Barrier","floor":18},{"not_picked":["Clothesline","Iron Wave","Hemokinesis"],"picked":"SKIP","floor":19},{"not_picked":["Sword Boomerang","Pommel Strike"],"picked":"Body Slam","floor":21}],"player_experience":337517,"relics_obtained":[{"floor":6,"key":"Calipers"},{"floor":8,"key":"Pantograph"},{"floor":9,"key":"Self Forming Clay"},{"floor":11,"key":"Happy Flower"},{"floor":21,"key":"Red Mask"}],"event_choices":[{"cards_removed":["Defend_R"],"damage_healed":0,"gold_gain":0,"player_choice":"Card Removal","damage_taken":7,"max_hp_gain":0,"max_hp_loss":0,"event_name":"Golden Wing","floor":3,"gold_loss":0},{"damage_healed":0,"gold_gain":100,"player_choice":"Pray","damage_taken":0,"max_hp_gain":0,"max_hp_loss":0,"event_name":"Golden Shrine","floor":5,"gold_loss":0},{"damage_healed":0,"gold_gain":0,"player_choice":"1 cards matched","damage_taken":0,"max_hp_gain":0,"max_hp_loss":0,"event_name":"Match and Keep!","floor":14,"gold_loss":0,"cards_obtained":["Juggernaut"]},{"damage_healed":0,"gold_gain":0,"player_choice":"Fought Bandits","damage_taken":0,"max_hp_gain":0,"max_hp_loss":0,"event_name":"Masked Bandits","floor":21,"gold_loss":0},{"damage_healed":0,"gold_gain":0,"player_choice":"Smashed Altar","damage_taken":0,"max_hp_gain":0,"max_hp_loss":0,"event_name":"Forgotten Altar","floor":22,"gold_loss":0,"cards_obtained":["Decay"]}],"is_beta":false,"boss_relics":[{"not_picked":["Calling Bell","Lizard Tail"],"picked":"Black Star"}],"items_purged_floors":[20],"is_endless":false,"potions_floor_spawned":[2,4,10,11,16,19,21],"killed_by":"Gremlin Leader","ascension_level":4}