{"gold_per_floor":[115,115,115,136,161,197,210,210,210,225,260,273,273],"floor_reached":13,"playtime":531,"items_purged":[],"score":107,"play_id":"028ff3b9-c697-4976-911a-5bec468d7db0","local_time":"20190624112925","is_ascension_mode":true,"campfire_choices":[{"floor":8,"key":"RECALL"}],"neow_cost":"NONE","seed_source_timestamp":983308869121631,"circlet_count":0,"master_deck":["Strike_B","Strike_B","Strike_B","Strike_B","Defend_B","Defend_B","Defend_B","Defend_B","Zap","Dualcast","Ball Lightning","Chaos","Coolheaded","Machine Learning","Coolheaded+1"],"relics":["Cracked Core","Golden Idol","Bag of Preparation","Toxic Egg 2"],"potions_floor_usage":[11,11],"damage_taken":[{"damage":12,"enemies":"Small Slimes","floor":1,"turns":2},{"damage":0,"enemies":"2 Louse","floor":4,"turns":2},{"damage":1,"enemies":"Cultist","floor":5,"turns":3},{"damage":18,"enemies":"Gremlin Nob","floor":6,"turns":3},{"damage":17,"enemies":"Lots of Slimes","floor":7,"turns":4},{"damage":20,"enemies":"Gremlin Gang","floor":10,"turns":4},{"damage":8,"enemies":"3 Sentries","floor":11,"turns":7},{"damage":0,"enemies":"Large Slime","floor":12,"turns":4},{"damage":8,"enemies":"Lots of Slimes","floor":13,"turns":1}],"seed_played":"-7489625918571667727","potions_obtained":[{"floor":5,"key":"Swift Potion"},{"floor":6,"key":"FocusPotion"},{"floor":10,"key":"SkillPotion"},{"floor":11,"key":"AttackPotion"}],"is_trial":false,"path_per_floor":["M","?","?","M","M","E","M","R","T","M","E","M","M"],"character_chosen":"DEFECT","items_purchased":[],"campfire_rested":0,"item_purchase_floors":[],"current_hp_per_floor":[70,70,70,70,69,51,34,34,34,14,6,6,0],"gold":273,"neow_bonus":"TEN_PERCENT_HP_BONUS","is_prod":false,"is_daily":false,"chose_seed":false,"campfire_upgraded":0,"win_rate":0,"timestamp":1561390165,"path_taken":["M","?","?","?","?","E","M","R","T","M","E","M","?"],"build_version":"2019-01-23","purchased_purges":0,"victory":false,"max_hp_per_floor":[82,76,76,76,76,76,76,76,76,76,76,76,76],"card_choices":[{"not_picked":["Doom and Gloom","Beam Cell"],"picked":"Ball Lightning","floor":1},{"not_picked":["Ball Lightning","Go for the Eyes"],"picked":"Chaos","floor":4},{"not_picked":["Auto Shields","Leap","Ball Lightning"],"picked":"SKIP","floor":5},{"not_picked":["Undo","Leap","Skim"],"picked":"SKIP","floor":6},{"not_picked":["Self Repair","Skim","Streamline"],"picked":"SKIP","floor":7},{"not_picked":["Sweeping Beam","Leap"],"picked":"Coolheaded","floor":10},{"not_picked":["Melter","Turbo"],"picked":"Machine Learning","floor":11},{"not_picked":["Aggregate+1","Sweeping Beam"],"picked":"Coolheaded+1","floor":12}],"player_experience":206373,"relics_obtained":[{"floor":6,"key":"Bag of Preparation"},{"floor":11,"key":"Toxic Egg 2"}],"event_choices":[{"damage_healed":0,"gold_gain":0,"player_choice":"Lose Max HP","damage_taken":0,"relics_obtained":["Golden Idol"],"max_hp_gain":0,"max_hp_loss":6,"event_name":"Golden Idol","floor":2,"gold_loss":0},{"damage_healed":0,"gold_gain":0,"player_choice":"Bought 0 Potions","damage_taken":0,"max_hp_gain":0,"max_hp_loss":0,"event_name":"The Woman in Blue","floor":3,"gold_loss":0}],"is_beta":false,"boss_relics":[],"items_purged_floors":[],"is_endless":false,"potions_floor_spawned":[5,6,10,11],"killed_by":"Lots of Slimes","ascension_level":2}