{"gold_per_floor":[112,112,124,139,64,64,96,96,145,165,165,224,45,70,70,173,173,183,195,229,31,130,163,183,183,206,226,249,279,289,321,321,321],"floor_reached":33,"playtime":2660,"items_purged":["Strike_B","Strike_B"],"score":313,"play_id":"7e263c50-21bf-44d7-9b98-39d2465d0c38","local_time":"20190111224207","is_ascension_mode":false,"campfire_choices":[{"data":"Zap","floor":6,"key":"SMITH"},{"floor":11,"key":"REST"},{"data":"Defragment","floor":15,"key":"SMITH"},{"floor":25,"key":"REST"},{"data":"Force Field","floor":32,"key":"SMITH"}],"neow_cost":"NONE","seed_source_timestamp":220751664498626,"circlet_count":0,"master_deck":["Defend_B","Defend_B","Defend_B","Zap+1","Dualcast","Storm","FTL+1","Ball Lightning+1","Defragment+1","Darkness","Electrodynamics","Static Discharge","Force Field+1","Chill"],"relics":["Cracked Core","Potion Belt","Blood Vial","Happy Flower","Question Card","Velvet Choker","Red Mask","Runic Capacitor","Omamori","Dream Catcher","Whetstone","Ornamental Fan","Matryoshka"],"potions_floor_usage":[12,16,16,24,29,33],"damage_taken":[{"damage":1,"enemies":"Small Slimes","floor":1,"turns":4},{"damage":0,"enemies":"Cultist","floor":3,"turns":3},{"damage":6,"enemies":"2 Louse","floor":4,"turns":3},{"damage":26,"enemies":"Gremlin Nob","floor":7,"turns":4},{"damage":5,"enemies":"Looter","floor":10,"turns":3},{"damage":13,"enemies":"3 Sentries","floor":12,"turns":7},{"damage":29,"enemies":"3 Sentries","floor":14,"turns":6},{"damage":15,"enemies":"Hexaghost","floor":16,"turns":6},{"damage":15,"enemies":"Shell Parasite","floor":18,"turns":4},{"damage":15,"enemies":"2 Thieves","floor":19,"turns":2},{"damage":0,"enemies":"Masked Bandits","floor":20,"turns":2},{"damage":27,"enemies":"Gremlin Leader","floor":23,"turns":3},{"damage":5,"enemies":"Centurion and Healer","floor":24,"turns":2},{"damage":1,"enemies":"Chosen and Byrds","floor":27,"turns":3},{"damage":2,"enemies":"Book of Stabbing","floor":29,"turns":4},{"damage":4,"enemies":"Sentry and Sphere","floor":30,"turns":4},{"damage":6,"enemies":"Slavers","floor":31,"turns":2},{"damage":47,"enemies":"Automaton","floor":33,"turns":6}],"seed_played":"-5930069321265590165","potions_obtained":[{"floor":10,"key":"Explosive Potion"},{"floor":12,"key":"PowerPotion"},{"floor":14,"key":"AttackPotion"},{"floor":18,"key":"SteroidPotion"},{"floor":20,"key":"Fire Potion"},{"floor":24,"key":"Swift Potion"},{"floor":27,"key":"SpeedPotion"}],"is_trial":false,"path_per_floor":["M","?","M","M","$","R","E","?","T","M","R","?","$","E","R","B",null,"M","M","?","$","?","E","M","R","T","M","T","E","M","E","R","B"],"character_chosen":"DEFECT","items_purchased":["Defragment","Runic Capacitor"],"campfire_rested":2,"item_purchase_floors":[13,21],"current_hp_per_floor":[74,74,74,68,68,68,42,42,42,39,61,50,50,23,23,10,75,60,47,49,49,49,24,21,43,43,44,44,44,42,38,38,0],"gold":321,"neow_bonus":"REMOVE_CARD","is_prod":false,"is_daily":false,"chose_seed":false,"campfire_upgraded":3,"win_rate":0,"timestamp":1547264527,"path_taken":["M","?","?","M","$","R","E","?","T","M","R","?","$","E","R","BOSS","M","M","?","$","?","E","M","R","T","M","?","E","?","E","R","BOSS"],"build_version":"2019-01-10","purchased_purges":2,"victory":false,"max_hp_per_floor":[75,75,75,75,75,75,75,75,75,75,75,75,75,75,75,75,75,75,75,75,75,75,75,75,75,75,75,75,75,75,75,75,75],"card_choices":[{"not_picked":["Sweeping Beam","Leap","Gash"],"picked":"SKIP","floor":1},{"not_picked":["Sweeping Beam","Self Repair"],"picked":"Storm","floor":3},{"not_picked":["Sweeping Beam","Rebound"],"picked":"FTL","floor":4},{"not_picked":["Hyperbeam","Gash","Fusion"],"picked":"SKIP","floor":7},{"not_picked":["Reinforced Body","Auto Shields","Rebound"],"picked":"SKIP","floor":10},{"not_picked":["Double Energy","Steam"],"picked":"Ball Lightning","floor":12},{"not_picked":["Beam Cell","Turbo"],"picked":"Darkness","floor":14},{"not_picked":["Reboot","Multi-Cast","Rainbow"],"picked":"Electrodynamics","floor":16},{"not_picked":["Undo","Conserve Battery","Chaos","Barrage+1"],"picked":"SKIP","floor":18},{"not_picked":["Sunder","Rebound","Compile Driver","Barrage"],"picked":"SKIP","floor":19},{"not_picked":["Compile Driver+1","Leap","White Noise"],"picked":"Static Discharge","floor":20},{"not_picked":["Ball Lightning","Steam","Stack","Compile Driver"],"picked":"SKIP","floor":23},{"not_picked":["Blizzard","Streamline","Redo"],"picked":"Force Field","floor":24},{"not_picked":["Streamline","Blizzard","Barrage"],"picked":"Chill","floor":27},{"not_picked":["Gash","Sweeping Beam+1","Lockon+1","Go for the Eyes+1"],"picked":"SKIP","floor":29},{"not_picked":["Coolheaded","Streamline","Biased Cognition","Stack"],"picked":"SKIP","floor":30},{"not_picked":["Streamline","Biased Cognition","Stack+1","Reprogram"],"picked":"SKIP","floor":31}],"player_experience":142848,"relics_obtained":[{"floor":7,"key":"Potion Belt"},{"floor":9,"key":"Blood Vial"},{"floor":12,"key":"Happy Flower"},{"floor":14,"key":"Question Card"},{"floor":20,"key":"Red Mask"},{"floor":23,"key":"Omamori"},{"floor":26,"key":"Dream Catcher"},{"floor":28,"key":"Whetstone"},{"floor":29,"key":"Ornamental Fan"},{"floor":31,"key":"Matryoshka"}],"event_choices":[{"cards_removed":["Defend_B"],"damage_healed":0,"gold_gain":0,"player_choice":"Offered Basic","damage_taken":0,"max_hp_gain":0,"max_hp_loss":0,"event_name":"Bonfire Elementals","floor":2,"gold_loss":0},{"cards_removed":["Strike_B"],"damage_healed":0,"gold_gain":0,"player_choice":"Forget","damage_taken":0,"max_hp_gain":0,"max_hp_loss":0,"event_name":"Living Wall","floor":8,"gold_loss":0},{"damage_healed":0,"gold_gain":0,"player_choice":"Searched \u00272\u0027 times","damage_taken":0,"max_hp_gain":0,"max_hp_loss":0,"event_name":"Dead Adventurer","floor":12,"gold_loss":0},{"damage_healed":0,"gold_gain":0,"player_choice":"Fought Bandits","damage_taken":0,"max_hp_gain":0,"max_hp_loss":0,"event_name":"Masked Bandits","floor":20,"gold_loss":0},{"damage_healed":0,"gold_gain":99,"player_choice":"Stole From Cult","damage_taken":0,"max_hp_gain":0,"max_hp_loss":0,"event_name":"Nest","floor":22,"gold_loss":0}],"is_beta":false,"boss_relics":[{"not_picked":["Nuclear Battery","Cursed Key"],"picked":"Velvet Choker"}],"items_purged_floors":[5,13],"is_endless":false,"potions_floor_spawned":[10,12,14,18,20,24,27],"killed_by":"Automaton","ascension_level":0}