{"path_per_floor":["M","$","M","M","$","R","M","R","T","E","M","?","R","?","R","B",null,"M","M","$","?","?","R","M","M","T","M","?","$","M"],"character_chosen":"THE_SILENT","items_purchased":["Unload"],"gold_per_floor":[109,34,44,60,60,60,71,71,97,123,139,139,139,139,139,234,234,250,267,167,167,167,167,180,195,195,207,122,0,20],"floor_reached":31,"campfire_rested":1,"playtime":2270,"current_hp_per_floor":[70,70,70,70,70,70,57,57,57,45,47,47,47,47,69,27,80,64,51,51,51,51,51,29,17,17,13,13,13,23],"items_purged":["Decay","Accuracy"],"gold":20,"score":263,"play_id":"0d3ab27c-adee-40b5-b4e0-ca50630c8d60","local_time":"20180321092606","is_prod":false,"is_daily":false,"is_ascension_mode":false,"campfire_upgraded":1,"timestamp":1521638766,"path_taken":["M","$","M","M","$","R","M","R","T","E","M","?","R","?","R","BOSS","M","M","$","?","?","R","M","M","T","M","?","$","M","M"],"build_version":"2018-03-15v3","purchased_purges":3,"victory":false,"master_deck":["Defend_G+1","Defend_G","Defend_G+1","Defend_G","Survivor","Neutralize","Poisoned Stab","Deadly Poison","Die Die Die","Unload+1","Dagger Throw","Dagger Throw","Bite","Bite","Bite","Bite","Bite","Unload"],"max_hp_per_floor":[70,70,70,70,70,70,70,70,70,72,74,74,74,74,74,74,80,82,84,84,84,58,58,60,62,62,64,64,64,66],"relics":["Ring of the Snake","Girya","Singing Bowl","Darkstone Periapt","War Paint","Orrery","The Courier","Happy Flower"],"card_choices":[{"not_picked":["Backflip","Deadly Poison"],"picked":"Poisoned Stab"},{"not_picked":["Backflip","Endless Agony"],"picked":"Accuracy"},{"not_picked":["Caltrops","Escape Plan"],"picked":"Deadly Poison"},{"not_picked":["Tactician","Venomology"],"picked":"Unload"},{"not_picked":["Flying Knee","Bouncing Flask"],"picked":"Dagger Throw"},{"not_picked":["Quick Slash","Prepared"],"picked":"Dagger Throw"}],"player_experience":94838,"potions_floor_usage":[10,16,18,25],"damage_taken":[{"damage":0,"enemies":"Small Slimes","floor":1,"turns":5},{"damage":0,"enemies":"Cultist","floor":3,"turns":4},{"damage":0,"enemies":"Jaw Worm","floor":4,"turns":4},{"damage":13,"enemies":"Large Slime","floor":7,"turns":10},{"damage":14,"enemies":"3 Sentries","floor":10,"turns":9},{"damage":0,"enemies":"Blue Slaver","floor":11,"turns":3},{"damage":42,"enemies":"Slime Boss","floor":16,"turns":13},{"damage":18,"enemies":"3 Byrds","floor":18,"turns":3},{"damage":15,"enemies":"Shell Parasite","floor":19,"turns":6},{"damage":30,"enemies":"Snecko","floor":24,"turns":4},{"damage":26,"enemies":"Slaver and Parasite","floor":25,"turns":4},{"damage":18,"enemies":"Centurion and Healer","floor":27,"turns":4},{"damage":0,"enemies":"Sentry and Sphere","floor":30,"turns":3},{"damage":35,"enemies":"Snake Plant","floor":31,"turns":3}],"event_choices":[{"event_name":"Match and Keep!","player_choice":"1 cards matched","floor":12,"damage_taken":0},{"event_name":"Dead Adventurer","player_choice":"Searched \u00271\u0027 times","floor":14,"damage_taken":0},{"event_name":"Wheel of Change","player_choice":"Card Removal","floor":21,"damage_taken":0},{"event_name":"Vampires","player_choice":"Became a vampire","floor":22,"damage_taken":0},{"event_name":"Addict","player_choice":"Obtained Relic","floor":28,"damage_taken":0}],"boss_relics":[{"not_picked":["Pandora\u0027s Box","Sozu"],"picked":"Orrery"}],"potions_floor_spawned":[1,4,16,18,25],"seed_played":"-5342384589077318984","killed_by":"Snake Plant","ascension_level":0,"is_trial":false}