{"gold_per_floor":[118,193,204,103,115,115,141,9,9,9,44,44,77,77,77,172,172,183,183,200,217,14,14,41,41,64,64,75,106,106,106,106,204,204,222,234,244,244,15,15,43,55,142,154,166],"floor_reached":45,"playtime":101928,"items_purged":["Strike_R"],"score":649,"play_id":"343f328d-f48f-4029-8876-49bfa6a36ec1","local_time":"20190812180011","is_ascension_mode":true,"campfire_choices":[{"data":"Spot Weakness","floor":6.0,"key":"SMITH"},{"floor":12.0,"key":"REST"},{"data":"Metallicize","floor":15.0,"key":"SMITH"},{"floor":23.0,"key":"REST"},{"floor":25.0,"key":"REST"},{"floor":32.0,"key":"REST"},{"data":"Armaments","floor":40,"key":"SMITH"},{"floor":42,"key":"REST"}],"neow_cost":"NONE","seed_source_timestamp":98673724197622,"circlet_count":0,"master_deck":["Defend_R+1","Bash","Spot Weakness+1","Clash","Shrug It Off","Fire Breathing","Pommel Strike","Metallicize+1","Armaments+1","Flame Barrier","Ghostly Armor","Berserk","Metallicize","Heavy Blade+1","Battle Trance","Disarm","Thunderclap","Impervious","Bite","Bite+1","Bite","Bite","Bite","Reaper+1","Fiend Fire+1","Inflame+1","Spot Weakness","Clash+1","Feel No Pain","Rupture+1"],"special_seed":0,"relics":["Burning Blood","Dodecahedron","Matryoshka","Smiling Mask","Centennial Puzzle","Mark of Pain","TheAbacus","Charon\u0027s Ashes","Potion Belt","Ancient Tea Set","Vajra","Bottled Flame","StoneCalendar","Astrolabe","Whetstone","MawBank","Sundial"],"potions_floor_usage":[41],"damage_taken":[{"damage":3.0,"enemies":"Small Slimes","floor":1.0,"turns":4.0},{"damage":11.0,"enemies":"Jaw Worm","floor":3.0,"turns":6.0},{"damage":0.0,"enemies":"2 Louse","floor":5.0,"turns":3.0},{"damage":27.0,"enemies":"3 Sentries","floor":7.0,"turns":10.0},{"damage":19.0,"enemies":"Lagavulin","floor":11.0,"turns":7.0},{"damage":9.0,"enemies":"3 Sentries","floor":13.0,"turns":10.0},{"damage":35.0,"enemies":"Slime Boss","floor":16.0,"turns":9.0},{"damage":13.0,"enemies":"Spheric Guardian","floor":18.0,"turns":8.0},{"damage":42.0,"enemies":"3 Byrds","floor":20.0,"turns":7.0},{"damage":8.0,"enemies":"Centurion and Healer","floor":21.0,"turns":7.0},{"damage":59.0,"enemies":"Gremlin Leader","floor":24.0,"turns":6.0},{"damage":1.0,"enemies":"Snecko","floor":28.0,"turns":6.0},{"damage":30.0,"enemies":"Slavers","floor":29.0,"turns":6.0},{"damage":50.0,"enemies":"Champ","floor":33.0,"turns":11.0},{"damage":17,"enemies":"Orb Walker","floor":35,"turns":3},{"damage":13,"enemies":"3 Shapes","floor":36,"turns":6},{"damage":42,"enemies":"3 Darklings","floor":37,"turns":7},{"damage":69,"enemies":"Nemesis","floor":41,"turns":9},{"damage":93,"enemies":"Giant Head","floor":45,"turns":7}],"seed_played":"-7104153765086883838","potions_obtained":[{"floor":1.0,"key":"FearPotion"},{"floor":3.0,"key":"BloodPotion"},{"floor":5.0,"key":"Strength Potion"},{"floor":13.0,"key":"PowerPotion"},{"floor":21.0,"key":"LiquidBronze"},{"floor":28.0,"key":"SteroidPotion"},{"floor":33,"key":"Swift Potion"},{"floor":35,"key":"SteroidPotion"}],"is_trial":false,"path_per_floor":["M","?","M","$","M","R","E","$","T","$","E","R","E","?","R","B",null,"M","?","M","M","$","R","E","R","T","T","M","E","?","?","R","B",null,"M","M","M","?","$","R","E","R","T","?","E"],"character_chosen":"IRONCLAD","items_purchased":["Shrug It Off","Metallicize","Armaments","TheAbacus","Whetstone","Feel No Pain"],"campfire_rested":5,"item_purchase_floors":[4,8,8,22,39,39],"current_hp_per_floor":[80,69,66,66,74,74,55,55,55,55,44,68,67,60,60,33,80,73,73,59,59,59,80,27,51,51,51,58,36,36,36,60,42,80,71,77,71,71,71,71,26,50,50,80,0],"gold":166,"neow_bonus":"RANDOM_COMMON_RELIC","is_prod":false,"is_daily":false,"chose_seed":false,"campfire_upgraded":3,"win_rate":0,"timestamp":1565658011,"path_taken":["M","?","M","$","M","R","E","$","T","$","E","R","E","?","R","BOSS","M","?","M","M","$","R","E","R","T","?","?","E","?","?","R","BOSS","BOSS","M","M","M","?","?","R","E","R","T","?","E"],"build_version":"2019-07-17","purchased_purges":1,"victory":false,"max_hp_per_floor":[80,80,80,80,80,80,80,80,80,80,80,80,80,80,80,80,80,80,80,80,80,80,80,80,80,80,80,80,80,80,80,80,80,80,80,80,80,80,80,80,80,80,80,80,80],"card_choices":[{"not_picked":["Iron Wave","True Grit"],"picked":"Spot Weakness","floor":1.0},{"not_picked":["Fire Breathing","Corruption"],"picked":"Clash","floor":3.0},{"not_picked":["Clothesline","Entrench"],"picked":"Fire Breathing","floor":5.0},{"not_picked":["Whirlwind","True Grit"],"picked":"Pommel Strike","floor":7.0},{"not_picked":["Shockwave","Hemokinesis"],"picked":"Flame Barrier","floor":11.0},{"not_picked":["Cleave","Sword Boomerang"],"picked":"Ghostly Armor","floor":13.0},{"not_picked":["Impervious","Brutality"],"picked":"Berserk","floor":16.0},{"not_picked":["Ghostly Armor+1","Seeing Red+1"],"picked":"Metallicize","floor":18.0},{"not_picked":["Second Wind","Entrench"],"picked":"Heavy Blade","floor":20.0},{"not_picked":["Warcry","Wild Strike"],"picked":"Battle Trance","floor":21.0},{"not_picked":["Iron Wave","Cleave"],"picked":"Disarm","floor":24.0},{"not_picked":["Hemokinesis+1","Wild Strike"],"picked":"Thunderclap","floor":28.0},{"not_picked":["Headbutt","Perfected Strike+1"],"picked":"Impervious","floor":29.0},{"not_picked":["Brutality","Impervious"],"picked":"Reaper","floor":33},{"not_picked":["Wild Strike+1","Shrug It Off+1"],"picked":"Spot Weakness","floor":35},{"not_picked":["Ghostly Armor+1","Armaments","Bloodletting"],"picked":"SKIP","floor":36},{"not_picked":["Clothesline","Shrug It Off"],"picked":"Clash+1","floor":37},{"not_picked":["Reckless Charge+1","Clothesline"],"picked":"Rupture+1","floor":41}],"player_experience":2894970,"relics_obtained":[{"floor":7.0,"key":"Dodecahedron"},{"floor":9.0,"key":"Matryoshka"},{"floor":11.0,"key":"Smiling Mask"},{"floor":13.0,"key":"Centennial Puzzle"},{"floor":24.0,"key":"Charon\u0027s Ashes"},{"floor":26.0,"key":"Potion Belt"},{"floor":26.0,"key":"Ancient Tea Set"},{"floor":27.0,"key":"Vajra"},{"floor":27.0,"key":"Bottled Flame"},{"floor":29.0,"key":"StoneCalendar"},{"floor":41,"key":"MawBank"},{"floor":43,"key":"Sundial"}],"event_choices":[{"damage_healed":0.0,"max_hp_gain":0.0,"max_hp_loss":0.0,"gold_gain":75.0,"event_name":"World of Goop","player_choice":"Gather Gold","floor":2.0,"gold_loss":0.0,"damage_taken":11.0},{"cards_removed":["Strike_R"],"damage_healed":0.0,"max_hp_gain":0.0,"max_hp_loss":0.0,"gold_gain":0.0,"event_name":"Golden Wing","player_choice":"Card Removal","floor":14.0,"gold_loss":0.0,"damage_taken":7.0},{"damage_healed":0.0,"max_hp_gain":0.0,"max_hp_loss":0.0,"gold_gain":0.0,"event_name":"Ghosts","player_choice":"Ignored","floor":19.0,"gold_loss":0.0,"damage_taken":0.0},{"damage_healed":0.0,"max_hp_gain":0.0,"max_hp_loss":0.0,"gold_gain":0.0,"event_name":"Vampires","player_choice":"Became a vampire (Vial)","floor":30.0,"relics_lost":["Blood Vial"],"gold_loss":0.0,"damage_taken":0.0,"cards_obtained":["Bite","Bite","Bite","Bite","Bite"]},{"damage_healed":0.0,"max_hp_gain":0.0,"max_hp_loss":0.0,"gold_gain":0.0,"event_name":"Back to Basics","player_choice":"Simplicity","floor":31.0,"gold_loss":0.0,"damage_taken":0.0,"cards_upgraded":["Defend_R","Defend_R","Defend_R","Defend_R"]},{"damage_healed":0,"gold_gain":0,"player_choice":"Upgraded","damage_taken":0,"max_hp_gain":0,"max_hp_loss":0,"event_name":"Upgrade Shrine","floor":38,"gold_loss":0,"cards_upgraded":["Heavy Blade"]},{"cards_removed":["Sever Soul"],"damage_healed":30,"gold_gain":0,"player_choice":"Offered Uncommon","damage_taken":0,"max_hp_gain":0,"max_hp_loss":0,"event_name":"Bonfire Elementals","floor":44,"gold_loss":0}],"is_beta":false,"boss_relics":[{"not_picked":["Cursed Key","Eternal Feather"],"picked":"Mark of Pain"},{"not_picked":["Lizard Tail","White Beast Statue"],"picked":"Astrolabe"}],"items_purged_floors":[4],"is_endless":false,"potions_floor_spawned":[1,3,5,13,21,28,33,35],"killed_by":"Giant Head","ascension_level":4}