{"gold_per_floor":[116,191,44,54,71,98,98,129,182,182,195,195,214,14,14,117,117,135,147,27,0,0,0],"floor_reached":23,"playtime":2979,"items_purged":[],"score":259,"play_id":"38c7a86a-75c0-48f4-9279-b60a406292fd","local_time":"20190913174646","is_ascension_mode":true,"campfire_choices":[{"floor":7.0,"key":"REST"},{"floor":10.0,"key":"REST"},{"floor":12.0,"key":"REST"},{"data":"Apotheosis","floor":15.0,"key":"SMITH"}],"neow_cost":"NONE","seed_source_timestamp":218925466359341,"circlet_count":0,"master_deck":["Strike_G","Strike_G","Strike_G","Strike_G","Strike_G","Defend_G","Defend_G","Defend_G","Defend_G","Defend_G","Survivor+1","Neutralize","Panacea","Sucker Punch","Noxious Fumes","Heel Hook","Leg Sweep","Crippling Poison","Calculated Gamble+1","Dash","Footwork","Flying Knee","Apotheosis+1","Well Laid Plans","A Thousand Cuts","Concentrate+1","Masterful Stab","Tools of the Trade","Reflex"],"special_seed":0,"relics":["Ring of the Snake","The Courier","Lantern","War Paint","Philosopher\u0027s Stone"],"potions_floor_usage":[19,23],"damage_taken":[{"damage":7.0,"enemies":"Jaw Worm","floor":1.0,"turns":7.0},{"damage":1.0,"enemies":"2 Louse","floor":4.0,"turns":4.0},{"damage":2.0,"enemies":"Small Slimes","floor":5.0,"turns":4.0},{"damage":26.0,"enemies":"Gremlin Nob","floor":6.0,"turns":5.0},{"damage":14.0,"enemies":"3 Sentries","floor":8.0,"turns":7.0},{"damage":4.0,"enemies":"3 Louse","floor":11.0,"turns":2.0},{"damage":0.0,"enemies":"Large Slime","floor":13.0,"turns":7.0},{"damage":24.0,"enemies":"Hexaghost","floor":16.0,"turns":8.0},{"damage":0.0,"enemies":"Chosen","floor":18.0,"turns":5.0},{"damage":13,"enemies":"3 Byrds","floor":19,"turns":4},{"damage":50,"enemies":"Slavers","floor":23,"turns":3}],"seed_played":"-544451942240660503","potions_obtained":[{"floor":4.0,"key":"Strength Potion"},{"floor":5.0,"key":"GhostInAJar"},{"floor":18.0,"key":"Fire Potion"},{"floor":19,"key":"PowerPotion"}],"is_trial":false,"path_per_floor":["M","?","$","M","M","E","R","E","T","R","M","R","M","$","R","B",null,"M","M","$","?","?","E"],"character_chosen":"THE_SILENT","items_purchased":["Noxious Fumes","Heel Hook","Apotheosis","Well Laid Plans","Tools of the Trade","Reflex"],"campfire_rested":3,"item_purchase_floors":[3,3,14,14,20,20],"current_hp_per_floor":[56,45,45,44,42,16,37,23,23,44,40,61,61,61,61,37,62,62,49,49,49,49,0],"gold":0,"neow_bonus":"RANDOM_COLORLESS","is_prod":false,"is_daily":false,"chose_seed":false,"campfire_upgraded":1,"win_rate":0,"timestamp":1568422006,"path_taken":["M","?","$","M","M","E","R","E","T","R","M","R","M","?","R","BOSS","M","M","$","?","?","E"],"build_version":"2019-07-17","purchased_purges":0,"victory":false,"max_hp_per_floor":[70,70,70,70,70,70,70,70,70,70,70,70,70,70,70,70,70,70,70,70,70,70,70],"card_choices":[{"not_picked":["Cloak And Dagger","Quick Slash"],"picked":"Sucker Punch","floor":1.0},{"not_picked":["Dodge and Roll","Quick Slash"],"picked":"Leg Sweep","floor":4.0},{"not_picked":["Quick Slash","Eviscerate"],"picked":"Crippling Poison","floor":5.0},{"not_picked":["Doppelganger","Endless Agony"],"picked":"Calculated Gamble","floor":6.0},{"not_picked":["Setup","Flying Knee"],"picked":"Dash","floor":8.0},{"not_picked":["Dagger Spray","Riddle With Holes"],"picked":"Footwork","floor":11.0},{"not_picked":["Calculated Gamble","Dodge and Roll"],"picked":"Flying Knee","floor":13.0},{"not_picked":["Glass Knife","Grand Finale"],"picked":"A Thousand Cuts","floor":16.0},{"not_picked":["Sucker Punch+1","Cloak And Dagger"],"picked":"Concentrate+1","floor":18.0},{"not_picked":["Outmaneuver","Dodge and Roll"],"picked":"Masterful Stab","floor":19}],"player_experience":3410255,"relics_obtained":[{"floor":6.0,"key":"The Courier"},{"floor":8.0,"key":"Lantern"},{"floor":9.0,"key":"War Paint"}],"event_choices":[{"damage_healed":0.0,"max_hp_gain":0.0,"max_hp_loss":0.0,"gold_gain":75.0,"event_name":"World of Goop","player_choice":"Gather Gold","floor":2.0,"gold_loss":0.0,"damage_taken":11.0},{"damage_healed":0,"gold_gain":0,"player_choice":"Paid Fearfully","damage_taken":0,"max_hp_gain":0,"max_hp_loss":0,"event_name":"Masked Bandits","floor":21,"gold_loss":27},{"damage_healed":0,"gold_gain":0,"player_choice":"Ignored","damage_taken":0,"max_hp_gain":0,"max_hp_loss":0,"event_name":"Cursed Tome","floor":22,"gold_loss":0}],"is_beta":false,"boss_relics":[{"not_picked":["Empty Cage","Eternal Feather"],"picked":"Philosopher\u0027s Stone"}],"items_purged_floors":[],"is_endless":false,"potions_floor_spawned":[4,5,18,19],"killed_by":"Slavers","ascension_level":6}