{"gold_per_floor":[14,28,43,60,60,92,92,92,115,128,78,4,4,21,21,124,124,143,242,10,27,27,84,84,119,119,119,119,0,15,27,27,125,125,145,145,163,10,62,62,90,106,106,0,29,39,39,39,39,39],"floor_reached":51,"playtime":5000,"items_purged":[],"score":780,"play_id":"957bf4dd-5552-4cfc-aab0-7dcea1c6bff6","local_time":"20190814201647","is_ascension_mode":true,"campfire_choices":[{"floor":8.0,"key":"REST"},{"data":"Crippling Poison","floor":13.0,"key":"SMITH"},{"data":"Catalyst","floor":15.0,"key":"SMITH"},{"floor":24.0,"key":"REST"},{"floor":27,"key":"REST"},{"floor":32,"key":"REST"},{"floor":40,"key":"REST"},{"data":"Calculated Gamble","floor":47,"key":"SMITH"},{"data":"Apotheosis","floor":49,"key":"SMITH"}],"neow_cost":"NO_GOLD","seed_source_timestamp":0,"circlet_count":0,"master_deck":["Strike_G","Strike_G","Strike_G","Strike_G","Strike_G","Defend_G","Defend_G","Defend_G","Defend_G+1","Defend_G","Survivor","Neutralize","Crippling Poison+1","Catalyst+1","Bane","Poisoned Stab","Deadly Poison","Noxious Fumes","Deflect","Die Die Die","Backflip","Caltrops","Acrobatics+1","Leg Sweep","Footwork","Bouncing Flask","After Image","Blind","Poisoned Stab+1","Footwork","Escape Plan","Calculated Gamble+1","Apotheosis+1"],"special_seed":0,"relics":["Ring of the Snake","Smiling Mask","Lantern","Lizard Tail","Sling","Tiny Chest","Torii","Bird Faced Urn","Nilry\u0027s Codex","Busted Crown","The Specimen","Ice Cream","War Paint","Red Mask","Pantograph"],"potions_floor_usage":[39,41,50,50],"damage_taken":[{"damage":15.0,"enemies":"Jaw Worm","floor":1.0,"turns":10.0},{"damage":0.0,"enemies":"2 Louse","floor":2.0,"turns":4.0},{"damage":0.0,"enemies":"Cultist","floor":3.0,"turns":3.0},{"damage":21.0,"enemies":"Exordium Thugs","floor":4.0,"turns":6.0},{"damage":24.0,"enemies":"Lagavulin","floor":6.0,"turns":7.0},{"damage":5.0,"enemies":"3 Louse","floor":10.0,"turns":3.0},{"damage":7.0,"enemies":"Looter","floor":14.0,"turns":3.0},{"damage":21.0,"enemies":"Hexaghost","floor":16.0,"turns":7.0},{"damage":9.0,"enemies":"Spheric Guardian","floor":18.0,"turns":5.0},{"damage":10.0,"enemies":"Shell Parasite","floor":21.0,"turns":5.0},{"damage":13.0,"enemies":"Gremlin Leader","floor":23.0,"turns":4.0},{"damage":44.0,"enemies":"Slavers","floor":25.0,"turns":5.0},{"damage":9,"enemies":"Snake Plant","floor":30,"turns":4},{"damage":9,"enemies":"Centurion and Healer","floor":31,"turns":7},{"damage":46,"enemies":"Automaton","floor":33,"turns":7},{"damage":13,"enemies":"3 Darklings","floor":35,"turns":4},{"damage":3,"enemies":"3 Shapes","floor":37,"turns":5},{"damage":25,"enemies":"2 Orb Walkers","floor":39,"turns":7},{"damage":7,"enemies":"Reptomancer","floor":41,"turns":4},{"damage":17,"enemies":"Sphere and 2 Shapes","floor":42,"turns":4},{"damage":0,"enemies":"Nemesis","floor":45,"turns":5},{"damage":8,"enemies":"Jaw Worm Horde","floor":46,"turns":5},{"damage":24,"enemies":"Donu and Deca","floor":50,"turns":9}],"seed_played":"1655619643871489027","potions_obtained":[{"floor":1.0,"key":"Ancient Potion"},{"floor":4.0,"key":"Fire Potion"},{"floor":14.0,"key":"Strength Potion"},{"floor":16.0,"key":"SpeedPotion"},{"floor":18.0,"key":"Energy Potion"},{"floor":23.0,"key":"Weak Potion"},{"floor":33,"key":"Explosive Potion"},{"floor":35,"key":"Fire Potion"},{"floor":37,"key":"Ancient Potion"},{"floor":45,"key":"AttackPotion"}],"is_trial":false,"path_per_floor":["M","M","M","M","?","E","?","R","T","M","?","$","R","M","R","B",null,"M","?","$","M","$","E","R","E","T","R","?","?","M","M","R","B",null,"M","?","M","$","?","R","E","M","T","?","E","M","R","?","R","B",null],"character_chosen":"THE_SILENT","items_purchased":["Noxious Fumes","Sling","Caltrops","Footwork","Escape Plan"],"campfire_rested":5,"item_purchase_floors":[12,20,20,38,38],"current_hp_per_floor":[69,69,69,48,48,24,45,70,70,65,65,65,65,58,58,37,81,72,72,72,62,62,49,73,29,29,53,37,37,30,27,51,11,81,70,70,71,71,56,80,78,66,66,66,76,75,75,75,75,62],"gold":39,"neow_bonus":"TWENTY_PERCENT_HP_BONUS","is_prod":false,"is_daily":false,"chose_seed":false,"campfire_upgraded":4,"win_rate":0,"timestamp":1565831807,"path_taken":["M","M","M","M","?","E","?","R","T","M","?","$","R","M","R","BOSS","M","?","$","M","$","E","R","E","T","R","?","?","M","M","R","BOSS","M","?","?","$","?","R","E","M","T","?","E","M","R","?","R","BOSS"],"build_version":"2019-07-17","purchased_purges":0,"victory":true,"max_hp_per_floor":[84,84,84,84,84,84,84,84,84,84,81,81,81,81,81,81,81,81,81,81,81,81,81,81,81,81,81,81,81,81,81,81,81,81,81,81,81,81,81,81,81,81,81,81,81,81,81,81,81,81],"card_choices":[{"not_picked":["Flechettes","Deflect","Slice"],"picked":"SKIP","floor":1.0},{"not_picked":["Flying Knee","Heel Hook"],"picked":"Crippling Poison","floor":2.0},{"not_picked":["Cloak And Dagger","Backflip"],"picked":"Catalyst","floor":3.0},{"not_picked":["Distraction","Backstab"],"picked":"Bane","floor":4.0},{"not_picked":["Die Die Die","Cloak And Dagger"],"picked":"Poisoned Stab","floor":6.0},{"not_picked":["Expertise","Blade Dance"],"picked":"Deadly Poison","floor":10.0},{"not_picked":["Outmaneuver","Predator"],"picked":"Deflect","floor":14.0},{"not_picked":["Unload","Glass Knife"],"picked":"Die Die Die","floor":16.0},{"not_picked":["Underhanded Strike","Reflex+1"],"picked":"Backflip","floor":18.0},{"not_picked":["Flying Knee","Slice+1"],"picked":"Acrobatics","floor":21.0},{"not_picked":["Blade Dance","Acrobatics+1"],"picked":"Leg Sweep","floor":23.0},{"not_picked":["Outmaneuver+1","Flying Knee"],"picked":"Footwork","floor":25},{"not_picked":["Backflip+1","Glass Knife"],"picked":"Bouncing Flask","floor":30},{"not_picked":["Backflip+1","Acrobatics","Dagger Spray+1"],"picked":"SKIP","floor":31},{"not_picked":["Venomology","Storm of Steel"],"picked":"After Image","floor":33},{"not_picked":["Underhanded Strike+1"],"picked":"SKIP","floor":35},{"not_picked":[],"picked":"Poisoned Stab+1","floor":37},{"not_picked":["Skewer+1"],"picked":"SKIP","floor":41},{"not_picked":["Quick Slash"],"picked":"SKIP","floor":42},{"not_picked":["Dagger Throw+1"],"picked":"SKIP","floor":45},{"not_picked":[],"picked":"Calculated Gamble","floor":46},{"not_picked":[],"picked":"Apotheosis","floor":48}],"player_experience":146643,"relics_obtained":[{"floor":6.0,"key":"Smiling Mask"},{"floor":9.0,"key":"Lantern"},{"floor":23.0,"key":"Tiny Chest"},{"floor":25,"key":"Torii"},{"floor":26,"key":"Bird Faced Urn"},{"floor":28,"key":"Nilry\u0027s Codex"},{"floor":39,"key":"The Specimen"},{"floor":41,"key":"Ice Cream"},{"floor":43,"key":"War Paint"},{"floor":45,"key":"Pantograph"}],"event_choices":[{"damage_healed":0.0,"max_hp_gain":0.0,"max_hp_loss":0.0,"gold_gain":0.0,"event_name":"Liars Game","player_choice":"Ignored","floor":5.0,"gold_loss":0.0,"damage_taken":0.0},{"damage_healed":21.0,"max_hp_gain":0.0,"max_hp_loss":0.0,"gold_gain":0.0,"event_name":"Mushrooms","player_choice":"Healed and dodged fight","floor":7.0,"gold_loss":0.0,"damage_taken":0.0,"cards_obtained":["Parasite"]},{"cards_removed":["Parasite"],"damage_healed":0.0,"max_hp_gain":0.0,"max_hp_loss":0.0,"gold_gain":0.0,"event_name":"The Cleric","player_choice":"Card Removal","floor":11.0,"gold_loss":50.0,"damage_taken":0.0},{"damage_healed":0.0,"max_hp_gain":0.0,"max_hp_loss":0.0,"gold_gain":99.0,"event_name":"Nest","player_choice":"Stole From Cult","floor":19.0,"gold_loss":0.0,"damage_taken":0.0},{"damage_healed":0,"gold_gain":0,"player_choice":"Obtained Book","damage_taken":16,"max_hp_gain":0,"max_hp_loss":0,"event_name":"Cursed Tome","floor":28,"gold_loss":0},{"damage_healed":0,"gold_gain":0,"player_choice":"Paid Fearfully","damage_taken":0,"max_hp_gain":0,"max_hp_loss":0,"event_name":"Masked Bandits","floor":29,"gold_loss":119},{"damage_healed":0,"gold_gain":0,"player_choice":"1 cards matched","damage_taken":0,"max_hp_gain":0,"max_hp_loss":0,"event_name":"Match and Keep!","floor":36,"gold_loss":0,"cards_obtained":["Blind"]},{"damage_healed":0,"gold_gain":0,"player_choice":"1 cards matched","damage_taken":0,"max_hp_gain":0,"max_hp_loss":0,"event_name":"Match and Keep!","floor":36,"gold_loss":0,"cards_obtained":["Blind"]},{"damage_healed":0,"gold_gain":0,"player_choice":"Fight","damage_taken":0,"max_hp_gain":0,"max_hp_loss":0,"event_name":"Mysterious Sphere","floor":39,"gold_loss":0},{"damage_healed":0,"gold_gain":0,"player_choice":"Paid","damage_taken":0,"relics_obtained":["Red Mask"],"max_hp_gain":0,"max_hp_loss":0,"event_name":"Tomb of Lord Red Mask","floor":44,"gold_loss":106},{"damage_healed":0,"gold_gain":0,"player_choice":"Memory 1","damage_taken":0,"max_hp_gain":0,"max_hp_loss":0,"event_name":"SensoryStone","floor":48,"gold_loss":0}],"is_beta":false,"boss_relics":[{"not_picked":["Velvet Choker","White Beast Statue"],"picked":"Lizard Tail"},{"not_picked":["Sozu","Runic Pyramid"],"picked":"Busted Crown"}],"items_purged_floors":[],"is_endless":false,"potions_floor_spawned":[1,4,14,16,18,23,33,35,37,45],"ascension_level":1}