{"gold_per_floor":[115,135,146,146,166,166,201,201,224,224,224,256,268,290,302,414,426,455,478,490,515,102,136,151,151,151,170,181,197,197,197,197,299,299,309,309,309,55,70,70,131,142,142,142,158,7,7,35,35,35],"floor_reached":51,"playtime":4598,"items_purged":["Strike_R","Clumsy","Doubt"],"score":1144,"play_id":"779c03bf-f3af-4be5-9c89-cf2e2de06afa","local_time":"20191016054145","is_ascension_mode":true,"campfire_choices":[{"data":"Clothesline","floor":6.0,"key":"SMITH"},{"floor":8.0,"key":"REST"},{"data":"Thunderclap","floor":11.0,"key":"SMITH"},{"data":"Shrug It Off","floor":13.0,"key":"SMITH"},{"data":"Spot Weakness","floor":15.0,"key":"SMITH"},{"floor":25.0,"key":"REST"},{"data":"True Grit","floor":30.0,"key":"SMITH"},{"data":"Metallicize","floor":32.0,"key":"SMITH"},{"data":"Heavy Blade","floor":40.0,"key":"SMITH"},{"data":"Bash","floor":44.0,"key":"SMITH"},{"data":"Shrug It Off","floor":47.0,"key":"SMITH"},{"data":"Defend_R","floor":49,"key":"SMITH"}],"neow_cost":"NONE","seed_source_timestamp":48423930960109,"circlet_count":0,"master_deck":["AscendersBane","Strike_R","Strike_R","Strike_R","Defend_R+1","Defend_R+1","Defend_R","Defend_R+1","Bash+1","Thunderclap+1","Clothesline+1","Shrug It Off+1","Spot Weakness+1","Feed","Heavy Blade+1","Heavy Blade+1","True Grit+1","Metallicize+1","Reaper","Shrug It Off+1"],"special_seed":0,"relics":["Sozu","War Paint","Centennial Puzzle","Orichalcum","MawBank","Cursed Key","Blue Candle","Thread and Needle","Pocketwatch","Matryoshka","Velvet Choker","SsserpentHead","Pen Nib","Pantograph","Strawberry","Dream Catcher"],"potions_floor_usage":[],"damage_taken":[{"damage":0.0,"enemies":"Small Slimes","floor":1.0,"turns":3.0},{"damage":7.0,"enemies":"Jaw Worm","floor":2.0,"turns":4.0},{"damage":1.0,"enemies":"Cultist","floor":3.0,"turns":3.0},{"damage":15.0,"enemies":"Exordium Wildlife","floor":5.0,"turns":5.0},{"damage":15.0,"enemies":"Lagavulin","floor":7.0,"turns":6.0},{"damage":8.0,"enemies":"3 Sentries","floor":12.0,"turns":6.0},{"damage":2.0,"enemies":"Red Slaver","floor":14.0,"turns":3.0},{"damage":23.0,"enemies":"Slime Boss","floor":16.0,"turns":6.0},{"damage":15.0,"enemies":"Spheric Guardian","floor":18.0,"turns":4.0},{"damage":17.0,"enemies":"2 Thieves","floor":19.0,"turns":3.0},{"damage":2.0,"enemies":"Snecko","floor":21.0,"turns":5.0},{"damage":30.0,"enemies":"Slavers","floor":23.0,"turns":5.0},{"damage":9.0,"enemies":"Sentry and Sphere","floor":24.0,"turns":5.0},{"damage":0.0,"enemies":"3 Cultists","floor":27.0,"turns":4.0},{"damage":10.0,"enemies":"Centurion and Healer","floor":28.0,"turns":6.0},{"damage":0.0,"enemies":"Chosen and Byrds","floor":29.0,"turns":4.0},{"damage":31.0,"enemies":"Automaton","floor":33.0,"turns":12.0},{"damage":14.0,"enemies":"3 Darklings","floor":35.0,"turns":3.0},{"damage":1.0,"enemies":"3 Shapes","floor":39.0,"turns":9.0},{"damage":2.0,"enemies":"3 Darklings","floor":41.0,"turns":6.0},{"damage":19.0,"enemies":"4 Shapes","floor":42.0,"turns":3.0},{"damage":4.0,"enemies":"Writhing Mass","floor":45.0,"turns":5.0},{"damage":36,"enemies":"Giant Head","floor":48,"turns":8},{"damage":49,"enemies":"Donu and Deca","floor":50,"turns":9}],"seed_played":"-3819194613579230237","potions_obtained":[],"is_trial":false,"path_per_floor":["M","M","M","?","M","R","E","R","T","?","R","E","R","M","R","B",null,"M","M","?","M","$","E","M","R","T","M","M","M","R","?","R","B",null,"M","?","?","$","M","R","M","M","T","R","M","$","R","E","R","B",null],"character_chosen":"IRONCLAD","items_purchased":["Thread and Needle","True Grit","Pen Nib","Shrug It Off"],"campfire_rested":2,"item_purchase_floors":[22,22,38,46],"current_hp_per_floor":[72,65,64,57,42,42,27,51,51,48,48,40,40,38,38,15,64,52,38,38,39,39,12,6,34,34,37,30,33,33,33,33,2,79,95,95,95,95,105,105,113,116,123,123,119,119,119,116,116,74],"gold":35,"neow_bonus":"BOSS_RELIC","is_prod":false,"is_daily":false,"chose_seed":false,"campfire_upgraded":10,"win_rate":0,"timestamp":1571218905,"path_taken":["M","M","M","?","M","R","E","R","T","?","R","E","R","M","R","BOSS","M","M","?","?","$","E","M","R","T","M","M","M","R","?","R","BOSS","M","?","?","$","M","R","?","M","T","R","M","$","R","E","R","BOSS"],"build_version":"2019-07-17","purchased_purges":3,"victory":true,"max_hp_per_floor":[80,80,80,80,80,80,80,80,80,80,80,80,80,80,80,80,80,83,86,86,89,89,92,95,95,95,98,101,104,104,104,104,104,104,107,107,107,107,110,110,113,116,123,123,123,123,123,123,123,123],"card_choices":[{"not_picked":["Clash","Heavy Blade"],"picked":"Thunderclap","floor":1.0},{"not_picked":["Infernal Blade","Iron Wave"],"picked":"Clothesline","floor":2.0},{"not_picked":["True Grit","Perfected Strike"],"picked":"Shrug It Off","floor":3.0},{"not_picked":["Warcry","Reckless Charge","Perfected Strike"],"picked":"SKIP","floor":5.0},{"not_picked":["Thunderclap","Dark Embrace","Second Wind"],"picked":"SKIP","floor":7.0},{"not_picked":["Iron Wave","Carnage"],"picked":"Sword Boomerang","floor":12.0},{"not_picked":["Perfected Strike","Warcry"],"picked":"Spot Weakness","floor":14.0},{"not_picked":["Berserk","Demon Form"],"picked":"Feed","floor":16.0},{"not_picked":["Anger","Searing Blow+1"],"picked":"Heavy Blade","floor":18.0},{"not_picked":["Sentinel","Pummel"],"picked":"True Grit","floor":19.0},{"not_picked":["Anger","Reckless Charge"],"picked":"Heavy Blade+1","floor":21.0},{"not_picked":["Seeing Red","Clothesline"],"picked":"Metallicize","floor":23.0},{"not_picked":["Fire Breathing","Clothesline","Hemokinesis+1"],"picked":"SKIP","floor":24.0},{"not_picked":["Entrench","Sentinel","Rupture"],"picked":"SKIP","floor":27.0},{"not_picked":["Reckless Charge","Wild Strike","Heavy Blade"],"picked":"SKIP","floor":28.0},{"not_picked":["Whirlwind","Sword Boomerang","Shrug It Off"],"picked":"SKIP","floor":29.0},{"not_picked":["Feed","Limit Break"],"picked":"Reaper","floor":33.0},{"not_picked":["Perfected Strike","Thunderclap","Infernal Blade"],"picked":"SKIP","floor":35.0},{"not_picked":["True Grit","Burning Pact+1","Reckless Charge+1"],"picked":"SKIP","floor":39.0},{"not_picked":["Iron Wave","Sentinel+1","Anger"],"picked":"SKIP","floor":41.0},{"not_picked":["Reckless Charge","Evolve+1","Flex"],"picked":"SKIP","floor":42.0},{"not_picked":["Whirlwind","Pommel Strike+1","Sword Boomerang"],"picked":"SKIP","floor":45.0},{"not_picked":["Warcry","Cleave","Perfected Strike"],"picked":"SKIP","floor":48}],"player_experience":814453,"relics_obtained":[{"floor":7.0,"key":"War Paint"},{"floor":9.0,"key":"Centennial Puzzle"},{"floor":12.0,"key":"MawBank"},{"floor":23.0,"key":"Pocketwatch"},{"floor":26.0,"key":"Matryoshka"},{"floor":43.0,"key":"Pantograph"},{"floor":43.0,"key":"Strawberry"},{"floor":48,"key":"Dream Catcher"}],"event_choices":[{"cards_removed":["Strike_R"],"damage_healed":0.0,"max_hp_gain":0.0,"max_hp_loss":0.0,"gold_gain":0.0,"event_name":"Golden Wing","player_choice":"Card Removal","floor":4.0,"gold_loss":0.0,"damage_taken":7.0},{"damage_healed":0.0,"max_hp_gain":0.0,"max_hp_loss":0.0,"gold_gain":0.0,"event_name":"Scrap Ooze","player_choice":"Success","floor":10.0,"gold_loss":0.0,"damage_taken":3.0,"relics_obtained":["Orichalcum"]},{"cards_removed":["True Grit"],"damage_healed":0.0,"max_hp_gain":0.0,"max_hp_loss":0.0,"gold_gain":0.0,"event_name":"WeMeetAgain","player_choice":"Gave Card","floor":20.0,"gold_loss":0.0,"damage_taken":0.0,"relics_obtained":["Blue Candle"]},{"damage_healed":0.0,"max_hp_gain":0.0,"max_hp_loss":0.0,"gold_gain":0.0,"event_name":"N\u0027loth","player_choice":"Ignored","floor":31.0,"gold_loss":0.0,"damage_taken":0.0},{"cards_removed":["Sword Boomerang"],"damage_healed":0.0,"max_hp_gain":0.0,"max_hp_loss":0.0,"gold_gain":0.0,"event_name":"Falling","player_choice":"Removed Attack","floor":36.0,"gold_loss":0.0,"damage_taken":0.0},{"damage_healed":0.0,"max_hp_gain":0.0,"max_hp_loss":0.0,"gold_gain":0.0,"event_name":"FaceTrader","player_choice":"Trade","floor":37.0,"gold_loss":0.0,"damage_taken":0.0,"relics_obtained":["SsserpentHead"]}],"is_beta":false,"boss_relics":[{"not_picked":["Snecko Eye","Ectoplasm"],"picked":"Cursed Key"},{"not_picked":["Coffee Dripper","Mark of Pain"],"picked":"Velvet Choker"}],"items_purged_floors":[22,38,46],"is_endless":false,"potions_floor_spawned":[2,5,12,16,18,19,23,27,33,42],"ascension_level":12}