{"path_per_floor":["M","?","$","?","M","M","T","M","T","?","R","M","$","E","R","B",null,"M","M","?","?","M","R","M","R","T","M","$","?","R"],"character_chosen":"IRONCLAD","items_purchased":["Flash of Steel","Feed"],"gold_per_floor":[118,118,28,28,42,61,61,72,72,23,23,33,33,360,360,459,459,477,488,488,488,507,507,527,527,527,544,324,324,324],"floor_reached":31,"campfire_rested":2,"playtime":2813,"current_hp_per_floor":[80,64,64,64,64,70,70,55,55,55,55,56,56,46,46,8,80,60,56,56,40,30,57,49,49,49,48,48,48,77],"items_purged":["Defend_R"],"gold":324,"score":260,"play_id":"fbb2305a-66dd-434e-b8d3-411711fa92de","local_time":"20180303123926","is_prod":false,"is_daily":false,"is_ascension_mode":false,"campfire_upgraded":3,"timestamp":1520098766,"path_taken":["M","?","$","?","?","M","?","M","T","?","R","?","?","E","R","BOSS","M","M","?","?","M","R","M","R","T","?","$","?","R","E"],"build_version":"2018-03-01-PROD1","purchased_purges":1,"victory":false,"master_deck":["Strike_R+1","Strike_R","Strike_R","Strike_R","Strike_R","Defend_R+1","Defend_R+1","Bash+1","Rampage+1","Flash of Steel","Perfected Strike","Infernal Blade","Clash","Searing Blow","Armaments+1","Feed+1","Pommel Strike","Shrug It Off","Dropkick","Shrug It Off","Bloodletting+1","Feed"],"max_hp_per_floor":[80,80,80,80,80,80,80,80,80,80,80,80,80,80,80,80,80,80,83,83,88,91,91,95,95,95,99,99,99,99],"relics":["Black Blood","War Paint","Bag of Marbles","Old Coin"],"card_choices":[{"not_picked":["Sever Soul","Fire Breathing"],"picked":"Rampage"},{"not_picked":["Warcry","Clothesline"],"picked":"Perfected Strike"},{"not_picked":["Second Wind","Dropkick"],"picked":"Infernal Blade"},{"not_picked":["Headbutt","Sword Boomerang"],"picked":"Clash"},{"not_picked":["Bloodletting","Cleave"],"picked":"Searing Blow"},{"not_picked":["Reckless Charge","Anger"],"picked":"Armaments"},{"not_picked":["Double Tap","Bludgeon"],"picked":"Feed"},{"not_picked":["Cleave","Seeing Red"],"picked":"Pommel Strike"},{"not_picked":["Feel No Pain","Twin Strike"],"picked":"Shrug It Off"},{"not_picked":["True Grit","Second Wind"],"picked":"Dropkick"},{"not_picked":["Flex","Flame Barrier"],"picked":"Shrug It Off"},{"not_picked":["Twin Strike","Sword Boomerang"],"picked":"Bloodletting"}],"player_experience":0,"potions_floor_usage":[16,16,16,19,24,24,24],"damage_taken":[{"damage":0,"enemies":"Small Slimes","floor":1,"turns":3},{"damage":6,"enemies":"Cultist","floor":5,"turns":3},{"damage":0,"enemies":"2 Louse","floor":6,"turns":3},{"damage":21,"enemies":"Gremlin Gang","floor":8,"turns":4},{"damage":5,"enemies":"Lots of Slimes","floor":12,"turns":3},{"damage":16,"enemies":"Gremlin Nob","floor":14,"turns":3},{"damage":44,"enemies":"The Guardian","floor":16,"turns":8},{"damage":30,"enemies":"2 Thieves","floor":18,"turns":4},{"damage":17,"enemies":"Shell Parasite","floor":19,"turns":4},{"damage":23,"enemies":"Snake Plant","floor":22,"turns":4},{"damage":37,"enemies":"Centurion and Healer","floor":24,"turns":8},{"damage":15,"enemies":"Snecko","floor":27,"turns":3},{"damage":78,"enemies":"Gremlin Leader","floor":31,"turns":6}],"event_choices":[{"event_name":"Shining Light","player_choice":"Entered Light","floor":2,"damage_taken":0},{"event_name":"Bonfire Elementals","player_choice":"BASIC","floor":4,"damage_taken":0},{"event_name":"World of Goop","player_choice":"Left","floor":10,"damage_taken":0},{"event_name":"The Lab","player_choice":"Got Potions","floor":20,"damage_taken":0},{"event_name":"Forgotten Altar","player_choice":"Shed Blood","floor":21,"damage_taken":0},{"event_name":"Vampires","player_choice":"Ignored","floor":29,"damage_taken":0}],"boss_relics":[{"not_picked":["Lizard Tail","Runic Dome"],"picked":"Black Blood"}],"potions_floor_spawned":[1,8,14,16,18,19],"seed_played":"-5828340730459006194","killed_by":"Gremlin Leader","ascension_level":0,"is_trial":false}