{"gold_per_floor":[109,26,38,38,38,72,88,127,181,204,104,137,137,160,160,290,290,313,169,184,84,100,144,144,144,144,179,217,217,253,273,273,399,399,414,636,655,655,679,679],"floor_reached":40,"playtime":2327,"items_purged":["Strike_B","Strike_B"],"score":759,"play_id":"7a8f9b36-0c70-4fca-ba3f-0481047e862a","local_time":"20191015101435","is_ascension_mode":true,"campfire_choices":[{"data":"Genetic Algorithm","floor":13,"key":"SMITH"},{"data":"Creative AI","floor":15,"key":"SMITH"},{"floor":25,"key":"REST"},{"data":"RitualDagger","floor":32,"key":"SMITH"}],"neow_cost":"NONE","seed_source_timestamp":330451868013900,"circlet_count":0,"master_deck":["AscendersBane","Strike_B","Strike_B+1","Defend_B+1","Defend_B","Defend_B","Defend_B","Zap","Dualcast","Compile Driver","Ball Lightning","Cold Snap","Gash","Genetic Algorithm+1","Compile Driver","Sweeping Beam","Creative AI+1","Gash","Core Surge","Gash","Hyperbeam","Static Discharge","Auto Shields","Conserve Battery+1","Coolheaded+1","RitualDagger+1","Capacitor","Cold Snap+1","Reboot","Barrage+1","Storm+1","Recycle+1"],"relics":["Cracked Core","NeowsBlessing","Meat on the Bone","Golden Idol","Bag of Marbles","Vajra","Oddly Smooth Stone","Blood Vial","Runic Pyramid","Anchor","Symbiotic Virus","InkBottle","Blue Candle","Eternal Feather","Red Mask","Lantern","Cursed Key"],"potions_floor_usage":[12,16,22,27,30,33,33,39],"damage_taken":[{"damage":0,"enemies":"2 Louse","floor":1,"turns":1},{"damage":0,"enemies":"Cultist","floor":3,"turns":1},{"damage":0,"enemies":"Gremlin Nob","floor":6,"turns":1},{"damage":0,"enemies":"Small Slimes","floor":7,"turns":2},{"damage":21,"enemies":"Lagavulin","floor":8,"turns":5},{"damage":6,"enemies":"3 Louse","floor":10,"turns":2},{"damage":13,"enemies":"3 Sentries","floor":12,"turns":5},{"damage":0,"enemies":"2 Fungi Beasts","floor":14,"turns":2},{"damage":38,"enemies":"Slime Boss","floor":16,"turns":9},{"damage":5,"enemies":"Spheric Guardian","floor":18,"turns":4},{"damage":0,"enemies":"Chosen","floor":20,"turns":4},{"damage":23,"enemies":"Shelled Parasite and Fungi","floor":22,"turns":6},{"damage":47,"enemies":"Slavers","floor":23,"turns":4},{"damage":10,"enemies":"Book of Stabbing","floor":27,"turns":5},{"damage":0,"enemies":"Masked Bandits","floor":28,"turns":1},{"damage":6,"enemies":"Slavers","floor":30,"turns":6},{"damage":0,"enemies":"Cultist and Chosen","floor":31,"turns":6},{"damage":58,"enemies":"Automaton","floor":33,"turns":13},{"damage":0,"enemies":"Orb Walker","floor":35,"turns":2},{"damage":0,"enemies":"3 Darklings","floor":37,"turns":3},{"damage":23,"enemies":"Spire Growth","floor":39,"turns":4},{"damage":43,"enemies":"Nemesis","floor":40,"turns":2}],"seed_played":"8991596966013440278","potions_obtained":[{"floor":1,"key":"PowerPotion"},{"floor":3,"key":"Fire Potion"},{"floor":7,"key":"SteroidPotion"},{"floor":8,"key":"Regen Potion"},{"floor":12,"key":"Swift Potion"},{"floor":16,"key":"FearPotion"},{"floor":22,"key":"FearPotion"},{"floor":23,"key":"Weak Potion"},{"floor":27,"key":"FocusPotion"},{"floor":30,"key":"Dexterity Potion"},{"floor":33,"key":"FocusPotion"},{"floor":37,"key":"PotionOfCapacity"},{"floor":39,"key":"Fruit Juice"}],"is_trial":false,"path_per_floor":["M","?","M","?","?","E","M","E","T","M","$","E","R","M","R","B",null,"M","$","M","$","M","E","?","R","T","E","?","?","E","M","R","B",null,"M","?","M","?","M","E"],"character_chosen":"DEFECT","items_purchased":["Sweeping Beam","Anchor"],"campfire_rested":1,"item_purchase_floors":[11,19],"current_hp_per_floor":[68,68,68,53,53,53,53,44,44,38,38,39,39,41,41,17,56,53,53,55,55,46,13,13,33,33,37,39,33,41,43,58,14,55,57,57,59,59,38,0],"gold":679,"neow_bonus":"THREE_ENEMY_KILL","is_prod":false,"is_daily":false,"chose_seed":false,"campfire_upgraded":3,"win_rate":0,"timestamp":1571152475,"path_taken":["M","?","?","?","?","E","M","E","T","M","$","E","R","M","R","BOSS","M","$","M","$","M","E","?","R","T","E","?","?","E","M","R","BOSS","M","?","M","?","M","E"],"build_version":"2019-10-14","purchased_purges":2,"victory":false,"max_hp_per_floor":[75,75,75,75,69,69,69,69,69,69,69,69,69,69,69,69,69,69,69,69,69,69,69,69,69,69,69,69,69,69,69,69,69,69,69,69,69,66,66,66],"card_choices":[{"not_picked":["Force Field","Turbo"],"picked":"Compile Driver","floor":1},{"not_picked":["Barrage","Rebound"],"picked":"Ball Lightning","floor":3},{"not_picked":["Barrage","Darkness"],"picked":"Cold Snap","floor":6},{"not_picked":["Stack","Turbo"],"picked":"Gash","floor":7},{"not_picked":["Core Surge","Force Field"],"picked":"Genetic Algorithm","floor":8},{"not_picked":["Blizzard","Redo"],"picked":"Compile Driver","floor":10},{"not_picked":["Double Energy","Rebound"],"picked":"Creative AI","floor":12},{"not_picked":["Double Energy","Blizzard"],"picked":"Gash","floor":14},{"not_picked":["Seek","Thunder Strike"],"picked":"Core Surge","floor":16},{"not_picked":["Barrage","Beam Cell"],"picked":"Gash","floor":18},{"not_picked":["Stack","Heatsinks"],"picked":"Hyperbeam","floor":20},{"not_picked":["Barrage","Compile Driver"],"picked":"Static Discharge","floor":22},{"not_picked":["Rip and Tear","Go for the Eyes"],"picked":"Auto Shields","floor":23},{"not_picked":["All For One","Doom and Gloom"],"picked":"Conserve Battery+1","floor":27},{"not_picked":["Cold Snap","White Noise+1"],"picked":"Coolheaded+1","floor":28},{"not_picked":["Static Discharge","Rebound"],"picked":"Capacitor","floor":30},{"not_picked":["White Noise","Compile Driver"],"picked":"Cold Snap+1","floor":31},{"not_picked":["Fission","Meteor Strike"],"picked":"Reboot","floor":33},{"not_picked":["Auto Shields","Lockon+1"],"picked":"Barrage+1","floor":35},{"not_picked":["Skim","Redo"],"picked":"Storm+1","floor":37},{"not_picked":["Rip and Tear","Turbo+1"],"picked":"Recycle+1","floor":39}],"player_experience":501212,"relics_obtained":[{"floor":6,"key":"Bag of Marbles"},{"floor":8,"key":"Vajra"},{"floor":9,"key":"Oddly Smooth Stone"},{"floor":12,"key":"Blood Vial"},{"floor":23,"key":"Symbiotic Virus"},{"floor":26,"key":"Blue Candle"},{"floor":27,"key":"Eternal Feather"},{"floor":28,"key":"Red Mask"},{"floor":30,"key":"Lantern"}],"event_choices":[{"damage_healed":0,"gold_gain":0,"player_choice":"Paid Gold","damage_taken":0,"relics_obtained":["Meat on the Bone"],"max_hp_gain":0,"max_hp_loss":0,"event_name":"WeMeetAgain","floor":2,"gold_loss":83},{"damage_healed":0,"gold_gain":0,"player_choice":"Entered Light","damage_taken":15,"max_hp_gain":0,"max_hp_loss":0,"event_name":"Shining Light","floor":4,"gold_loss":0,"cards_upgraded":["Defend_B","Strike_B"]},{"damage_healed":0,"gold_gain":0,"player_choice":"Lose Max HP","damage_taken":0,"relics_obtained":["Golden Idol"],"max_hp_gain":0,"max_hp_loss":6,"event_name":"Golden Idol","floor":5,"gold_loss":0},{"damage_healed":0,"gold_gain":0,"player_choice":"Opened","damage_taken":0,"relics_obtained":["InkBottle"],"max_hp_gain":0,"max_hp_loss":0,"event_name":"The Mausoleum","floor":24,"gold_loss":0},{"damage_healed":0,"gold_gain":0,"player_choice":"Fought Bandits","damage_taken":0,"max_hp_gain":0,"max_hp_loss":0,"event_name":"Masked Bandits","floor":28,"gold_loss":0},{"damage_healed":0,"gold_gain":0,"player_choice":"Joined the Cult","damage_taken":6,"max_hp_gain":0,"max_hp_loss":0,"event_name":"Nest","floor":29,"gold_loss":0,"cards_obtained":["RitualDagger"]},{"damage_healed":0,"gold_gain":222,"player_choice":"Wore Mask","damage_taken":0,"max_hp_gain":0,"max_hp_loss":0,"event_name":"Tomb of Lord Red Mask","floor":36,"gold_loss":0},{"damage_healed":0,"gold_gain":0,"player_choice":"Max HP","damage_taken":0,"max_hp_gain":0,"max_hp_loss":3,"event_name":"Winding Halls","floor":38,"gold_loss":0}],"is_beta":true,"boss_relics":[{"not_picked":["Snecko Eye","Nuclear Battery"],"picked":"Runic Pyramid"},{"not_picked":["Tiny House","Runic Dome"],"picked":"Cursed Key"}],"items_purged_floors":[11,21],"is_endless":false,"potions_floor_spawned":[1,3,7,8,12,16,22,23,27,30,33,37,39],"killed_by":"Nemesis","ascension_level":10}