{"gold_per_floor":[12,24,24,99,115,145,145,145],"floor_reached":8,"playtime":2534,"items_purged":[],"score":70,"play_id":"d8841171-fd71-4fc2-a9f2-f40378ab3695","local_time":"20190906212214","is_ascension_mode":true,"campfire_choices":[{"floor":7,"key":"REST"}],"neow_cost":"NO_GOLD","seed_source_timestamp":371361740663697,"circlet_count":0,"master_deck":["Strike_G","Strike_G","Strike_G","Strike_G","Defend_G","Defend_G","Defend_G","Defend_G","Defend_G","Survivor","Neutralize","Terror","Dagger Throw","Outmaneuver","Tactician"],"special_seed":0,"relics":["Ring of the Snake","Ginger","The Specimen"],"potions_floor_usage":[],"damage_taken":[{"damage":2.0,"enemies":"2 Louse","floor":1.0,"turns":4.0},{"damage":1.0,"enemies":"Jaw Worm","floor":2.0,"turns":6.0},{"damage":0.0,"enemies":"Small Slimes","floor":5.0,"turns":2.0},{"damage":29,"enemies":"3 Sentries","floor":6,"turns":14},{"damage":55,"enemies":"Gremlin Nob","floor":8,"turns":5}],"seed_played":"4045855381865717247","potions_obtained":[{"floor":1.0,"key":"Block Potion"},{"floor":5.0,"key":"SmokeBomb"}],"is_trial":false,"path_per_floor":["M","M","?","?","M","E","R","E"],"character_chosen":"THE_SILENT","items_purchased":[],"campfire_rested":1,"item_purchase_floors":[],"current_hp_per_floor":[68,67,67,56,56,27,48,0],"gold":145,"neow_bonus":"ONE_RARE_RELIC","is_prod":false,"is_daily":false,"chose_seed":false,"campfire_upgraded":0,"win_rate":0,"timestamp":1567830134,"path_taken":["M","M","?","?","M","E","R","E"],"build_version":"2019-07-17","purchased_purges":0,"victory":false,"max_hp_per_floor":[70,70,70,70,70,70,70,70],"card_choices":[{"not_picked":["Catalyst","Predator"],"picked":"Terror","floor":1.0},{"not_picked":["Blade Dance","Dodge and Roll"],"picked":"Dagger Throw","floor":2.0},{"not_picked":["Cloak And Dagger","Dagger Throw"],"picked":"Tactician","floor":5.0},{"not_picked":["Underhanded Strike","Predator","Accuracy"],"picked":"SKIP","floor":6}],"player_experience":3129108,"relics_obtained":[{"floor":6,"key":"The Specimen"}],"event_choices":[{"damage_healed":0.0,"max_hp_gain":0.0,"max_hp_loss":0.0,"gold_gain":0.0,"cards_transformed":["Strike_G"],"event_name":"Living Wall","player_choice":"Change","floor":3.0,"gold_loss":0.0,"damage_taken":0.0,"cards_obtained":["Outmaneuver"]},{"damage_healed":0.0,"max_hp_gain":0.0,"max_hp_loss":0.0,"gold_gain":75.0,"event_name":"World of Goop","player_choice":"Gather Gold","floor":4.0,"gold_loss":0.0,"damage_taken":11.0}],"is_beta":false,"boss_relics":[],"items_purged_floors":[],"is_endless":false,"potions_floor_spawned":[1,5],"killed_by":"Gremlin Nob","ascension_level":5}