{"gold_per_floor":[119,136,155,170,100,131,146,146,146,180,4,16,31,206,206,206],"floor_reached":16,"playtime":800,"items_purged":[],"score":120,"play_id":"6552f658-b829-4b0f-b177-52482795db67","local_time":"20190626085335","is_ascension_mode":true,"campfire_choices":[{"floor":15,"key":"REST"}],"neow_cost":"NONE","seed_source_timestamp":1146485751679875,"circlet_count":0,"master_deck":["Strike_R","Strike_R","Strike_R","Strike_R","Strike_R","Defend_R","Defend_R","Defend_R","Bash","Warcry","Feel No Pain","Disarm","True Grit","Inflame","Infernal Blade","Inflame","Apotheosis","Doubt"],"relics":["Burning Blood","NeowsBlessing","Singing Bowl","Bag of Preparation"],"potions_floor_usage":[6,6],"damage_taken":[{"damage":0,"enemies":"Jaw Worm","floor":1,"turns":1},{"damage":0,"enemies":"Cultist","floor":2,"turns":1},{"damage":0,"enemies":"Small Slimes","floor":3,"turns":1},{"damage":15,"enemies":"Looter","floor":4,"turns":4},{"damage":19,"enemies":"3 Sentries","floor":6,"turns":7},{"damage":12,"enemies":"Blue Slaver","floor":7,"turns":5},{"damage":16,"enemies":"Lagavulin","floor":10,"turns":7},{"damage":16,"enemies":"Red Slaver","floor":12,"turns":3},{"damage":35,"enemies":"3 Louse","floor":13,"turns":5},{"damage":34,"enemies":"The Guardian","floor":16,"turns":8}],"seed_played":"-7475256588516406569","potions_obtained":[{"floor":1,"key":"PowerPotion"},{"floor":4,"key":"AttackPotion"},{"floor":6,"key":"Energy Potion"},{"floor":7,"key":"SpeedPotion"}],"is_trial":false,"path_per_floor":["M","M","M","M","$","E","M","?","T","E","$","M","M","?","R","B"],"character_chosen":"IRONCLAD","items_purchased":["Inflame","Apotheosis"],"campfire_rested":1,"item_purchase_floors":[5,11],"current_hp_per_floor":[80,80,80,71,71,58,52,52,52,44,44,36,9,9,34,0],"gold":206,"neow_bonus":"THREE_ENEMY_KILL","is_prod":false,"is_daily":false,"chose_seed":false,"campfire_upgraded":0,"win_rate":0,"timestamp":1561553615,"path_taken":["M","M","M","M","$","E","M","?","T","E","$","M","?","?","R","BOSS"],"build_version":"2019-01-23","purchased_purges":0,"victory":false,"max_hp_per_floor":[80,80,80,80,80,80,80,80,80,82,82,84,86,86,86,86],"card_choices":[{"not_picked":["Sword Boomerang","Thunderclap"],"picked":"Warcry","floor":1},{"not_picked":["Anger","Clothesline"],"picked":"Feel No Pain","floor":2},{"not_picked":["Rampage","Thunderclap"],"picked":"Disarm","floor":3},{"not_picked":["Clothesline","Pommel Strike"],"picked":"True Grit","floor":4},{"not_picked":["Berserk","Body Slam"],"picked":"Infernal Blade","floor":6},{"not_picked":["Whirlwind","Wild Strike"],"picked":"Inflame","floor":7},{"not_picked":["Hemokinesis","Wild Strike","Heavy Blade"],"picked":"Singing Bowl","floor":10},{"not_picked":["Headbutt","Sever Soul","Heavy Blade"],"picked":"Singing Bowl","floor":12},{"not_picked":["Twin Strike","Warcry","Iron Wave"],"picked":"Singing Bowl","floor":13}],"player_experience":222416,"relics_obtained":[{"floor":6,"key":"Singing Bowl"},{"floor":10,"key":"Bag of Preparation"}],"event_choices":[{"cards_removed":["Defend_R"],"damage_healed":0,"gold_gain":0,"player_choice":"Offered Basic","damage_taken":0,"max_hp_gain":0,"max_hp_loss":0,"event_name":"Bonfire Elementals","floor":8,"gold_loss":0},{"damage_healed":0,"gold_gain":175,"player_choice":"AGREE","damage_taken":0,"max_hp_gain":0,"max_hp_loss":0,"event_name":"Liars Game","floor":14,"gold_loss":0,"cards_obtained":["Doubt"]}],"is_beta":false,"boss_relics":[],"items_purged_floors":[],"is_endless":false,"potions_floor_spawned":[1,4,6,7],"killed_by":"The Guardian","ascension_level":1}