{"gold_per_floor":[112,126,139,42,58,93,93,104,104,135,154,154,209,220,220,319,319,339,0,0,18,18,18,18],"floor_reached":24,"playtime":980,"items_purged":["Strike_R"],"score":262,"play_id":"a097b7f4-0719-48b7-8eac-6c51b0512b5c","local_time":"20190810001924","is_ascension_mode":true,"campfire_choices":[{"data":"Uppercut","floor":7,"key":"SMITH"},{"data":"Metallicize","floor":12,"key":"SMITH"},{"floor":15,"key":"REST"},{"data":"Seeing Red","floor":23,"key":"SMITH"}],"neow_cost":"NONE","seed_source_timestamp":972272733509782,"circlet_count":0,"master_deck":["Strike_R","Strike_R","Strike_R","Strike_R","Defend_R","Defend_R","Defend_R","Defend_R","Bash","Cleave","Uppercut+1","Pommel Strike","Pommel Strike","Disarm","Metallicize+1","Feel No Pain","Flame Barrier","Flex","Whirlwind","Heavy Blade","Berserk","Fire Breathing","Metallicize","Armaments","Seeing Red+1"],"relics":["Burning Blood","NeowsBlessing","Meat on the Bone","Shuriken","Blue Candle","Tiny Chest","Coffee Dripper","Kunai"],"potions_floor_usage":[10,10,14,24,24],"damage_taken":[{"damage":0,"enemies":"Cultist","floor":1,"turns":1},{"damage":0,"enemies":"Small Slimes","floor":2,"turns":1},{"damage":0,"enemies":"2 Louse","floor":3,"turns":1},{"damage":0,"enemies":"Large Slime","floor":5,"turns":4},{"damage":30,"enemies":"3 Sentries","floor":6,"turns":6},{"damage":6,"enemies":"Exordium Wildlife","floor":8,"turns":2},{"damage":18,"enemies":"Gremlin Nob","floor":10,"turns":3},{"damage":3,"enemies":"Looter","floor":11,"turns":3},{"damage":23,"enemies":"Lagavulin","floor":13,"turns":7},{"damage":18,"enemies":"Large Slime","floor":14,"turns":6},{"damage":54,"enemies":"The Guardian","floor":16,"turns":15},{"damage":22,"enemies":"Spheric Guardian","floor":18,"turns":7},{"damage":14,"enemies":"Shell Parasite","floor":21,"turns":7},{"damage":75,"enemies":"Gremlin Leader","floor":24,"turns":6}],"seed_played":"-8985788758616163487","potions_obtained":[{"floor":3,"key":"FearPotion"},{"floor":6,"key":"PowerPotion"},{"floor":10,"key":"EntropicBrew"},{"floor":16,"key":"Fire Potion"}],"is_trial":false,"path_per_floor":["M","M","M","$","M","E","R","M","T","E","M","R","E","M","R","B",null,"M","$","?","M","?","R","E"],"character_chosen":"IRONCLAD","items_purchased":["Pommel Strike","Kunai","Metallicize","Armaments"],"campfire_rested":1,"item_purchase_floors":[4,19,19,19],"current_hp_per_floor":[80,80,80,80,80,56,56,56,56,56,59,59,54,54,78,42,80,64,64,64,56,56,56,0],"gold":18,"neow_bonus":"THREE_ENEMY_KILL","is_prod":false,"is_daily":false,"chose_seed":false,"campfire_upgraded":3,"win_rate":0,"timestamp":1565421564,"path_taken":["M","M","M","$","M","E","R","M","T","E","M","R","E","?","R","BOSS","M","$","?","M","?","R","E"],"build_version":"2019-07-17","purchased_purges":1,"victory":false,"max_hp_per_floor":[80,80,80,80,80,80,80,80,80,80,80,80,80,80,80,80,80,80,80,80,80,80,80,80],"card_choices":[{"not_picked":["True Grit","Warcry"],"picked":"Cleave","floor":1},{"not_picked":["Second Wind","Reckless Charge"],"picked":"Uppercut","floor":2},{"not_picked":["Intimidate","Blood for Blood"],"picked":"Pommel Strike","floor":3},{"not_picked":["Iron Wave","Blood for Blood"],"picked":"Disarm","floor":5},{"not_picked":["Dropkick","Flame Barrier"],"picked":"Metallicize","floor":6},{"not_picked":["Corruption","Havoc"],"picked":"Feel No Pain","floor":8},{"not_picked":["Bludgeon","Havoc"],"picked":"Flame Barrier","floor":10},{"not_picked":["Headbutt","Anger"],"picked":"Flex","floor":11},{"not_picked":["Iron Wave","Clash"],"picked":"Whirlwind","floor":13},{"not_picked":["Clothesline","Body Slam"],"picked":"Heavy Blade","floor":14},{"not_picked":["Reaper","Offering"],"picked":"Berserk","floor":16},{"not_picked":["Clothesline","Wild Strike"],"picked":"Fire Breathing","floor":18},{"not_picked":["Flame Barrier+1","Twin Strike"],"picked":"Seeing Red","floor":21}],"player_experience":2805408,"relics_obtained":[{"floor":6,"key":"Meat on the Bone"},{"floor":9,"key":"Shuriken"},{"floor":10,"key":"Blue Candle"},{"floor":13,"key":"Tiny Chest"}],"event_choices":[{"damage_healed":0,"gold_gain":0,"player_choice":"Ignored","damage_taken":0,"max_hp_gain":0,"max_hp_loss":0,"event_name":"Vampires","floor":22,"gold_loss":0}],"is_beta":false,"boss_relics":[{"not_picked":["Calling Bell","White Beast Statue"],"picked":"Coffee Dripper"}],"items_purged_floors":[4],"is_endless":false,"potions_floor_spawned":[3,6,10,14,16,18],"killed_by":"Gremlin Leader","ascension_level":4}