{"path_per_floor":["M","M","M","M","M","R","E","$","T","R","M","T","?","M","R","B",null,"M","?","?","M","?","R","$","M","T"],"character_chosen":"THE_SILENT","items_purchased":["Bag of Preparation"],"gold_per_floor":[116,126,141,153,165,165,192,40,66,66,83,83,83,101,101,196,226,246,246,0,15,15,15,15,26,78,78],"floor_reached":27,"campfire_rested":1,"playtime":3446,"current_hp_per_floor":[68,60,60,48,48,48,34,34,34,34,28,28,28,28,49,19,75,67,67,67,50,50,50,50,32,32,0],"items_purged":[],"gold":78,"score":237,"play_id":"70d40570-8a84-4bbc-823b-fc025fa9e7f4","local_time":"20180523182041","is_prod":false,"is_daily":false,"chose_seed":false,"is_ascension_mode":true,"campfire_upgraded":3,"timestamp":1527124841,"campfire_choices":[{"data":"Neutralize","floor":6,"key":"SMITH"},{"data":"Burst","floor":10,"key":"SMITH"},{"floor":15,"key":"REST"},{"data":"Envenom","floor":23,"key":"SMITH"}],"path_taken":["M","M","?","M","M","R","E","?","T","R","M","?","?","M","R","BOSS","M","?","?","M","?","R","$","M","T","M"],"build_version":"2018-05-17","seed_source_timestamp":248185252928,"purchased_purges":1,"victory":false,"master_deck":["Defend_G","Defend_G","Defend_G","Defend_G+1","Defend_G","Strike_G","Strike_G","Strike_G+1","Strike_G","Survivor","Neutralize+1","Outmaneuver+1","Well Laid Plans","Burst+1","Envenom+1","Leg Sweep","Escape Plan","Dagger Throw"],"max_hp_per_floor":[70,70,70,70,70,70,70,70,70,70,70,70,70,70,70,70,75,75,75,75,75,75,75,75,75,75,75],"relics":["Ring of the Snake","War Paint","Bag of Preparation","Orichalcum","Bottled Tornado","Tiny House","Vajra"],"card_choices":[{"not_picked":["Dagger Throw","PiercingWail"],"picked":"Outmaneuver","floor":1},{"not_picked":["Dodge and Roll","Dagger Throw","Slice"],"picked":"SKIP","floor":2},{"not_picked":["Terror","Quick Slash","Prepared"],"picked":"SKIP","floor":3},{"not_picked":["Slice","Caltrops","Setup"],"picked":"SKIP","floor":4},{"not_picked":["Cloak And Dagger","Outmaneuver"],"picked":"Well Laid Plans","floor":5},{"not_picked":["Malaise","Escape Plan"],"picked":"Burst","floor":7},{"not_picked":["Underhanded Strike","Caltrops","Flechettes"],"picked":"SKIP","floor":11},{"not_picked":["Quick Slash","Well Laid Plans","Slice"],"picked":"SKIP","floor":14},{"not_picked":["Die Die Die","Wraith Form v2"],"picked":"Envenom","floor":16},{"not_picked":["Flying Knee","Bane"],"picked":"Leg Sweep","floor":17},{"not_picked":["Caltrops","PiercingWail+1"],"picked":"Escape Plan","floor":18},{"not_picked":["PiercingWail","Masterful Stab+1","Finisher"],"picked":"SKIP","floor":21},{"not_picked":["Masterful Stab","Bane"],"picked":"Dagger Throw","floor":25}],"player_experience":311559,"potions_floor_usage":[7,18,18],"damage_taken":[{"damage":2,"enemies":"Cultist","floor":1,"turns":4},{"damage":8,"enemies":"Jaw Worm","floor":2,"turns":6},{"damage":0,"enemies":"Small Slimes","floor":3,"turns":5},{"damage":12,"enemies":"3 Louse","floor":4,"turns":6},{"damage":0,"enemies":"Exordium Wildlife","floor":5,"turns":5},{"damage":14,"enemies":"Lagavulin","floor":7,"turns":10},{"damage":6,"enemies":"Looter","floor":11,"turns":5},{"damage":0,"enemies":"3 Louse","floor":14,"turns":5},{"damage":30,"enemies":"The Guardian","floor":16,"turns":32},{"damage":8,"enemies":"Chosen","floor":18,"turns":9},{"damage":17,"enemies":"Shell Parasite","floor":21,"turns":22},{"damage":18,"enemies":"Centurion and Healer","floor":25,"turns":23},{"damage":38,"enemies":"Slaver and Parasite","floor":27,"turns":5}],"relics_obtained":[{"floor":7,"key":"War Paint"},{"floor":9,"key":"Orichalcum"},{"floor":12,"key":"Bottled Tornado"},{"floor":26,"key":"Vajra"}],"event_choices":[{"event_name":"Dead Adventurer","player_choice":"Searched \u00270\u0027 times","floor":13,"damage_taken":0},{"event_name":"Ghosts","player_choice":"Ignored","floor":19,"damage_taken":0},{"event_name":"Masked Bandits","player_choice":"Paid Bandits 246 gold","floor":20,"damage_taken":0},{"event_name":"Cursed Tome","player_choice":"Ignored","floor":22,"damage_taken":0}],"boss_relics":[{"not_picked":["Philosopher\u0027s Stone","White Beast Statue"],"picked":"Tiny House"}],"potions_floor_spawned":[5,7,18],"seed_played":"3834099871438983182","killed_by":"Slaver and Parasite","ascension_level":2,"potions_obtained":[{"floor":5,"key":"Poison Potion"},{"floor":7,"key":"Block Potion"},{"floor":17,"key":"AttackPotion"},{"floor":18,"key":"EssenceOfSteel"}],"is_trial":false}