{"gold_per_floor":[117,117,135,150,166,166,200,210,210,175,18,18,18,38,38,138,138,149,149,23,34,53,85,85,118,118,118,131,164,184,59,59,160,160,172,190,208,208],"floor_reached":38,"playtime":2885,"items_purged":["Strike_G","Strike_G","Regret"],"score":610,"play_id":"fe511e78-2caf-4892-b2f8-0a4488f89c3e","local_time":"20191004195655","is_ascension_mode":true,"campfire_choices":[{"data":"Crippling Poison","floor":6,"key":"SMITH"},{"data":"Panacea","floor":12,"key":"SMITH"},{"floor":15,"key":"REST"},{"data":"Cloak And Dagger","floor":24,"key":"SMITH"},{"data":"Malaise","floor":27,"key":"SMITH"},{"floor":32,"key":"REST"}],"neow_cost":"NONE","seed_source_timestamp":460507748262900,"circlet_count":0,"master_deck":["Strike_G","Strike_G","Strike_G","Defend_G","Defend_G","Defend_G","Defend_G+1","Defend_G","Survivor","Neutralize","CurseOfTheBell","Noxious Fumes+1","Infinite Blades","Crippling Poison+1","Footwork","Noxious Fumes","PiercingWail","Panacea+1","PiercingWail","Malaise+1","Dagger Spray","Cloak And Dagger+1","Backflip","Deflect","Acrobatics+1","Quick Slash","Die Die Die","PiercingWail","Bouncing Flask","Well Laid Plans+1","Corpse Explosion","Bane+1","Deflect+1"],"special_seed":0,"relics":["Calling Bell","Oddly Smooth Stone","Letter Opener","Dead Branch","Smiling Mask","Kunai","White Beast Statue","Cursed Key","Question Card","Dodecahedron","Pantograph","Frozen Egg 2","Coffee Dripper"],"potions_floor_usage":[5,7,16,23,25,28,29,29,30,33,37,38],"damage_taken":[{"damage":4.0,"enemies":"Jaw Worm","floor":1.0,"turns":6.0},{"damage":6.0,"enemies":"Small Slimes","floor":3.0,"turns":4.0},{"damage":0.0,"enemies":"2 Louse","floor":4.0,"turns":3.0},{"damage":1,"enemies":"Gremlin Gang","floor":5,"turns":3},{"damage":23,"enemies":"3 Sentries","floor":7,"turns":7},{"damage":7,"enemies":"Lots of Slimes","floor":8,"turns":3},{"damage":8,"enemies":"Red Slaver","floor":14,"turns":4},{"damage":9,"enemies":"Slime Boss","floor":16,"turns":9},{"damage":0,"enemies":"Chosen","floor":18,"turns":6},{"damage":0,"enemies":"Spheric Guardian","floor":21,"turns":5},{"damage":0,"enemies":"Centurion and Healer","floor":22,"turns":6},{"damage":19,"enemies":"Slavers","floor":23,"turns":4},{"damage":0,"enemies":"Book of Stabbing","floor":25,"turns":7},{"damage":5,"enemies":"Snecko","floor":28,"turns":5},{"damage":18,"enemies":"Gremlin Leader","floor":29,"turns":7},{"damage":14,"enemies":"Shelled Parasite and Fungi","floor":30,"turns":6},{"damage":25,"enemies":"Collector","floor":33,"turns":10},{"damage":30,"enemies":"3 Darklings","floor":35,"turns":4},{"damage":0,"enemies":"3 Shapes","floor":36,"turns":2},{"damage":28,"enemies":"Sphere and 2 Shapes","floor":37,"turns":5},{"damage":8,"enemies":"3 Darklings","floor":38,"turns":1}],"seed_played":"3028618556332340795","potions_obtained":[{"floor":3.0,"key":"Block Potion"},{"floor":4.0,"key":"Swift Potion"},{"floor":8,"key":"Explosive Potion"},{"floor":14,"key":"PowerPotion"},{"floor":16,"key":"Fruit Juice"},{"floor":18,"key":"Energy Potion"},{"floor":22,"key":"AttackPotion"},{"floor":23,"key":"CunningPotion"},{"floor":25,"key":"SpeedPotion"},{"floor":28,"key":"PowerPotion"},{"floor":29,"key":"EssenceOfSteel"},{"floor":30,"key":"SteroidPotion"},{"floor":33,"key":"Poison Potion"},{"floor":35,"key":"LiquidBronze"},{"floor":36,"key":"GamblersBrew"},{"floor":37,"key":"Swift Potion"}],"is_trial":false,"path_per_floor":["M","?","M","M","M","R","E","M","T","?","$","R","?","M","R","B",null,"M","?","$","M","M","E","R","E","T","R","M","E","M","$","R","B",null,"M","M","M","M"],"character_chosen":"THE_SILENT","items_purchased":["PiercingWail","Panacea","Cloak And Dagger","Backflip","Well Laid Plans+1"],"campfire_rested":2,"item_purchase_floors":[11,11,20,20,31],"current_hp_per_floor":[66,52,46,46,45,45,22,15,15,32,32,32,29,21,42,38,66,66,66,66,66,66,47,47,47,47,47,42,24,10,10,32,32,64,34,34,6,0],"gold":208,"neow_bonus":"BOSS_RELIC","is_prod":false,"is_daily":false,"chose_seed":false,"campfire_upgraded":4,"win_rate":0,"timestamp":1570237015,"path_taken":["M","?","M","M","M","R","E","M","T","?","$","R","?","M","R","BOSS","M","?","$","M","M","E","R","E","T","R","?","E","M","$","R","BOSS","M","?","M","M"],"build_version":"2019-10-04","purchased_purges":3,"victory":false,"max_hp_per_floor":[70,70,70,70,70,70,70,70,70,70,70,70,70,70,70,75,75,75,75,75,75,75,75,75,75,75,75,75,75,75,75,75,75,75,75,75,75,75],"card_choices":[{"not_picked":["Blade Dance","PiercingWail"],"picked":"Noxious Fumes","floor":1.0},{"not_picked":["Underhanded Strike","Outmaneuver"],"picked":"Infinite Blades","floor":3.0},{"not_picked":["Acrobatics","Blade Dance"],"picked":"Crippling Poison","floor":4.0},{"not_picked":["Finisher","Quick Slash"],"picked":"Footwork","floor":5},{"not_picked":["Heel Hook","Expertise","Eviscerate"],"picked":"SKIP","floor":7},{"not_picked":["Underhanded Strike","Choke"],"picked":"Noxious Fumes","floor":8},{"not_picked":["Expertise","Deflect"],"picked":"PiercingWail","floor":14},{"not_picked":["Glass Knife","Unload"],"picked":"Malaise","floor":16},{"not_picked":["Slice","Outmaneuver"],"picked":"Dagger Spray","floor":18},{"not_picked":["Dagger Spray","Outmaneuver"],"picked":"Deflect","floor":21},{"not_picked":["Prepared","Doppelganger"],"picked":"Acrobatics+1","floor":22},{"not_picked":["Heel Hook","Footwork+1"],"picked":"Quick Slash","floor":23},{"not_picked":["Sucker Punch+1","Slice+1","Blade Dance"],"picked":"Die Die Die","floor":25},{"not_picked":["Footwork+1","Dagger Spray+1","Finisher"],"picked":"PiercingWail","floor":28},{"not_picked":["Footwork","PiercingWail","Distraction"],"picked":"Bouncing Flask","floor":29},{"not_picked":["Eviscerate","Quick Slash","Dash","Flying Knee"],"picked":"SKIP","floor":30},{"not_picked":["A Thousand Cuts+1","Storm of Steel","Die Die Die"],"picked":"Corpse Explosion","floor":33},{"not_picked":["Dagger Spray+1","Infinite Blades+1","Outmaneuver+1","Dodge and Roll"],"picked":"SKIP","floor":35},{"not_picked":["PiercingWail+1","Dodge and Roll","Deflect+1"],"picked":"Bane+1","floor":36},{"not_picked":["Dagger Spray+1","Backflip+1","Blade Dance"],"picked":"Deflect+1","floor":37}],"player_experience":385209,"relics_obtained":[{"floor":0.0,"key":"Oddly Smooth Stone"},{"floor":0.0,"key":"Letter Opener"},{"floor":0.0,"key":"Dead Branch"},{"floor":7,"key":"Smiling Mask"},{"floor":9,"key":"Kunai"},{"floor":23,"key":"Question Card"},{"floor":25,"key":"Dodecahedron"},{"floor":26,"key":"Pantograph"},{"floor":29,"key":"Frozen Egg 2"}],"event_choices":[{"damage_healed":0.0,"max_hp_gain":0.0,"max_hp_loss":0.0,"gold_gain":0.0,"event_name":"Shining Light","player_choice":"Entered Light","floor":2.0,"gold_loss":0.0,"damage_taken":14.0,"cards_upgraded":["Noxious Fumes","Defend_G"]},{"damage_healed":17,"gold_gain":0,"player_choice":"Healed","damage_taken":0,"max_hp_gain":0,"max_hp_loss":0,"event_name":"The Cleric","floor":10,"gold_loss":35},{"damage_healed":0,"gold_gain":0,"player_choice":"Success","damage_taken":3,"relics_obtained":["White Beast Statue"],"max_hp_gain":0,"max_hp_loss":0,"event_name":"Scrap Ooze","floor":13,"gold_loss":0},{"damage_healed":0,"gold_gain":0,"player_choice":"Bought 0 Potions","damage_taken":0,"max_hp_gain":0,"max_hp_loss":0,"event_name":"The Woman in Blue","floor":19,"gold_loss":0}],"is_beta":true,"boss_relics":[{"not_picked":["SlaversCollar","Astrolabe"],"picked":"Cursed Key"},{"not_picked":["Tiny House","SacredBark"],"picked":"Coffee Dripper"}],"items_purged_floors":[11,20,31],"is_endless":false,"potions_floor_spawned":[3,4,8,14,16,18,21,22,23,25,28,29,30,33,35,36,37],"killed_by":"3 Darklings","ascension_level":5}