{"path_per_floor":["M","?","M","?","M","E","R","M","T","M","R","T","M","E","R","B",null,"M","?","?","$","M","R","?","T","T","R","M","?","$"],"character_chosen":"IRONCLAD","items_purchased":["Spot Weakness","Flex"],"gold_per_floor":[119,119,134,134,157,191,191,206,230,245,245,245,266,305,305,425,425,449,449,449,337,362,362,362,362,388,388,403,318,173,173],"floor_reached":31,"campfire_rested":2,"playtime":20588,"current_hp_per_floor":[80,80,80,60,61,53,53,57,57,57,57,57,49,46,70,52,80,60,60,52,52,21,45,45,45,45,45,55,55,55,0],"items_purged":["Power Through","Strike_R"],"gold":173,"score":243,"play_id":"ecdcd58b-98ca-48c4-9040-441ad45eb662","local_time":"20180429020448","is_prod":false,"is_daily":false,"chose_seed":false,"is_ascension_mode":false,"campfire_upgraded":3,"timestamp":1524992688,"path_taken":["M","?","M","?","?","E","R","M","T","M","R","?","M","E","R","BOSS","M","?","?","$","M","R","?","?","T","R","M","?","$","M"],"build_version":"2018-04-26","seed_source_timestamp":33131910717907,"purchased_purges":2,"victory":false,"master_deck":["Strike_R","Strike_R","Defend_R","Defend_R","Defend_R","Defend_R","Bash","Heavy Blade","Flex+1","Body Slam+1","Headbutt","Heavy Blade","Cleave","Barricade","Whirlwind+1","Spot Weakness","Pommel Strike+1","True Grit+1","Flex"],"max_hp_per_floor":[80,80,80,80,80,80,80,80,80,80,80,80,80,80,80,80,80,80,80,80,80,80,80,80,80,80,80,80,80,80,80],"relics":["Black Blood","Golden Idol","Pen Nib","Bag of Marbles","Peace Pipe","Juzu Bracelet","Pantograph","Orichalcum","Darkstone Periapt"],"card_choices":[{"not_picked":["Havoc","Feel No Pain"],"picked":"Heavy Blade","floor":1},{"not_picked":["Shrug It Off","Thunderclap"],"picked":"Flex","floor":3},{"not_picked":["Disarm","Clash"],"picked":"Body Slam","floor":5},{"not_picked":["Dropkick","Sword Boomerang"],"picked":"Headbutt","floor":6},{"not_picked":["Second Wind","Hemokinesis"],"picked":"Heavy Blade","floor":8},{"not_picked":["Infernal Blade","Spot Weakness"],"picked":"Cleave","floor":13},{"not_picked":["Feed","Berserk"],"picked":"Barricade","floor":16},{"not_picked":["Wild Strike","Body Slam"],"picked":"Whirlwind","floor":18},{"not_picked":["Armaments","Carnage"],"picked":"Pommel Strike","floor":22},{"not_picked":["Anger","Sword Boomerang"],"picked":"True Grit","floor":28}],"player_experience":94464,"potions_floor_usage":[6,8,18],"damage_taken":[{"damage":1,"enemies":"Cultist","floor":1,"turns":3},{"damage":0,"enemies":"2 Louse","floor":3,"turns":3},{"damage":5,"enemies":"Small Slimes","floor":5,"turns":3},{"damage":14,"enemies":"Gremlin Nob","floor":6,"turns":3},{"damage":2,"enemies":"3 Louse","floor":8,"turns":2},{"damage":6,"enemies":"Exordium Wildlife","floor":10,"turns":4},{"damage":14,"enemies":"Exordium Thugs","floor":13,"turns":3},{"damage":9,"enemies":"3 Sentries","floor":14,"turns":6},{"damage":24,"enemies":"Slime Boss","floor":16,"turns":6},{"damage":30,"enemies":"3 Byrds","floor":18,"turns":6},{"damage":41,"enemies":"Spheric Guardian","floor":22,"turns":6},{"damage":0,"enemies":"Snecko","floor":28,"turns":2},{"damage":60,"enemies":"Chosen and Byrds","floor":31,"turns":7}],"event_choices":[{"event_name":"The Woman in Blue","player_choice":"Bought 0 Potions","floor":2,"damage_taken":0},{"event_name":"Golden Idol","player_choice":"Take Damage","floor":4,"damage_taken":0},{"event_name":"Transmorgrifier","player_choice":"Transform","floor":19,"damage_taken":0},{"event_name":"Knowing Skull","player_choice":"","floor":20,"damage_taken":0},{"event_name":"Accursed Blacksmith","player_choice":"Ignore","floor":24,"damage_taken":0},{"event_name":"Addict","player_choice":"Obtained Relic","floor":29,"damage_taken":0}],"boss_relics":[{"not_picked":["White Beast Statue","Eternal Feather"],"picked":"Black Blood"}],"potions_floor_spawned":[1,6,8,16,22,28],"seed_played":"8992312035917094182","killed_by":"Chosen and Byrds","ascension_level":0,"is_trial":false}