{"gold_per_floor":[114,114,129,79,79,79,137,137,137,165,165,340,265,15,15,111,111,128,128,59,59,59,86,86,117,117,117,136,136,147,157,157,256,256,268,268,44,44,44,78,26,26,53,29,42,53,0,12,12,12],"floor_reached":51,"playtime":4748,"items_purged":["Doubt"],"score":759,"play_id":"3099fa2f-be76-4369-b96a-c9c0dd684075","local_time":"20190818170538","is_ascension_mode":true,"campfire_choices":[{"data":"Neutralize","floor":6,"key":"SMITH"},{"data":"Caltrops","floor":8,"key":"SMITH"},{"data":"Leg Sweep","floor":11,"key":"SMITH"},{"data":"Cloak And Dagger","floor":15,"key":"SMITH"},{"floor":24,"key":"REST"},{"floor":27,"key":"REST"},{"data":"Footwork","floor":29,"key":"SMITH"},{"floor":32,"key":"REST"},{"floor":42,"key":"REST"},{"floor":49,"key":"REST"}],"neow_cost":"NONE","seed_source_timestamp":226521950149200,"circlet_count":0,"master_deck":["Strike_G","Strike_G","Strike_G","Strike_G","Strike_G","Defend_G","Defend_G","Defend_G","Defend_G","Survivor","Neutralize+1","Leg Sweep+1","Backflip","Caltrops+1","Backstab","Cloak And Dagger+1","A Thousand Cuts","Dagger Spray","Footwork+1","Accuracy","Infinite Blades","Acrobatics+1","Blur","Dodge and Roll+1","Die Die Die","Accuracy","Trip","Expertise+1","Cloak And Dagger","PiercingWail","Finisher","Cloak And Dagger+1","Escape Plan"],"relics":["Ring of the Serpent","NeowsBlessing","Bag of Marbles","Tiny Chest","Bag of Preparation","Shuriken","Strange Spoon","MutagenicStrength","Meat on the Bone","Kunai","Darkstone Periapt","WristBlade","Bronze Scales","Matryoshka","Juzu Bracelet","Oddly Smooth Stone","Red Mask"],"potions_floor_usage":[10,23,23,25,33,50,50],"damage_taken":[{"damage":0,"enemies":"Cultist","floor":1,"turns":1},{"damage":0,"enemies":"Small Slimes","floor":3,"turns":1},{"damage":0,"enemies":"Gremlin Nob","floor":7,"turns":1},{"damage":18,"enemies":"3 Sentries","floor":10,"turns":10},{"damage":12,"enemies":"The Guardian","floor":16,"turns":9},{"damage":15,"enemies":"2 Thieves","floor":18,"turns":5},{"damage":20,"enemies":"Book of Stabbing","floor":23,"turns":5},{"damage":48,"enemies":"Slavers","floor":25,"turns":7},{"damage":7,"enemies":"Spheric Guardian","floor":28,"turns":5},{"damage":13,"enemies":"Snecko","floor":30,"turns":5},{"damage":16,"enemies":"Snake Plant","floor":31,"turns":4},{"damage":14,"enemies":"Collector","floor":33,"turns":12},{"damage":0,"enemies":"Orb Walker","floor":35,"turns":1},{"damage":59,"enemies":"Reptomancer","floor":40,"turns":7},{"damage":0,"enemies":"3 Shapes","floor":45,"turns":4},{"damage":9,"enemies":"Maw","floor":46,"turns":7},{"damage":17,"enemies":"3 Darklings","floor":48,"turns":6},{"damage":45,"enemies":"Time Eater","floor":50,"turns":10}],"seed_played":"1499492870871853832","potions_obtained":[{"floor":3,"key":"SpeedPotion"},{"floor":7,"key":"Swift Potion"},{"floor":16,"key":"LiquidBronze"},{"floor":18,"key":"Fire Potion"},{"floor":30,"key":"SteroidPotion"},{"floor":40,"key":"GamblersBrew"},{"floor":48,"key":"Block Potion"}],"is_trial":false,"path_per_floor":["M","T","M","?","?","R","E","R","T","E","R","?","$","$","R","B",null,"M","?","$","?","?","E","R","E","T","R","M","R","M","M","R","B",null,"M","?","$","?","$","E","$","R","T","$","M","M","?","M","R","B",null],"character_chosen":"THE_SILENT","items_purchased":["Cloak And Dagger","Strange Spoon","Accuracy","Bronze Scales","Accuracy","Cloak And Dagger","PiercingWail"],"campfire_rested":5,"item_purchase_floors":[14,14,20,37,37,41,44],"current_hp_per_floor":[70,70,70,70,75,75,75,75,75,57,57,57,57,57,57,45,75,60,60,60,60,60,40,62,26,26,48,41,41,40,36,58,44,75,75,71,71,71,71,24,24,45,45,45,45,36,36,31,52,19],"gold":12,"neow_bonus":"THREE_ENEMY_KILL","is_prod":false,"is_daily":false,"chose_seed":false,"campfire_upgraded":5,"win_rate":0,"timestamp":1566165938,"path_taken":["M","?","M","?","?","R","E","R","T","E","R","?","?","$","R","BOSS","M","?","$","?","?","E","R","E","T","R","M","R","M","M","R","BOSS","M","?","$","?","?","E","?","R","T","$","M","M","?","M","R","BOSS"],"build_version":"2019-07-17","purchased_purges":1,"victory":true,"max_hp_per_floor":[70,70,70,70,75,75,75,75,75,75,75,75,75,75,75,75,75,75,75,75,75,75,75,75,75,75,75,75,75,75,75,75,75,75,75,71,71,71,71,71,71,71,71,71,71,71,71,71,71,71],"card_choices":[{"not_picked":["Bane","Quick Slash"],"picked":"Leg Sweep","floor":1},{"not_picked":["Acrobatics","Deadly Poison"],"picked":"Backflip","floor":3},{"not_picked":["Finisher","Dodge and Roll"],"picked":"Caltrops","floor":7},{"not_picked":["Doppelganger","Expertise"],"picked":"Backstab","floor":10},{"not_picked":["Adrenaline","Doppelganger"],"picked":"A Thousand Cuts","floor":16},{"not_picked":["Dodge and Roll","Concentrate"],"picked":"Dagger Spray","floor":18},{"not_picked":["Reflex","All Out Attack"],"picked":"Infinite Blades","floor":23},{"not_picked":["Heel Hook+1","Storm of Steel"],"picked":"Acrobatics+1","floor":25},{"not_picked":["Flying Knee","Bane"],"picked":"Blur","floor":28},{"not_picked":["Blur","Noxious Fumes","Quick Slash"],"picked":"SKIP","floor":30},{"not_picked":["Dagger Throw","Backflip"],"picked":"Dodge and Roll+1","floor":31},{"not_picked":["Glass Knife","Doppelganger"],"picked":"Die Die Die","floor":33},{"not_picked":["Backflip","Acrobatics","Outmaneuver+1"],"picked":"SKIP","floor":35},{"not_picked":["Good Instincts","Purity"],"picked":"Trip","floor":38},{"not_picked":["Bane","Crippling Poison+1"],"picked":"Expertise+1","floor":40},{"not_picked":["A Thousand Cuts","Choke"],"picked":"Finisher","floor":45},{"not_picked":["Prepared+1","Flechettes+1"],"picked":"Cloak And Dagger+1","floor":46},{"not_picked":["PiercingWail","Quick Slash+1"],"picked":"Escape Plan","floor":48}],"player_experience":174753,"relics_obtained":[{"floor":2,"key":"Bag of Marbles"},{"floor":7,"key":"Tiny Chest"},{"floor":9,"key":"Bag of Preparation"},{"floor":10,"key":"Shuriken"},{"floor":23,"key":"Meat on the Bone"},{"floor":25,"key":"Kunai"},{"floor":26,"key":"Darkstone Periapt"},{"floor":40,"key":"Matryoshka"},{"floor":43,"key":"Juzu Bracelet"},{"floor":43,"key":"Oddly Smooth Stone"}],"event_choices":[{"cards_removed":["Defend_G"],"damage_healed":0,"gold_gain":0,"player_choice":"Card Removal","damage_taken":0,"max_hp_gain":0,"max_hp_loss":0,"event_name":"The Cleric","floor":4,"gold_loss":50},{"damage_healed":0,"gold_gain":0,"player_choice":"Donut","damage_taken":0,"max_hp_gain":5,"max_hp_loss":0,"event_name":"Big Fish","floor":5,"gold_loss":0},{"damage_healed":0,"gold_gain":175,"player_choice":"AGREE","damage_taken":0,"max_hp_gain":0,"max_hp_loss":0,"event_name":"Liars Game","floor":12,"gold_loss":0,"cards_obtained":["Doubt"]},{"damage_healed":0,"gold_gain":0,"player_choice":"Read","damage_taken":0,"max_hp_gain":0,"max_hp_loss":0,"event_name":"The Library","floor":19,"gold_loss":0,"cards_obtained":["Footwork"]},{"damage_healed":0,"gold_gain":0,"player_choice":"Inject Mutagens","damage_taken":0,"relics_obtained":["MutagenicStrength"],"max_hp_gain":0,"max_hp_loss":0,"event_name":"Drug Dealer","floor":22,"gold_loss":0},{"damage_healed":0,"gold_gain":0,"player_choice":"Max HP","damage_taken":0,"max_hp_gain":0,"max_hp_loss":4,"event_name":"Winding Halls","floor":36,"gold_loss":0},{"damage_healed":0,"gold_gain":0,"player_choice":"Memory 1","damage_taken":0,"max_hp_gain":0,"max_hp_loss":0,"event_name":"SensoryStone","floor":38,"gold_loss":0},{"damage_healed":0,"gold_gain":0,"player_choice":"Paid","damage_taken":0,"relics_obtained":["Red Mask"],"max_hp_gain":0,"max_hp_loss":0,"event_name":"Tomb of Lord Red Mask","floor":47,"gold_loss":53}],"is_beta":false,"boss_relics":[{"not_picked":["HoveringKite","Calling Bell"],"picked":"Ring of the Serpent"},{"not_picked":["Orrery","Eternal Feather"],"picked":"WristBlade"}],"items_purged_floors":[13],"is_endless":false,"potions_floor_spawned":[3,7,16,18,30,40,48],"ascension_level":2}