{"gold_per_floor":[15,28,28,128,138,164,164,196,247,247,259,279,290,240,240,336,336,321,321,335,335],"floor_reached":21,"playtime":41808,"items_purged":[],"score":239,"play_id":"07b0e773-ffb2-47a2-9831-4622cf66c4ff","local_time":"20190907123103","is_ascension_mode":true,"campfire_choices":[{"floor":7,"key":"REST"},{"floor":10,"key":"REST"},{"data":"Choke","floor":15,"key":"SMITH"}],"neow_cost":"NO_GOLD","seed_source_timestamp":389074993672832,"circlet_count":0,"master_deck":["Strike_G","Strike_G","Strike_G","Defend_G","Defend_G","Defend_G","Defend_G","Defend_G","Survivor","Neutralize","Dagger Throw","Calculated Gamble","PiercingWail","Dash","Heel Hook","Blade Dance","Blade Dance","Outmaneuver","Choke+1","Envenom+1","Sucker Punch+1","Infinite Blades"],"relics":["Ring of the Snake","Tough Bandages","Shuriken","Omamori","Sozu"],"potions_floor_usage":[6,20],"damage_taken":[{"damage":0,"enemies":"Jaw Worm","floor":1,"turns":5},{"damage":0,"enemies":"2 Louse","floor":2,"turns":3},{"damage":0,"enemies":"Cultist","floor":5,"turns":4},{"damage":31,"enemies":"Gremlin Nob","floor":6,"turns":5},{"damage":18,"enemies":"3 Sentries","floor":8,"turns":9},{"damage":0,"enemies":"Blue Slaver","floor":11,"turns":4},{"damage":0,"enemies":"Red Slaver","floor":12,"turns":4},{"damage":4,"enemies":"Large Slime","floor":13,"turns":6},{"damage":47,"enemies":"Slime Boss","floor":16,"turns":8},{"damage":16,"enemies":"2 Thieves","floor":18,"turns":5},{"damage":0,"enemies":"Chosen","floor":20,"turns":6},{"damage":41,"enemies":"Sentry and Sphere","floor":21,"turns":5}],"seed_played":"5635408363766600923","potions_obtained":[{"floor":2,"key":"GamblersBrew"},{"floor":6,"key":"PowerPotion"},{"floor":8,"key":"Strength Potion"},{"floor":12,"key":"SpeedPotion"},{"floor":13,"key":"GhostInAJar"},{"floor":16,"key":"Regen Potion"}],"is_trial":false,"path_per_floor":["M","M","?","?","M","E","R","E","T","R","M","M","M","?","R","B",null,"M","?","M","M"],"character_chosen":"THE_SILENT","items_purchased":[],"campfire_rested":2,"item_purchase_floors":[],"current_hp_per_floor":[70,70,70,70,70,39,60,42,42,63,63,63,59,59,59,12,56,40,40,40,0],"gold":335,"neow_bonus":"ONE_RARE_RELIC","is_prod":false,"is_daily":false,"chose_seed":false,"campfire_upgraded":1,"win_rate":0,"timestamp":1567884663,"path_taken":["M","M","?","?","M","E","R","E","T","R","?","M","M","?","R","BOSS","M","?","?","M"],"build_version":"2019-07-17","purchased_purges":0,"victory":false,"max_hp_per_floor":[70,70,70,70,70,70,70,70,70,70,70,70,70,70,70,70,70,70,70,70,70],"card_choices":[{"not_picked":["Acrobatics","Dagger Spray"],"picked":"Dagger Throw","floor":1},{"not_picked":["Deadly Poison","Dodge and Roll"],"picked":"Calculated Gamble","floor":2},{"not_picked":["Blade Dance","Crippling Poison"],"picked":"Dash","floor":5},{"not_picked":["Night Terror","Dodge and Roll"],"picked":"Heel Hook","floor":6},{"not_picked":["Deadly Poison","Prepared"],"picked":"Blade Dance","floor":8},{"not_picked":["Malaise","Deflect"],"picked":"Blade Dance","floor":11},{"not_picked":["Slice","Quick Slash"],"picked":"Outmaneuver","floor":12},{"not_picked":["Acrobatics","Slice"],"picked":"Choke","floor":13},{"not_picked":["Die Die Die","Night Terror"],"picked":"Envenom","floor":16},{"not_picked":["Backflip+1","Outmaneuver+1"],"picked":"Sucker Punch+1","floor":18},{"not_picked":["Backstab","Setup"],"picked":"Infinite Blades","floor":20}],"player_experience":3142540,"relics_obtained":[{"floor":6,"key":"Shuriken"},{"floor":8,"key":"Omamori"}],"event_choices":[{"damage_healed":0,"gold_gain":0,"cards_transformed":["Strike_G"],"player_choice":"Change","damage_taken":0,"max_hp_gain":0,"max_hp_loss":0,"event_name":"Living Wall","floor":3,"gold_loss":0,"cards_obtained":["PiercingWail"]},{"damage_healed":0,"gold_gain":100,"player_choice":"Pray","damage_taken":0,"max_hp_gain":0,"max_hp_loss":0,"event_name":"Golden Shrine","floor":4,"gold_loss":0},{"cards_removed":["Strike_G"],"damage_healed":0,"gold_gain":0,"player_choice":"Card Removal","damage_taken":0,"max_hp_gain":0,"max_hp_loss":0,"event_name":"The Cleric","floor":14,"gold_loss":50},{"damage_healed":0,"gold_gain":0,"player_choice":"Upgraded","damage_taken":0,"max_hp_gain":0,"max_hp_loss":0,"event_name":"Upgrade Shrine","floor":19,"gold_loss":0,"cards_upgraded":["Envenom"]}],"is_beta":false,"boss_relics":[{"not_picked":["White Beast Statue","Coffee Dripper"],"picked":"Sozu"}],"items_purged_floors":[],"is_endless":false,"potions_floor_spawned":[2,6,8,12,13,16],"killed_by":"Sentry and Sphere","ascension_level":5}