{"gold_per_floor":[117,137,87,87,87,87,103,114,114,114,127,141,141,241,241,338,338,358,375,219,219,229,254,266,117,192,192],"floor_reached":27,"playtime":2613,"items_purged":["Defend_B"],"score":316,"play_id":"8e4d931a-545b-4867-bf56-d957503e9c05","local_time":"20190813094751","is_ascension_mode":true,"campfire_choices":[{"data":"Fission","floor":6,"key":"SMITH"},{"data":"Consume","floor":10,"key":"SMITH"},{"data":"Capacitor","floor":13,"key":"SMITH"},{"data":"Zap","floor":15,"key":"SMITH"}],"neow_cost":"NONE","seed_source_timestamp":157643962340600,"circlet_count":0,"master_deck":["Strike_B","Zap+1","Dualcast","Conserve Battery","Capacitor+1","Self Repair","Fission+1","Consume+1","Ball Lightning","Cold Snap","Redo","Conserve Battery","Tempest","Creative AI","Melter+1","Self Repair","Tempest","Darkness","Compile Driver","Defragment","Tempest","Static Discharge","Coolheaded","Machine Learning","Consume","Hello World"],"relics":["Cracked Core","Bird Faced Urn","Prayer Wheel","Empty Cage","Pear","Mercury Hourglass"],"potions_floor_usage":[16,18,22,23,27],"damage_taken":[{"damage":1,"enemies":"2 Louse","floor":1,"turns":3},{"damage":2,"enemies":"Jaw Worm","floor":2,"turns":3},{"damage":0,"enemies":"Small Slimes","floor":7,"turns":3},{"damage":18,"enemies":"2 Fungi Beasts","floor":8,"turns":4},{"damage":13,"enemies":"Gremlin Gang","floor":11,"turns":3},{"damage":5,"enemies":"Exordium Wildlife","floor":12,"turns":3},{"damage":0,"enemies":"Slime Boss","floor":16,"turns":3},{"damage":9,"enemies":"2 Thieves","floor":18,"turns":3},{"damage":40,"enemies":"Shell Parasite","floor":19,"turns":8},{"damage":8,"enemies":"Snecko","floor":22,"turns":4},{"damage":35,"enemies":"Book of Stabbing","floor":23,"turns":4},{"damage":50,"enemies":"Centurion and Healer","floor":24,"turns":5},{"damage":34,"enemies":"Gremlin Leader","floor":27,"turns":5}],"seed_played":"4919575393885585745","potions_obtained":[{"floor":1,"key":"GamblersBrew"},{"floor":12,"key":"Dexterity Potion"},{"floor":16,"key":"GamblersBrew"},{"floor":18,"key":"PowerPotion"},{"floor":19,"key":"AttackPotion"}],"is_trial":false,"path_per_floor":["M","M","?","?","?","R","M","M","T","R","M","M","R","?","R","B",null,"M","M","$","?","M","E","M","$","T","E"],"character_chosen":"DEFECT","items_purchased":["Tempest","Consume","Hello World"],"campfire_rested":0,"item_purchase_floors":[20,25,25],"current_hp_per_floor":[74,72,72,60,60,60,71,64,64,64,51,55,55,55,55,57,75,66,48,48,48,64,61,26,26,26,0],"gold":192,"neow_bonus":"THREE_CARDS","is_prod":false,"is_daily":false,"chose_seed":false,"campfire_upgraded":4,"win_rate":0,"timestamp":1565707671,"path_taken":["M","M","?","?","?","R","M","M","T","R","M","M","R","?","R","BOSS","M","?","$","?","M","E","M","$","T","E"],"build_version":"2019-07-17","purchased_purges":1,"victory":false,"max_hp_per_floor":[75,75,75,75,75,75,75,75,75,75,75,75,75,75,75,75,75,75,75,75,75,75,85,85,85,85,85],"card_choices":[{"not_picked":["Compile Driver","Cold Snap"],"picked":"Conserve Battery","floor":0},{"not_picked":["Chaos","Rebound"],"picked":"Capacitor","floor":1},{"not_picked":["Rebound","Cold Snap"],"picked":"Self Repair","floor":2},{"not_picked":["Ball Lightning","Leap"],"picked":"Consume","floor":7},{"not_picked":["Go for the Eyes","Gash"],"picked":"Ball Lightning","floor":8},{"not_picked":["Turbo","Recycle"],"picked":"Cold Snap","floor":11},{"not_picked":["Steam","Streamline"],"picked":"Redo","floor":11},{"not_picked":["Fusion","Ball Lightning"],"picked":"Conserve Battery","floor":12},{"not_picked":["Recycle","Turbo"],"picked":"Tempest","floor":12},{"not_picked":["All For One","Amplify"],"picked":"Creative AI","floor":16},{"not_picked":["Go for the Eyes","Chaos+1"],"picked":"Melter+1","floor":18},{"not_picked":["Beam Cell","Go for the Eyes"],"picked":"Self Repair","floor":18},{"not_picked":["Rebound","Redo+1","Go for the Eyes"],"picked":"SKIP","floor":19},{"not_picked":["Steam","Compile Driver+1","Fusion"],"picked":"SKIP","floor":19},{"not_picked":["Sweeping Beam","Coolheaded"],"picked":"Defragment","floor":22},{"not_picked":["Stack","Streamline+1"],"picked":"Tempest","floor":22},{"not_picked":["FTL","Auto Shields"],"picked":"Static Discharge","floor":23},{"not_picked":["Streamline","Barrage+1"],"picked":"Coolheaded","floor":24},{"not_picked":["Rip and Tear","Streamline"],"picked":"Machine Learning","floor":24}],"player_experience":125426,"relics_obtained":[{"floor":9,"key":"Prayer Wheel"},{"floor":23,"key":"Pear"},{"floor":26,"key":"Mercury Hourglass"}],"event_choices":[{"cards_removed":["Defend_B"],"damage_healed":0,"gold_gain":0,"player_choice":"Card Removal","damage_taken":0,"max_hp_gain":0,"max_hp_loss":0,"event_name":"The Cleric","floor":3,"gold_loss":50},{"damage_healed":0,"gold_gain":0,"player_choice":"Success","damage_taken":12,"relics_obtained":["Bird Faced Urn"],"max_hp_gain":0,"max_hp_loss":0,"event_name":"Scrap Ooze","floor":4,"gold_loss":0},{"damage_healed":0,"gold_gain":0,"cards_transformed":["Strike_B"],"player_choice":"Change","damage_taken":0,"max_hp_gain":0,"max_hp_loss":0,"event_name":"Living Wall","floor":5,"gold_loss":0,"cards_obtained":["Fission"]},{"damage_healed":0,"gold_gain":100,"player_choice":"Pray","damage_taken":0,"max_hp_gain":0,"max_hp_loss":0,"event_name":"Golden Shrine","floor":14,"gold_loss":0},{"damage_healed":0,"gold_gain":0,"cards_transformed":["Strike_B","Defend_B"],"player_choice":"Became Test Subject","damage_taken":0,"max_hp_gain":0,"max_hp_loss":0,"event_name":"Drug Dealer","floor":21,"gold_loss":0,"cards_obtained":["Darkness","Compile Driver"]}],"is_beta":false,"boss_relics":[{"not_picked":["Pandora\u0027s Box","Velvet Choker"],"picked":"Empty Cage"}],"items_purged_floors":[20],"is_endless":false,"potions_floor_spawned":[1,12,16,18,19],"killed_by":"Gremlin Leader","ascension_level":3}