{"gold_per_floor":[112,62,75,150,162,191,204,204,204,236,236,221],"floor_reached":12,"playtime":376,"items_purged":[],"score":110,"play_id":"fc038d43-959c-4c01-b439-4b18d4c57b9a","local_time":"20191010072609","is_ascension_mode":true,"campfire_choices":[{"floor":8.0,"key":"REST"}],"neow_cost":"PERCENT_DAMAGE","seed_source_timestamp":11342426163600,"circlet_count":0,"master_deck":["Strike_R","Strike_R","Strike_R","Strike_R","Defend_R","Defend_R","Bash","Cleave","Clash","Iron Wave","Limit Break"],"special_seed":0,"relics":["Burning Blood","Letter Opener","The Courier","Matryoshka"],"potions_floor_usage":[],"damage_taken":[{"damage":8.0,"enemies":"2 Louse","floor":1.0,"turns":2.0},{"damage":12.0,"enemies":"Jaw Worm","floor":3.0,"turns":2.0},{"damage":1.0,"enemies":"Cultist","floor":5.0,"turns":3.0},{"damage":32.0,"enemies":"Gremlin Nob","floor":6.0,"turns":4.0},{"damage":10.0,"enemies":"2 Fungi Beasts","floor":7.0,"turns":3.0},{"damage":35.0,"enemies":"3 Sentries","floor":10.0,"turns":6.0},{"damage":6,"enemies":"Looter","floor":12,"turns":2}],"seed_played":"1977041541897099194","potions_obtained":[{"floor":1.0,"key":"GamblersBrew"},{"floor":6.0,"key":"LiquidBronze"},{"floor":7.0,"key":"Block Potion"}],"is_trial":false,"path_per_floor":["M","?","M","?","M","E","M","R","T","E","?","M"],"character_chosen":"IRONCLAD","items_purchased":[],"campfire_rested":1,"item_purchase_floors":[],"current_hp_per_floor":[54,54,48,37,42,16,12,36,36,7,7,1],"gold":221,"neow_bonus":"REMOVE_TWO","is_prod":false,"is_daily":false,"chose_seed":false,"campfire_upgraded":0,"win_rate":0,"timestamp":1570706769,"path_taken":["M","?","M","?","M","E","M","R","T","E","?","?"],"build_version":"2019-07-17","purchased_purges":0,"victory":false,"max_hp_per_floor":[80,80,80,80,80,80,80,80,80,80,80,80],"card_choices":[{"not_picked":["Metallicize","Sword Boomerang","Infernal Blade"],"picked":"SKIP","floor":1.0},{"not_picked":["Ghostly Armor","Pommel Strike","Intimidate"],"picked":"SKIP","floor":3.0},{"not_picked":["Thunderclap","Pommel Strike"],"picked":"Cleave","floor":5.0},{"not_picked":["Bloodletting","Barricade"],"picked":"Clash","floor":6.0},{"not_picked":["Body Slam","Combust","Thunderclap"],"picked":"SKIP","floor":7.0},{"not_picked":["Dropkick","Spot Weakness"],"picked":"Iron Wave","floor":10.0}],"player_experience":383027,"relics_obtained":[{"floor":6.0,"key":"Letter Opener"},{"floor":9.0,"key":"The Courier"},{"floor":10.0,"key":"Matryoshka"}],"event_choices":[{"cards_removed":["Strike_R"],"damage_healed":0.0,"max_hp_gain":0.0,"max_hp_loss":0.0,"gold_gain":0.0,"event_name":"The Cleric","player_choice":"Card Removal","floor":2.0,"gold_loss":50.0,"damage_taken":0.0},{"damage_healed":0.0,"max_hp_gain":0.0,"max_hp_loss":0.0,"gold_gain":75.0,"event_name":"World of Goop","player_choice":"Gather Gold","floor":4.0,"gold_loss":0.0,"damage_taken":11.0},{"damage_healed":0,"gold_gain":0,"player_choice":"1 cards matched","damage_taken":0,"max_hp_gain":0,"max_hp_loss":0,"event_name":"Match and Keep!","floor":11,"gold_loss":0,"cards_obtained":["Limit Break"]}],"is_beta":false,"boss_relics":[],"items_purged_floors":[],"is_endless":false,"potions_floor_spawned":[1,6,7],"killed_by":"Looter","ascension_level":5}