{"gold_per_floor":[110,60,235,11,31,58,73,73,73,93,111,111,130,164,164,164],"floor_reached":16,"playtime":6515,"items_purged":["Doubt"],"score":129,"play_id":"310aaafd-c1c5-4755-9b6e-7598fa246c7b","local_time":"20191005150258","is_ascension_mode":true,"campfire_choices":[{"floor":8,"key":"REST"},{"floor":12,"key":"REST"},{"floor":15,"key":"REST"}],"neow_cost":"NONE","seed_source_timestamp":122251938200624,"circlet_count":0,"master_deck":["Strike_P","Strike_P","Defend_P","Defend_P","Eruption","Vigilance","Brilliance+1","Consecrate+1","MentalFortress+1","Nirvana","WindmillStrike","Omniscience","Worship","ThirdEye","ThirdEye","Establishment"],"special_seed":0,"relics":["Astrolabe","Lantern","Bottled Tornado","PreservedInsect","Bottled Lightning"],"potions_floor_usage":[11,16],"damage_taken":[{"damage":7.0,"enemies":"Jaw Worm","floor":1.0,"turns":4.0},{"damage":6.0,"enemies":"2 Louse","floor":5.0,"turns":2.0},{"damage":48.0,"enemies":"Gremlin Nob","floor":6.0,"turns":4.0},{"damage":15,"enemies":"Small Slimes","floor":7,"turns":2},{"damage":15,"enemies":"Red Slaver","floor":10,"turns":5},{"damage":10,"enemies":"Exordium Thugs","floor":11,"turns":3},{"damage":0,"enemies":"Exordium Wildlife","floor":13,"turns":3},{"damage":36,"enemies":"3 Sentries","floor":14,"turns":5},{"damage":33,"enemies":"The Guardian","floor":16,"turns":8}],"seed_played":"-837713464336449392","potions_obtained":[{"floor":5.0,"key":"Block Potion"},{"floor":10,"key":"BottledMiracle"},{"floor":14,"key":"DuplicationPotion"}],"is_trial":false,"path_per_floor":["M","?","?","$","M","E","M","R","T","M","M","R","M","E","R","B"],"character_chosen":"WATCHER","items_purchased":["Lantern"],"campfire_rested":3,"item_purchase_floors":[4],"current_hp_per_floor":[65,65,65,65,59,19,4,25,25,22,12,33,37,5,26,0],"gold":164,"neow_bonus":"BOSS_RELIC","is_prod":false,"is_daily":false,"chose_seed":false,"campfire_upgraded":0,"win_rate":0,"timestamp":1570312978,"path_taken":["M","?","?","$","M","E","M","R","T","M","M","R","M","E","R","BOSS"],"build_version":"2019-10-04","purchased_purges":1,"victory":false,"max_hp_per_floor":[72,72,72,72,72,72,72,72,72,72,72,72,72,72,72,72],"card_choices":[{"not_picked":["CrushJoints","Crescendo"],"picked":"Nirvana","floor":1.0},{"not_picked":["EmptyMind","CrushJoints"],"picked":"WindmillStrike","floor":5.0},{"not_picked":["CrushJoints","Indignation"],"picked":"Omniscience","floor":6.0},{"not_picked":["BowlingBash","Fasting2"],"picked":"Worship","floor":7},{"not_picked":["Vengeance","Evaluate"],"picked":"ThirdEye","floor":10},{"not_picked":["JustLucky","WaveOfTheHand","Sanctity"],"picked":"SKIP","floor":11},{"not_picked":["Sanctity","Halt"],"picked":"ThirdEye","floor":13},{"not_picked":["CarveReality","Evaluate"],"picked":"Establishment","floor":14}],"player_experience":75499,"relics_obtained":[{"floor":6.0,"key":"Bottled Tornado"},{"floor":9,"key":"PreservedInsect"},{"floor":14,"key":"Bottled Lightning"}],"event_choices":[{"cards_removed":["Defend_P"],"damage_healed":0.0,"max_hp_gain":0.0,"max_hp_loss":0.0,"gold_gain":0.0,"event_name":"The Cleric","player_choice":"Card Removal","floor":2.0,"gold_loss":50.0,"damage_taken":0.0},{"damage_healed":0.0,"max_hp_gain":0.0,"max_hp_loss":0.0,"gold_gain":175.0,"event_name":"Liars Game","player_choice":"AGREE","floor":3.0,"gold_loss":0.0,"damage_taken":0.0,"cards_obtained":["Doubt"]}],"is_beta":true,"boss_relics":[],"items_purged_floors":[4],"is_endless":false,"potions_floor_spawned":[5,10,14],"killed_by":"The Guardian","ascension_level":3}