{"gold_per_floor":[117,42,117,135,153,188,363,438,438,438,182,193,30,61,61,61],"floor_reached":16,"playtime":675,"items_purged":["Defend_B","Doubt","Defend_B"],"score":119,"play_id":"c04e523c-ff82-494a-b5c1-b0f65bb2abf2","local_time":"20190624080614","is_ascension_mode":true,"campfire_choices":[{"floor":10,"key":"REST"},{"floor":15,"key":"RECALL"}],"neow_cost":"NONE","seed_source_timestamp":970973689137592,"circlet_count":0,"master_deck":["Strike_B","Strike_B","Strike_B","Strike_B","Defend_B","Zap","Dualcast","Storm","Creative AI","Self Repair+1","Capacitor+1","Loop+1"],"relics":["Cracked Core","Ornamental Fan","Frozen Egg 2","DataDisk","Thread and Needle"],"potions_floor_usage":[],"damage_taken":[{"damage":3,"enemies":"Jaw Worm","floor":1,"turns":4},{"damage":0,"enemies":"Cultist","floor":4,"turns":2},{"damage":10,"enemies":"2 Louse","floor":5,"turns":2},{"damage":43,"enemies":"3 Sentries","floor":6,"turns":8},{"damage":16,"enemies":"Blue Slaver","floor":12,"turns":3},{"damage":6,"enemies":"Gremlin Nob","floor":14,"turns":3},{"damage":13,"enemies":"The Guardian","floor":16,"turns":4}],"seed_played":"2541045740508015736","potions_obtained":[{"floor":1,"key":"Poison Potion"},{"floor":14,"key":"Poison Potion"}],"is_trial":false,"path_per_floor":["M","$","?","M","M","E","?","?","T","R","$","M","$","E","R","B"],"character_chosen":"DEFECT","items_purchased":["DataDisk","Capacitor+1"],"campfire_rested":1,"item_purchase_floors":[11,13],"current_hp_per_floor":[72,72,65,65,55,12,12,1,1,23,23,7,7,11,11,0],"gold":61,"neow_bonus":"REMOVE_CARD","is_prod":false,"is_daily":false,"chose_seed":false,"campfire_upgraded":0,"win_rate":0,"timestamp":1561377974,"path_taken":["M","$","?","?","M","E","?","?","T","R","$","M","$","E","R","BOSS"],"build_version":"2019-01-23","purchased_purges":3,"victory":false,"max_hp_per_floor":[75,75,75,75,75,75,75,75,75,75,75,75,75,75,75,75],"card_choices":[{"not_picked":["Consume","Rebound"],"picked":"Storm","floor":1},{"not_picked":["Stack","Fusion","Beam Cell"],"picked":"SKIP","floor":4},{"not_picked":["Turbo","Conserve Battery","Beam Cell"],"picked":"SKIP","floor":5},{"not_picked":["Steam Power","Skim"],"picked":"Creative AI","floor":6},{"not_picked":["Compile Driver","Cold Snap"],"picked":"Self Repair+1","floor":12},{"not_picked":["Steam","Electrodynamics+1"],"picked":"Loop+1","floor":14}],"player_experience":195249,"relics_obtained":[{"floor":6,"key":"Ornamental Fan"},{"floor":9,"key":"Frozen Egg 2"},{"floor":14,"key":"Thread and Needle"}],"event_choices":[{"damage_healed":0,"gold_gain":75,"player_choice":"Touch","damage_taken":7,"max_hp_gain":0,"max_hp_loss":0,"event_name":"FaceTrader","floor":3,"gold_loss":0},{"damage_healed":0,"gold_gain":175,"player_choice":"AGREE","damage_taken":0,"max_hp_gain":0,"max_hp_loss":0,"event_name":"Liars Game","floor":7,"gold_loss":0,"cards_obtained":["Doubt"]},{"damage_healed":0,"gold_gain":75,"player_choice":"Gather Gold","damage_taken":11,"max_hp_gain":0,"max_hp_loss":0,"event_name":"World of Goop","floor":8,"gold_loss":0}],"is_beta":false,"boss_relics":[],"items_purged_floors":[2,11,13],"is_endless":false,"potions_floor_spawned":[1,14],"killed_by":"The Guardian","ascension_level":2}