{"gold_per_floor":[112,12,87,87,87,121,121,154,154,154,170,199,265,9,9,135,135,118,118,118,118],"floor_reached":21,"playtime":732,"items_purged":[],"score":220,"play_id":"0c2f5131-98ee-4c9d-acbf-0c996ad25601","local_time":"20190806215350","is_ascension_mode":true,"campfire_choices":[{"floor":7,"key":"REST"},{"floor":10,"key":"REST"},{"floor":15,"key":"REST"}],"neow_cost":"NONE","seed_source_timestamp":704590395311030,"circlet_count":0,"master_deck":["Strike_R","Strike_R","Strike_R","Strike_R","Defend_R","Defend_R+1","Defend_R","Defend_R+1","Bash","Clothesline","Armaments","Flex","Body Slam","Spot Weakness","Cleave","Dark Embrace","Flex","Juggernaut","Perfected Strike","Reaper"],"relics":["Burning Blood","Golden Idol","War Paint","Juzu Bracelet","Dodecahedron","Odd Mushroom","Tiny Chest","Strange Spoon","Mark of Pain","PreservedInsect"],"potions_floor_usage":[16,16],"damage_taken":[{"damage":14,"enemies":"Cultist","floor":1,"turns":5},{"damage":40,"enemies":"3 Sentries","floor":6,"turns":10},{"damage":30,"enemies":"Gremlin Nob","floor":8,"turns":5},{"damage":0,"enemies":"Jaw Worm","floor":11,"turns":3},{"damage":21,"enemies":"The Mushroom Lair","floor":12,"turns":5},{"damage":26,"enemies":"Lagavulin","floor":13,"turns":6},{"damage":24,"enemies":"Hexaghost","floor":16,"turns":11},{"damage":30,"enemies":"2 Thieves","floor":18,"turns":4},{"damage":50,"enemies":"Spheric Guardian","floor":21,"turns":5}],"seed_played":"6846177573901014731","potions_obtained":[{"floor":8,"key":"GamblersBrew"},{"floor":11,"key":"SpeedPotion"},{"floor":13,"key":"SteroidPotion"},{"floor":16,"key":"Strength Potion"}],"is_trial":false,"path_per_floor":["M","$","?","?","?","E","R","E","T","R","M","?","E","$","R","B",null,"M","?","T","M"],"character_chosen":"IRONCLAD","items_purchased":["Flex","Body Slam","Strange Spoon","Perfected Strike"],"campfire_rested":3,"item_purchase_floors":[2,2,14,14],"current_hp_per_floor":[72,72,61,61,54,20,42,18,18,40,46,31,11,11,33,15,74,50,50,50,0],"gold":118,"neow_bonus":"THREE_CARDS","is_prod":false,"is_daily":false,"chose_seed":false,"campfire_upgraded":0,"win_rate":0,"timestamp":1565153630,"path_taken":["M","$","?","?","?","E","R","E","T","R","M","?","E","?","R","BOSS","M","?","?","M"],"build_version":"2019-07-17","purchased_purges":0,"victory":false,"max_hp_per_floor":[80,80,80,74,74,74,74,74,74,74,74,74,74,74,74,74,74,74,74,74,74],"card_choices":[{"not_picked":["Headbutt","Ghostly Armor"],"picked":"Clothesline","floor":0},{"not_picked":["Anger","Pummel"],"picked":"Armaments","floor":1},{"not_picked":["Thunderclap","Shrug It Off"],"picked":"Spot Weakness","floor":6},{"not_picked":["Power Through","Heavy Blade"],"picked":"Cleave","floor":8},{"not_picked":["Dual Wield","Sentinel"],"picked":"Dark Embrace","floor":11},{"not_picked":["Twin Strike","Cleave"],"picked":"Flex","floor":12},{"not_picked":["Pummel","Feel No Pain"],"picked":"Juggernaut","floor":13},{"not_picked":["Feed","Dark Embrace"],"picked":"Reaper","floor":16},{"not_picked":["Twin Strike","Havoc","Headbutt+1"],"picked":"SKIP","floor":18}],"player_experience":2616637,"relics_obtained":[{"floor":6,"key":"War Paint"},{"floor":8,"key":"Juzu Bracelet"},{"floor":9,"key":"Dodecahedron"},{"floor":12,"key":"Odd Mushroom"},{"floor":13,"key":"Tiny Chest"},{"floor":20,"key":"PreservedInsect"}],"event_choices":[{"damage_healed":0,"gold_gain":75,"player_choice":"Gather Gold","damage_taken":11,"max_hp_gain":0,"max_hp_loss":0,"event_name":"World of Goop","floor":3,"gold_loss":0},{"damage_healed":0,"gold_gain":0,"player_choice":"Lose Max HP","damage_taken":0,"relics_obtained":["Golden Idol"],"max_hp_gain":0,"max_hp_loss":6,"event_name":"Golden Idol","floor":4,"gold_loss":0},{"cards_removed":["Strike_R"],"damage_healed":0,"gold_gain":0,"player_choice":"Card Removal","damage_taken":7,"max_hp_gain":0,"max_hp_loss":0,"event_name":"Golden Wing","floor":5,"gold_loss":0},{"damage_healed":0,"gold_gain":0,"player_choice":"Fought Mushrooms","damage_taken":0,"max_hp_gain":0,"max_hp_loss":0,"event_name":"Mushrooms","floor":12,"gold_loss":0},{"damage_healed":0,"gold_gain":0,"player_choice":"Ignored","damage_taken":0,"max_hp_gain":0,"max_hp_loss":0,"event_name":"Cursed Tome","floor":19,"gold_loss":0}],"is_beta":false,"boss_relics":[{"not_picked":["Tiny House","Busted Crown"],"picked":"Mark of Pain"}],"items_purged_floors":[],"is_endless":false,"potions_floor_spawned":[8,11,13,16],"killed_by":"Spheric Guardian","ascension_level":3}