{"gold_per_floor":[109,86,96,115,135,162,162,180,180,180,215,215,231,262,262,365,365,381,392,404,404,404,433,433],"floor_reached":24,"playtime":1615,"items_purged":[],"score":346,"play_id":"20094233-19ff-4736-827c-a3e41598ae7b","local_time":"20190703221810","is_ascension_mode":true,"campfire_choices":[{"data":"Skewer","floor":7,"key":"SMITH"},{"floor":12,"key":"REST"},{"floor":15,"key":"REST"}],"neow_cost":"NONE","seed_source_timestamp":1798742287719281,"circlet_count":0,"master_deck":["Survivor","Neutralize","Venomology","Infinite Blades","Grand Finale","Footwork","Reflex","Phantasmal Killer","Predator","All Out Attack","Bane","Bane","Backflip","Deflect","Cloak And Dagger","Skewer+1","Bouncing Flask","Tools of the Trade","Blur","Bullet Time","Backflip","Terror+1","Decay"],"relics":["Pandora\u0027s Box","Ice Cream","Tingsha","Sundial","Orichalcum","Philosopher\u0027s Stone","Bottled Lightning","Calipers"],"potions_floor_usage":[4,5,6,6,8,13,13,16,16,19,20,23,23],"damage_taken":[{"damage":10,"enemies":"Cultist","floor":1,"turns":4},{"damage":0,"enemies":"2 Louse","floor":3,"turns":2},{"damage":0,"enemies":"Jaw Worm","floor":4,"turns":3},{"damage":0,"enemies":"2 Fungi Beasts","floor":5,"turns":2},{"damage":0,"enemies":"Lagavulin","floor":6,"turns":4},{"damage":6,"enemies":"Exordium Wildlife","floor":8,"turns":3},{"damage":16,"enemies":"Gremlin Nob","floor":11,"turns":3},{"damage":2,"enemies":"Exordium Thugs","floor":13,"turns":3},{"damage":17,"enemies":"Lagavulin","floor":14,"turns":5},{"damage":2,"enemies":"Hexaghost","floor":16,"turns":7},{"damage":9,"enemies":"Chosen","floor":18,"turns":3},{"damage":22,"enemies":"3 Byrds","floor":19,"turns":3},{"damage":12,"enemies":"Snake Plant","floor":20,"turns":3},{"damage":34,"enemies":"Book of Stabbing","floor":23,"turns":5},{"damage":9,"enemies":"3 Cultists","floor":24,"turns":2}],"seed_played":"7919987517057089239","potions_obtained":[{"floor":3,"key":"Fire Potion"},{"floor":4,"key":"PowerPotion"},{"floor":6,"key":"Dexterity Potion"},{"floor":14,"key":"Block Potion"},{"floor":18,"key":"SkillPotion"}],"is_trial":false,"path_per_floor":["M","$","M","M","M","E","R","M","T","?","E","R","M","E","R","B",null,"M","M","M","?","T","E","M"],"character_chosen":"THE_SILENT","items_purchased":["Backflip"],"campfire_rested":2,"item_purchase_floors":[2],"current_hp_per_floor":[60,60,60,60,60,60,60,54,54,21,5,26,24,7,28,26,70,61,39,27,27,27,7,0],"gold":433,"neow_bonus":"BOSS_RELIC","is_prod":false,"is_daily":false,"chose_seed":false,"campfire_upgraded":1,"win_rate":0,"timestamp":1562206690,"path_taken":["M","$","M","M","M","E","R","M","T","?","E","R","M","E","R","BOSS","M","M","M","?","?","E","M"],"build_version":"2019-07-01","purchased_purges":0,"victory":false,"max_hp_per_floor":[70,70,70,70,70,70,70,70,70,70,70,70,70,70,70,70,70,70,70,70,70,70,70,70],"card_choices":[{"not_picked":["Sucker Punch","Predator","Flying Knee"],"picked":"SKIP","floor":1},{"not_picked":["Underhanded Strike","Distraction"],"picked":"Deflect","floor":3},{"not_picked":["Dagger Spray","Slice","Bane"],"picked":"SKIP","floor":4},{"not_picked":["Slice","Finisher"],"picked":"Cloak And Dagger","floor":5},{"not_picked":["Blade Dance","Masterful Stab"],"picked":"Skewer","floor":6},{"not_picked":["Acrobatics","Accuracy"],"picked":"Bouncing Flask","floor":8},{"not_picked":["Accuracy","Tactician"],"picked":"Tools of the Trade","floor":11},{"not_picked":["Flechettes","Flying Knee","Quick Slash"],"picked":"SKIP","floor":13},{"not_picked":["Masterful Stab","Noxious Fumes"],"picked":"Blur","floor":14},{"not_picked":["Venomology","Malaise"],"picked":"Bullet Time","floor":16},{"not_picked":["Catalyst","Underhanded Strike+1"],"picked":"Backflip","floor":18},{"not_picked":["Cloak And Dagger","Flying Knee"],"picked":"Terror+1","floor":19},{"not_picked":["All Out Attack","Leg Sweep","Poisoned Stab"],"picked":"SKIP","floor":20},{"not_picked":["Tactician","Unload","Blade Dance"],"picked":"SKIP","floor":23}],"player_experience":350444,"relics_obtained":[{"floor":6,"key":"Ice Cream"},{"floor":11,"key":"Sundial"},{"floor":14,"key":"Orichalcum"},{"floor":22,"key":"Bottled Lightning"},{"floor":23,"key":"Calipers"}],"event_choices":[{"damage_healed":0,"gold_gain":0,"player_choice":"Success","damage_taken":33,"relics_obtained":["Tingsha"],"max_hp_gain":0,"max_hp_loss":0,"event_name":"Scrap Ooze","floor":10,"gold_loss":0},{"damage_healed":0,"gold_gain":0,"player_choice":"Smashed Altar","damage_taken":0,"max_hp_gain":0,"max_hp_loss":0,"event_name":"Forgotten Altar","floor":21,"gold_loss":0,"cards_obtained":["Decay"]}],"is_beta":false,"boss_relics":[{"not_picked":["Calling Bell","Tiny House"],"picked":"Philosopher\u0027s Stone"}],"items_purged_floors":[],"is_endless":false,"potions_floor_spawned":[3,4,6,8,14,18],"killed_by":"3 Cultists","ascension_level":4}