{"path_per_floor":["M","M","M","$","M","R","M","E","T","R","?","M","R","M","R","B",null,"M","M","$","M","M","R","E"],"character_chosen":"THE_SILENT","items_purchased":["Footwork","Catalyst"],"gold_per_floor":[111,131,150,75,93,93,113,140,140,140,140,156,156,169,169,273,273,291,304,94,110,127,127,153,153],"floor_reached":25,"campfire_rested":2,"playtime":1839,"item_purchase_floors":[20,20],"current_hp_per_floor":[70,70,70,70,60,60,56,37,37,37,37,32,32,25,46,34,70,59,44,44,31,21,42,11,0],"items_purged":["Strike_G","Strike_G"],"gold":153,"score":272,"play_id":"c2d414d1-4f7b-4433-a67e-4b8dbf5f284f","local_time":"20180526122101","is_prod":false,"is_daily":false,"chose_seed":false,"is_ascension_mode":true,"campfire_upgraded":3,"win_rate":0,"timestamp":1527362461,"campfire_choices":[{"data":"Neutralize","floor":6.0,"key":"SMITH"},{"data":"Deadly Poison","floor":10.0,"key":"SMITH"},{"data":"Bouncing Flask","floor":13.0,"key":"SMITH"},{"floor":15.0,"key":"REST"},{"floor":23,"key":"REST"}],"path_taken":["M","M","M","$","M","R","M","E","T","R","?","M","R","M","R","BOSS","M","M","$","M","M","R","E","M"],"build_version":"2018-05-24","seed_source_timestamp":0,"purchased_purges":2,"victory":false,"master_deck":["Defend_G","Defend_G","Defend_G","Defend_G","Defend_G","Strike_G","Strike_G","Strike_G","Survivor","Neutralize+1","Outmaneuver+1","Deadly Poison+1","Sucker Punch","Dagger Throw","Acrobatics","Bouncing Flask+1","Deflect","Tactician","Footwork","Catalyst"],"max_hp_per_floor":[70,70,70,70,70,70,70,70,70,70,70,70,70,70,70,70,70,70,70,70,70,70,70,70,70],"relics":["Ring of the Snake","NeowsBlessing","Darkstone Periapt","Bag of Marbles","Black Star","Dream Catcher","Happy Flower"],"card_choices":[{"not_picked":["Dodge and Roll","Slice"],"picked":"Outmaneuver","floor":1.0},{"not_picked":["Outmaneuver","Quick Slash"],"picked":"Deadly Poison","floor":2.0},{"not_picked":["Outmaneuver","Endless Agony"],"picked":"Sucker Punch","floor":3.0},{"not_picked":["Skewer","Blade Dance","Sucker Punch"],"picked":"SKIP","floor":5.0},{"not_picked":["Calculated Gamble","Deadly Poison"],"picked":"Dagger Throw","floor":7.0},{"not_picked":["Slice","Night Terror"],"picked":"Acrobatics","floor":8.0},{"not_picked":["Dagger Throw","PiercingWail"],"picked":"Bouncing Flask","floor":12.0},{"not_picked":["Dagger Throw","Poisoned Stab"],"picked":"Deflect","floor":14.0},{"not_picked":["Night Terror","Bullet Time"],"picked":"Tactician","floor":16.0},{"not_picked":["Quick Slash","Cloak And Dagger","Deflect"],"picked":"SKIP","floor":18.0},{"not_picked":["Bouncing Flask+1","Acrobatics","Bane"],"picked":"SKIP","floor":19.0},{"not_picked":["Flechettes","Underhanded Strike+1","PiercingWail"],"picked":"SKIP","floor":21},{"not_picked":["Crippling Poison","Outmaneuver+1","Calculated Gamble+1"],"picked":"SKIP","floor":22},{"not_picked":["Glass Knife","Dagger Spray+1","Flechettes+1"],"picked":"SKIP","floor":24}],"player_experience":375305,"potions_floor_usage":[24,24,24,25],"damage_taken":[{"damage":0.0,"enemies":"Jaw Worm","floor":1.0,"turns":1.0},{"damage":0.0,"enemies":"Cultist","floor":2.0,"turns":1.0},{"damage":0.0,"enemies":"2 Louse","floor":3.0,"turns":1.0},{"damage":10.0,"enemies":"Large Slime","floor":5.0,"turns":9.0},{"damage":4.0,"enemies":"Exordium Wildlife","floor":7.0,"turns":4.0},{"damage":19.0,"enemies":"3 Sentries","floor":8.0,"turns":11.0},{"damage":5.0,"enemies":"3 Louse","floor":12.0,"turns":3.0},{"damage":7.0,"enemies":"Gremlin Gang","floor":14.0,"turns":4.0},{"damage":12.0,"enemies":"Hexaghost","floor":16.0,"turns":9.0},{"damage":11.0,"enemies":"3 Byrds","floor":18.0,"turns":7.0},{"damage":15.0,"enemies":"Shell Parasite","floor":19.0,"turns":6.0},{"damage":13,"enemies":"Snecko","floor":21,"turns":4},{"damage":10,"enemies":"Centurion and Healer","floor":22,"turns":7},{"damage":31,"enemies":"Slavers","floor":24,"turns":7},{"damage":14,"enemies":"Chosen and Byrds","floor":25,"turns":4}],"relics_obtained":[{"floor":8.0,"key":"Darkstone Periapt"},{"floor":9.0,"key":"Bag of Marbles"},{"floor":24,"key":"Dream Catcher"},{"floor":24,"key":"Happy Flower"}],"event_choices":[{"event_name":"Upgrade Shrine","player_choice":"Upgraded","floor":11.0,"damage_taken":0.0}],"boss_relics":[],"items_purged_floors":[],"potions_floor_spawned":[2,5,8,12,19,22,24],"seed_played":"-9004509756358627301","killed_by":"Chosen and Byrds","ascension_level":4,"potions_obtained":[{"floor":2.0,"key":"Poison Potion"},{"floor":5.0,"key":"FearPotion"},{"floor":8.0,"key":"SpeedPotion"},{"floor":12.0,"key":"FearPotion"},{"floor":19.0,"key":"GhostInAJar"},{"floor":22,"key":"Dexterity Potion"},{"floor":24,"key":"Block Potion"}],"is_trial":false}