{"gold_per_floor":[114,134,134,152,167,198,198,198,198,217,217,252,252,20,20,151,151,165,189,204,35,58,58,83,106,106,106],"floor_reached":27,"playtime":2822,"items_purged":["Decay","Injury"],"score":250,"play_id":"46234318-10ce-44d5-8759-e65a28414e65","local_time":"20190815111005","is_ascension_mode":true,"campfire_choices":[{"data":"Malaise","floor":7.0,"key":"SMITH"},{"floor":11.0,"key":"REST"},{"data":"Neutralize","floor":13.0,"key":"SMITH"},{"floor":15.0,"key":"REST"},{"floor":23,"key":"REST"}],"neow_cost":"NONE","seed_source_timestamp":0,"circlet_count":0,"master_deck":["Strike_G","Strike_G","Defend_G","Defend_G","Defend_G","Defend_G","Defend_G","Survivor","Neutralize+1","Acrobatics","Poisoned Stab","Unload","Bane","Malaise+1","Dodge and Roll","Jack Of All Trades","Bouncing Flask","Deadly Poison+1","Escape Plan+1","Noxious Fumes","Adrenaline+1","Prepared+1","A Thousand Cuts+1","Concentrate+1","Tactician+1","Bane+1","Leg Sweep+1","Caltrops","Footwork","Deflect+1","Catalyst+1"],"special_seed":0,"relics":["Ring of the Snake","Golden Idol","Strawberry","Anchor","Toxic Egg 2","Astrolabe","Orichalcum"],"potions_floor_usage":[27],"damage_taken":[{"damage":6.0,"enemies":"Small Slimes","floor":1.0,"turns":6.0},{"damage":1.0,"enemies":"2 Louse","floor":2.0,"turns":3.0},{"damage":1.0,"enemies":"Cultist","floor":4.0,"turns":4.0},{"damage":3.0,"enemies":"Looter","floor":5.0,"turns":3.0},{"damage":44.0,"enemies":"Lagavulin","floor":6.0,"turns":7.0},{"damage":0.0,"enemies":"2 Fungi Beasts","floor":10.0,"turns":3.0},{"damage":20.0,"enemies":"Gremlin Nob","floor":12.0,"turns":5.0},{"damage":18.0,"enemies":"Hexaghost","floor":16.0,"turns":7.0},{"damage":6.0,"enemies":"2 Thieves","floor":18.0,"turns":4.0},{"damage":4.0,"enemies":"Chosen","floor":19.0,"turns":5.0},{"damage":25.0,"enemies":"Sentry and Sphere","floor":20.0,"turns":6.0},{"damage":30,"enemies":"Cultist and Chosen","floor":22,"turns":7},{"damage":14,"enemies":"Chosen and Byrds","floor":24,"turns":6},{"damage":9,"enemies":"Snecko","floor":25,"turns":6},{"damage":24,"enemies":"Gremlin Leader","floor":27,"turns":3}],"seed_played":"3567850719499060250","potions_obtained":[{"floor":6.0,"key":"Block Potion"},{"floor":12.0,"key":"LiquidBronze"},{"floor":18.0,"key":"SpeedPotion"},{"floor":25,"key":"Dexterity Potion"}],"is_trial":false,"path_per_floor":["M","M","?","M","M","E","R","?","T","M","R","E","R","$","R","B",null,"M","M","M","$","M","R","M","M","T","E"],"character_chosen":"THE_SILENT","items_purchased":["Escape Plan+1","Noxious Fumes","Caltrops"],"campfire_rested":3,"item_purchase_floors":[14,14,21],"current_hp_per_floor":[71,70,70,69,66,29,29,29,29,29,54,34,34,34,59,41,84,78,74,49,49,19,44,30,21,21,0],"gold":106,"neow_bonus":"TEN_PERCENT_HP_BONUS","is_prod":false,"is_daily":false,"chose_seed":false,"campfire_upgraded":2,"win_rate":0,"timestamp":1565885405,"path_taken":["M","M","?","M","M","E","R","?","T","M","R","E","R","$","R","BOSS","M","M","M","$","M","R","M","M","T","E"],"build_version":"2019-07-17","purchased_purges":2,"victory":false,"max_hp_per_floor":[77,77,77,77,77,84,84,84,84,84,84,84,84,84,84,84,84,84,84,84,84,84,84,84,84,84,84],"card_choices":[{"not_picked":["Sucker Punch","Finisher"],"picked":"Acrobatics","floor":1.0},{"not_picked":["Quick Slash","Dagger Throw"],"picked":"Poisoned Stab","floor":2.0},{"not_picked":["Cloak And Dagger","Blade Dance"],"picked":"Unload","floor":4.0},{"not_picked":["Dagger Throw","Backflip"],"picked":"Bane","floor":5.0},{"not_picked":["Underhanded Strike","Backstab"],"picked":"Malaise","floor":6.0},{"not_picked":["Finisher","Quick Slash"],"picked":"Bouncing Flask","floor":10.0},{"not_picked":["Outmaneuver","PiercingWail"],"picked":"Deadly Poison","floor":12.0},{"not_picked":["After Image","Grand Finale"],"picked":"Adrenaline+1","floor":16.0},{"not_picked":["Crippling Poison+1","Prepared+1"],"picked":"Tactician+1","floor":18.0},{"not_picked":["Setup+1","Deflect+1"],"picked":"Bane+1","floor":19.0},{"not_picked":["Flying Knee","Well Laid Plans"],"picked":"Leg Sweep+1","floor":20.0},{"not_picked":["Predator","Dash"],"picked":"Footwork","floor":22},{"not_picked":["Poisoned Stab","Masterful Stab+1"],"picked":"Deflect+1","floor":24},{"not_picked":["Crippling Poison+1","Finisher+1"],"picked":"Catalyst+1","floor":25}],"player_experience":151643,"relics_obtained":[{"floor":6.0,"key":"Strawberry"},{"floor":9.0,"key":"Anchor"},{"floor":12.0,"key":"Toxic Egg 2"},{"floor":26,"key":"Orichalcum"}],"event_choices":[{"damage_healed":0.0,"max_hp_gain":0.0,"max_hp_loss":0.0,"gold_gain":0.0,"event_name":"Golden Idol","player_choice":"Take Wound","floor":3.0,"gold_loss":0.0,"damage_taken":0.0,"relics_obtained":["Golden Idol"],"cards_obtained":["Injury"]},{"damage_healed":0.0,"max_hp_gain":0.0,"max_hp_loss":0.0,"gold_gain":0.0,"event_name":"Match and Keep!","player_choice":"3 cards matched","floor":8.0,"gold_loss":0.0,"damage_taken":0.0,"cards_obtained":["Dodge and Roll","Decay","Jack Of All Trades"]}],"is_beta":false,"boss_relics":[{"not_picked":["Ring of the Serpent","HoveringKite"],"picked":"Astrolabe"}],"items_purged_floors":[14,21],"is_endless":false,"potions_floor_spawned":[6,12,18,25],"killed_by":"Gremlin Leader","ascension_level":2}