{"gold_per_floor":[111,124,142,92,92,117,135,168,221,221,198,198,128,403,403,403],"floor_reached":16,"playtime":507,"items_purged":[],"score":119,"play_id":"9d186b30-39d8-44d2-9dfb-b98e4eb69e05","local_time":"20190626204816","is_ascension_mode":true,"campfire_choices":[{"floor":10,"key":"REST"},{"floor":12,"key":"REST"},{"floor":15,"key":"RECALL"}],"neow_cost":"NONE","seed_source_timestamp":1189660862559827,"circlet_count":0,"master_deck":["Strike_B+1","Strike_B","Strike_B","Defend_B","Defend_B","Defend_B","Defend_B+1","Zap","Dualcast","Creative AI","Ball Lightning","Chaos","Loop","Capacitor","Regret"],"relics":["Cracked Core","Cables","Sundial"],"potions_floor_usage":[8,16],"damage_taken":[{"damage":0,"enemies":"Small Slimes","floor":1,"turns":3},{"damage":1,"enemies":"Cultist","floor":2,"turns":3},{"damage":12,"enemies":"Jaw Worm","floor":3,"turns":2},{"damage":28,"enemies":"3 Sentries","floor":6,"turns":4},{"damage":0,"enemies":"2 Fungi Beasts","floor":7,"turns":3},{"damage":18,"enemies":"Gremlin Nob","floor":8,"turns":4},{"damage":48,"enemies":"Hexaghost","floor":16,"turns":7}],"seed_played":"-4485638340897185687","potions_obtained":[{"floor":2,"key":"Swift Potion"},{"floor":7,"key":"Strength Potion"}],"is_trial":false,"path_per_floor":["M","M","M","?","?","E","M","E","T","R","?","R","$","?","R","B"],"character_chosen":"DEFECT","items_purchased":["Capacitor"],"campfire_rested":2,"item_purchase_floors":[13],"current_hp_per_floor":[75,74,62,62,47,19,19,1,1,23,23,45,45,45,45,0],"gold":403,"neow_bonus":"ONE_RANDOM_RARE_CARD","is_prod":false,"is_daily":false,"chose_seed":false,"campfire_upgraded":0,"win_rate":0,"timestamp":1561596496,"path_taken":["M","M","M","?","?","E","M","E","T","R","?","R","$","?","R","BOSS"],"build_version":"2019-01-23","purchased_purges":0,"victory":false,"max_hp_per_floor":[75,75,75,75,75,75,75,75,75,75,75,75,75,75,75,75],"card_choices":[{"not_picked":["Conserve Battery","Hologram"],"picked":"Ball Lightning","floor":1},{"not_picked":["Barrage","Conserve Battery","Steam"],"picked":"SKIP","floor":2},{"not_picked":["Beam Cell","Fusion"],"picked":"Chaos","floor":3},{"not_picked":["Beam Cell","Compile Driver","Doom and Gloom"],"picked":"SKIP","floor":6},{"not_picked":["Conserve Battery","Hologram"],"picked":"Loop","floor":7},{"not_picked":["Rip and Tear","Lockon","Beam Cell"],"picked":"SKIP","floor":8}],"player_experience":228983,"relics_obtained":[{"floor":6,"key":"Cables"},{"floor":8,"key":"Sundial"}],"event_choices":[{"cards_removed":["Strike_B"],"damage_healed":0,"gold_gain":0,"player_choice":"Card Removal","damage_taken":0,"max_hp_gain":0,"max_hp_loss":0,"event_name":"The Cleric","floor":4,"gold_loss":50},{"damage_healed":0,"gold_gain":0,"player_choice":"Entered Light","damage_taken":15,"max_hp_gain":0,"max_hp_loss":0,"event_name":"Shining Light","floor":5,"gold_loss":0,"cards_upgraded":["Defend_B","Strike_B"]},{"damage_healed":0,"gold_gain":0,"player_choice":"Left Gold","damage_taken":0,"max_hp_gain":0,"max_hp_loss":0,"event_name":"World of Goop","floor":11,"gold_loss":23},{"damage_healed":0,"gold_gain":275,"player_choice":"Desecrate","damage_taken":0,"max_hp_gain":0,"max_hp_loss":0,"event_name":"Golden Shrine","floor":14,"gold_loss":0,"cards_obtained":["Regret"]}],"is_beta":false,"boss_relics":[],"items_purged_floors":[],"is_endless":false,"potions_floor_spawned":[2,7],"killed_by":"Hexaghost","ascension_level":2}