{"gold_per_floor":[117,130,149,39,59,86,86,113,161,161,180,180,180,207,207,207],"floor_reached":16,"playtime":12496,"items_purged":[],"score":144,"play_id":"f1328aad-1c64-48f0-a610-4a2959405f20","local_time":"20190825203907","is_ascension_mode":true,"campfire_choices":[{"floor":7,"key":"REST"},{"floor":10,"key":"REST"},{"floor":12,"key":"REST"},{"floor":15,"key":"REST"}],"neow_cost":"NONE","seed_source_timestamp":349837069593571,"circlet_count":0,"master_deck":["Strike_G","Strike_G","Strike_G","Strike_G","Strike_G","Defend_G","Defend_G","Defend_G","Defend_G","Defend_G","Survivor","Neutralize","Dagger Throw","Footwork","Dagger Throw","Footwork","Bouncing Flask","Slice","Dodge and Roll","Outmaneuver","Eviscerate"],"relics":["Ring of the Snake","NeowsBlessing","Oddly Smooth Stone","Pantograph","Omamori","Snake Skull"],"potions_floor_usage":[14],"damage_taken":[{"damage":0,"enemies":"Small Slimes","floor":1,"turns":1},{"damage":0,"enemies":"Cultist","floor":2,"turns":1},{"damage":0,"enemies":"Jaw Worm","floor":3,"turns":1},{"damage":19,"enemies":"Exordium Wildlife","floor":5,"turns":6},{"damage":33,"enemies":"Lagavulin","floor":6,"turns":6},{"damage":30,"enemies":"3 Sentries","floor":8,"turns":10},{"damage":24,"enemies":"Gremlin Gang","floor":11,"turns":8},{"damage":14,"enemies":"Lagavulin","floor":14,"turns":7},{"damage":47,"enemies":"Slime Boss","floor":16,"turns":8}],"seed_played":"-4044126401150124629","potions_obtained":[{"floor":1,"key":"FairyPotion"},{"floor":3,"key":"FearPotion"},{"floor":14,"key":"FearPotion"}],"is_trial":false,"path_per_floor":["M","M","M","$","M","E","R","E","T","R","M","R","?","E","R","B"],"character_chosen":"THE_SILENT","items_purchased":["Footwork","Bouncing Flask"],"campfire_rested":4,"item_purchase_floors":[4,4],"current_hp_per_floor":[70,70,70,70,51,18,39,9,9,30,6,27,27,13,34,12],"gold":207,"neow_bonus":"THREE_ENEMY_KILL","is_prod":false,"is_daily":false,"chose_seed":false,"campfire_upgraded":0,"win_rate":0,"timestamp":1566790747,"path_taken":["M","M","M","$","M","E","R","E","T","R","M","R","?","E","R","BOSS"],"build_version":"2019-07-17","purchased_purges":0,"victory":false,"max_hp_per_floor":[70,70,70,70,70,70,70,70,70,70,70,70,70,70,70,70],"card_choices":[{"not_picked":["Riddle With Holes","Blade Dance"],"picked":"Dagger Throw","floor":1},{"not_picked":["Catalyst","Heel Hook"],"picked":"Footwork","floor":2},{"not_picked":["Bane","Sucker Punch"],"picked":"Dagger Throw","floor":3},{"not_picked":["Dodge and Roll","Sucker Punch"],"picked":"Slice","floor":5},{"not_picked":["Underhanded Strike","Wraith Form v2"],"picked":"Dodge and Roll","floor":6},{"not_picked":["Slice","PiercingWail","Dagger Throw"],"picked":"SKIP","floor":8},{"not_picked":["Underhanded Strike","Blade Dance"],"picked":"Outmaneuver","floor":11},{"not_picked":["Skewer","Outmaneuver"],"picked":"Eviscerate","floor":14}],"player_experience":3053991,"relics_obtained":[{"floor":6,"key":"Oddly Smooth Stone"},{"floor":8,"key":"Pantograph"},{"floor":9,"key":"Omamori"},{"floor":14,"key":"Snake Skull"}],"event_choices":[{"damage_healed":0,"gold_gain":0,"player_choice":"Fled","damage_taken":0,"max_hp_gain":0,"max_hp_loss":0,"event_name":"Scrap Ooze","floor":13,"gold_loss":0}],"is_beta":false,"boss_relics":[],"items_purged_floors":[],"is_endless":false,"potions_floor_spawned":[1,3,14],"killed_by":"Slime Boss","ascension_level":4}