{"path_per_floor":["M","M","$","M","?","R","M","M","T","$","R","?","R","$","R"],"character_chosen":"THE_SILENT","items_purchased":["Footwork","Well Laid Plans","Outmaneuver","Footwork"],"gold_per_floor":[114,132,62,81,81,81,101,112,112,31,31,131,131,46,46,46],"floor_reached":16,"campfire_rested":0,"playtime":717,"item_purchase_floors":[3,10,14,14],"current_hp_per_floor":[70,70,70,70,75,75,70,60,60,60,60,60,60,60,60,46],"items_purged":[],"gold":46,"score":108,"play_id":"d3c7af7f-4281-4000-bc9e-60cc9fb31d66","local_time":"20180526024732","is_prod":false,"is_daily":false,"chose_seed":false,"is_ascension_mode":true,"campfire_upgraded":4,"win_rate":0,"timestamp":1527328052,"campfire_choices":[{"data":"Footwork","floor":6,"key":"SMITH"},{"data":"Well Laid Plans","floor":11,"key":"SMITH"},{"data":"Neutralize","floor":13,"key":"SMITH"},{"data":"Footwork","floor":15,"key":"SMITH"}],"path_taken":["M","M","$","M","?","R","M","M","T","$","R","?","R","?","R","BOSS"],"build_version":"2018-05-24","seed_source_timestamp":36609868931940,"purchased_purges":0,"victory":false,"master_deck":["Defend_G","Defend_G","Defend_G","Defend_G","Defend_G","Strike_G","Strike_G","Strike_G","Strike_G","Strike_G","Survivor","Neutralize+1","Sucker Punch","Deflect","Footwork+1","Tactician","Backflip","Well Laid Plans+1","Outmaneuver","Footwork+1"],"max_hp_per_floor":[70,70,70,70,75,75,75,75,75,75,75,75,75,75,75,75],"relics":["Ring of the Snake","NeowsBlessing","Boot"],"card_choices":[{"not_picked":["Bane","Underhanded Strike"],"picked":"Sucker Punch","floor":1},{"not_picked":["Prepared","Choke"],"picked":"Deflect","floor":2},{"not_picked":["Acrobatics","Underhanded Strike"],"picked":"Tactician","floor":4},{"not_picked":["Deflect","Terror","Cloak And Dagger"],"picked":"SKIP","floor":7},{"not_picked":["Deflect","Night Terror"],"picked":"Backflip","floor":8}],"player_experience":369137,"potions_floor_usage":[16],"damage_taken":[{"damage":0,"enemies":"Small Slimes","floor":1,"turns":1},{"damage":0,"enemies":"Cultist","floor":2,"turns":1},{"damage":0,"enemies":"Jaw Worm","floor":4,"turns":1},{"damage":5,"enemies":"Blue Slaver","floor":7,"turns":4},{"damage":10,"enemies":"Exordium Thugs","floor":8,"turns":8},{"damage":14,"enemies":"Slime Boss","floor":16,"turns":13}],"relics_obtained":[{"floor":9,"key":"Boot"}],"event_choices":[{"event_name":"Big Fish","player_choice":"Donut","floor":5,"damage_taken":0},{"event_name":"Golden Shrine","player_choice":"Pray","floor":12,"damage_taken":0}],"boss_relics":[],"items_purged_floors":[],"potions_floor_spawned":[2,4],"seed_played":"-2099225010644024181","killed_by":"Slime Boss","ascension_level":4,"potions_obtained":[{"floor":2,"key":"GhostInAJar"},{"floor":4,"key":"Strength Potion"}],"is_trial":false}