{"gold_per_floor":[114,124,74,86,106,137,87,101,101,115,115,115,144,144,144,144],"floor_reached":16,"playtime":687,"items_purged":["Defend_B","Strike_B"],"score":129,"play_id":"bbaa32cb-af23-46c2-ac07-76bae459976d","local_time":"20190630221452","is_ascension_mode":true,"campfire_choices":[{"floor":12,"key":"REST"},{"floor":15,"key":"REST"}],"neow_cost":"NONE","seed_source_timestamp":1540242577698535,"circlet_count":0,"master_deck":["Strike_B","Strike_B","Strike_B+1","Defend_B","Defend_B","Defend_B","Zap","Dualcast","Cold Snap","Sweeping Beam","Chill","Ball Lightning","Core Surge","Gash+1","Streamline"],"special_seed":0,"relics":["Cracked Core","Smiling Mask","Ginger","Frozen Egg 2"],"potions_floor_usage":[13,16],"damage_taken":[{"damage":1,"enemies":"Cultist","floor":1,"turns":3},{"damage":4,"enemies":"2 Louse","floor":2,"turns":3},{"damage":2,"enemies":"Small Slimes","floor":4,"turns":3},{"damage":7,"enemies":"Looter","floor":5,"turns":3},{"damage":8,"enemies":"Gremlin Nob","floor":6,"turns":3},{"damage":11,"enemies":"Blue Slaver","floor":8,"turns":3},{"damage":0,"enemies":"2 Fungi Beasts","floor":10,"turns":2},{"damage":20,"enemies":"Lagavulin","floor":13,"turns":4},{"damage":0,"enemies":"Hexaghost","floor":16,"turns":2}],"seed_played":"-8915107551823920413","potions_obtained":[{"floor":1,"key":"EssenceOfSteel"},{"floor":6,"key":"FocusPotion"},{"floor":10,"key":"FocusPotion"}],"is_trial":false,"path_per_floor":["M","M","$","M","M","E","$","M","T","M","?","R","E","?","R","B"],"character_chosen":"DEFECT","items_purchased":[],"campfire_rested":2,"item_purchase_floors":[],"current_hp_per_floor":[74,70,70,68,61,53,53,42,42,42,27,49,29,34,58,58],"gold":144,"neow_bonus":"RANDOM_COMMON_RELIC","is_prod":false,"is_daily":false,"chose_seed":false,"campfire_upgraded":0,"win_rate":0,"timestamp":1561947292,"path_taken":["M","M","$","?","M","E","$","M","T","M","?","R","E","?","R","BOSS"],"build_version":"2019-01-23","purchased_purges":2,"victory":false,"max_hp_per_floor":[75,75,75,75,75,75,75,75,75,75,75,75,75,80,80,80],"card_choices":[{"not_picked":["Auto Shields","Steam"],"picked":"Cold Snap","floor":1},{"not_picked":["Compile Driver","Turbo"],"picked":"Sweeping Beam","floor":2},{"not_picked":["Meteor Strike","Stack"],"picked":"Chill","floor":4},{"not_picked":["Barrage","Beam Cell"],"picked":"Ball Lightning","floor":5},{"not_picked":["Beam Cell","Force Field"],"picked":"Core Surge","floor":6},{"not_picked":["Stack","Turbo","Leap"],"picked":"SKIP","floor":8},{"not_picked":["Auto Shields","Hello World"],"picked":"Gash","floor":10},{"not_picked":["Leap","Double Energy"],"picked":"Streamline","floor":13}],"player_experience":319609,"relics_obtained":[{"floor":6,"key":"Ginger"},{"floor":13,"key":"Frozen Egg 2"}],"event_choices":[{"damage_healed":0,"gold_gain":0,"player_choice":"Entered Light","damage_taken":15,"max_hp_gain":0,"max_hp_loss":0,"event_name":"Shining Light","floor":11,"gold_loss":0,"cards_upgraded":["Gash","Strike_B"]},{"damage_healed":0,"gold_gain":0,"player_choice":"Donut","damage_taken":0,"max_hp_gain":5,"max_hp_loss":0,"event_name":"Big Fish","floor":14,"gold_loss":0}],"is_beta":false,"boss_relics":[],"items_purged_floors":[3,7],"is_endless":false,"potions_floor_spawned":[1,6,10],"killed_by":"Hexaghost","ascension_level":3}