{"path_per_floor":["M","?","?","M","M","R","M","R","T","M","M","R","M","T","R","B",null,"M","M","?","?","$","M","R","M","T","R","$","R","M","M","R","B",null,"M","?"],"character_chosen":"THE_SILENT","items_purchased":["Vajra","All Out Attack"],"gold_per_floor":[109,109,109,128,143,143,162,162,162,180,200,200,210,258,258,359,359,328,341,341,341,45,60,60,79,102,102,2,2,16,28,28,128,128,144,144,144],"floor_reached":37,"campfire_rested":1,"playtime":3436,"current_hp_per_floor":[70,70,63,63,57,57,53,53,63,63,61,61,55,55,55,21,80,55,55,55,55,55,39,39,31,38,38,38,38,32,26,52,35,87,84,84,0],"items_purged":["Strike_G","Strike_G"],"gold":144,"score":388,"play_id":"26243e3f-1476-415c-8880-44172fa13485","local_time":"20180520023046","is_prod":false,"is_daily":false,"chose_seed":false,"is_ascension_mode":false,"campfire_upgraded":7,"timestamp":1526808646,"campfire_choices":[{"data":"Blur","floor":6,"key":"SMITH"},{"data":"Neutralize","floor":8,"key":"SMITH"},{"data":"Survivor","floor":12,"key":"SMITH"},{"data":"Predator","floor":15,"key":"SMITH"},{"data":"Backflip","floor":24,"key":"SMITH"},{"data":"Footwork","floor":27,"key":"SMITH"},{"data":"Well Laid Plans","floor":29,"key":"SMITH"},{"floor":32,"key":"REST"}],"path_taken":["M","?","?","M","M","R","M","R","T","M","M","R","?","?","R","BOSS","M","M","?","?","?","?","R","M","T","R","$","R","M","M","R","BOSS","M","?","BOSS"],"build_version":"2018-05-17","seed_source_timestamp":5244696725324,"purchased_purges":2,"victory":false,"master_deck":["Defend_G","Defend_G","Defend_G","Defend_G","Defend_G","Strike_G","Survivor+1","Neutralize+1","Blur+1","Predator+1","Sucker Punch+1","Heel Hook+1","Doppelganger","Escape Plan","Dodge and Roll","Deadly Poison","Backflip+1","Well Laid Plans+1","Noxious Fumes+1","Footwork+1","All Out Attack","Escape Plan","Envenom","Burst","Poisoned Stab+1"],"max_hp_per_floor":[70,70,70,70,70,70,70,70,80,80,80,80,80,80,80,80,80,80,80,80,80,80,80,80,80,87,87,87,87,87,87,87,87,87,87,87,87],"relics":["Ring of the Snake","Pear","Whetstone","Orrery","Vajra","Strawberry","Lizard Tail"],"card_choices":[{"not_picked":["Masterful Stab","Riddle With Holes"],"picked":"Blur","floor":1},{"not_picked":["Quick Slash","Slice","Terror"],"picked":"SKIP","floor":4},{"not_picked":["Deflect","Dagger Spray"],"picked":"Predator","floor":5},{"not_picked":["Acrobatics","Masterful Stab","Unload"],"picked":"SKIP","floor":7},{"not_picked":["Prepared","Choke"],"picked":"Sucker Punch","floor":10},{"not_picked":["Outmaneuver","Setup","Sucker Punch"],"picked":"SKIP","floor":11},{"not_picked":["Deflect","Outmaneuver"],"picked":"Heel Hook","floor":13},{"not_picked":["Die Die Die","Grand Finale"],"picked":"Doppelganger","floor":16},{"not_picked":["Dagger Spray","Sucker Punch"],"picked":"Escape Plan","floor":17},{"not_picked":["Slice","All Out Attack"],"picked":"Dodge and Roll","floor":17},{"not_picked":["Bane","Caltrops"],"picked":"Deadly Poison","floor":17},{"not_picked":["Deflect","Acrobatics"],"picked":"Backflip","floor":17},{"not_picked":["Acrobatics","Dagger Spray"],"picked":"Well Laid Plans","floor":18},{"not_picked":["Prepared","Deflect"],"picked":"Noxious Fumes+1","floor":19},{"not_picked":["Expertise","Sucker Punch","Dodge and Roll"],"picked":"SKIP","floor":23},{"not_picked":["Backflip","Flechettes"],"picked":"Escape Plan","floor":25},{"not_picked":["PiercingWail+1","Sucker Punch","Deflect+1"],"picked":"SKIP","floor":30},{"not_picked":["Skewer","Dagger Spray+1"],"picked":"Envenom","floor":31},{"not_picked":["After Image","Grand Finale"],"picked":"Burst","floor":33},{"not_picked":["Poisoned Stab+1","Prepared+1","Riddle With Holes+1"],"picked":"SKIP","floor":35},{"not_picked":["Prepared+1","Riddle With Holes+1"],"picked":"Poisoned Stab+1","floor":35}],"player_experience":209195,"potions_floor_usage":[16,31,31,37,37],"damage_taken":[{"damage":0,"enemies":"2 Louse","floor":1,"turns":4},{"damage":0,"enemies":"Jaw Worm","floor":4,"turns":6},{"damage":6,"enemies":"Cultist","floor":5,"turns":8},{"damage":4,"enemies":"Looter","floor":7,"turns":3},{"damage":0,"enemies":"Exordium Wildlife","floor":10,"turns":7},{"damage":2,"enemies":"Lots of Slimes","floor":11,"turns":8},{"damage":6,"enemies":"Exordium Thugs","floor":13,"turns":9},{"damage":49,"enemies":"Slime Boss","floor":16,"turns":19},{"damage":25,"enemies":"2 Thieves","floor":18,"turns":5},{"damage":0,"enemies":"Shell Parasite","floor":19,"turns":7},{"damage":16,"enemies":"Chosen and Byrds","floor":23,"turns":5},{"damage":8,"enemies":"Centurion and Healer","floor":25,"turns":9},{"damage":6,"enemies":"3 Cultists","floor":30,"turns":6},{"damage":6,"enemies":"Chosen and Byrds","floor":31,"turns":6},{"damage":17,"enemies":"Champ","floor":33,"turns":15},{"damage":3,"enemies":"Orb Walker","floor":35,"turns":5},{"damage":156,"enemies":"Donu and Deca","floor":37,"turns":11}],"relics_obtained":[{"floor":9,"key":"Pear"},{"floor":14,"key":"Whetstone"},{"floor":26,"key":"Strawberry"}],"event_choices":[{"event_name":"Golden Idol","player_choice":"Ignored","floor":2,"damage_taken":0},{"event_name":"Golden Wing","player_choice":"Card Removal","floor":3,"damage_taken":0},{"event_name":"Match and Keep!","player_choice":"1 cards matched","floor":20,"damage_taken":0},{"event_name":"The Mausoleum","player_choice":"No","floor":21,"damage_taken":0},{"event_name":"SecretPortal","player_choice":"Took Portal.","floor":36,"damage_taken":0}],"boss_relics":[{"not_picked":["Snecko Eye","Tiny House"],"picked":"Orrery"},{"not_picked":["White Beast Statue","Runic Dome"],"picked":"Lizard Tail"}],"potions_floor_spawned":[1,5,10,11,23,31,33,35],"seed_played":"7692321129884229986","killed_by":"Donu and Deca","ascension_level":0,"potions_obtained":[{"floor":1,"key":"Poison Potion"},{"floor":5,"key":"Regen Potion"},{"floor":10,"key":"Poison Potion"},{"floor":23,"key":"SteroidPotion"},{"floor":31,"key":"Strength Potion"},{"floor":33,"key":"Ancient Potion"}],"is_trial":false}