{"path_per_floor":["M","T","$","?","M","E","R","E","T","R","M","R","M","?","R","B",null,"M","?","$","M","M","R","?","$","T","R","M","M","R","M","R","B",null,"M","?","M","$","?","R","?","R","T","$","M","?","T","M","R"],"character_chosen":"THE_SILENT","items_purchased":["Noxious Fumes","Catalyst","Backflip"],"gold_per_floor":[119,144,31,106,124,155,155,184,184,184,195,195,207,157,157,254,254,271,271,137,151,166,166,166,17,17,17,31,51,51,69,69,167,167,186,186,196,46,46,46,0,0,0,0,14,14,14,32,32,32],"floor_reached":50,"campfire_rested":3,"playtime":3495,"current_hp_per_floor":[70,70,70,59,59,41,41,28,28,28,28,49,49,49,49,41,70,59,59,59,59,49,49,36,36,36,36,33,33,33,26,48,8,75,75,75,66,66,57,67,67,75,75,75,58,58,58,9,41,0],"items_purged":["Strike_G","Strike_G","Strike_G","Defend_G"],"gold":32,"score":448,"play_id":"a57f893b-8c81-47b8-ab8e-b9c1e4e6159a","local_time":"20180515215907","is_prod":false,"is_daily":false,"chose_seed":false,"is_ascension_mode":false,"campfire_upgraded":8,"timestamp":1526446747,"path_taken":["M","?","$","?","M","E","R","E","T","R","M","R","M","?","R","BOSS","M","?","$","?","M","R","?","?","T","R","M","?","R","M","R","BOSS","M","?","?","$","?","R","?","R","T","$","M","?","?","M","R","BOSS"],"build_version":"2018-05-10","seed_source_timestamp":12428940904665,"purchased_purges":4,"victory":false,"master_deck":["Defend_G","Defend_G","Defend_G","Defend_G","Survivor+1","Neutralize+1","Escape Plan","Noxious Fumes+1","Flying Knee","Well Laid Plans","Deadly Poison+1","Deflect","Cloak And Dagger","Tools of the Trade","Bouncing Flask+1","Catalyst","Blur+1","Backflip+1","Backflip","Bullet Time+1","Envenom+1","Poisoned Stab+1","Madness","Madness","Leg Sweep+1"],"max_hp_per_floor":[70,70,70,70,70,70,70,70,70,70,70,70,70,70,70,70,70,70,70,70,70,70,70,75,75,75,75,75,75,75,75,75,75,75,75,75,75,75,75,75,75,75,75,75,75,75,75,75,75,75],"relics":["Ring of the Snake","Happy Flower","Dream Catcher","Bottled Flame","Darkstone Periapt","Sozu","Unceasing Top","Eternal Feather","Red Mask","Toxic Egg 2","Molten Egg 2"],"card_choices":[{"not_picked":["Endless Agony","Deflect"],"picked":"Escape Plan","floor":1},{"not_picked":["Outmaneuver","Dagger Spray"],"picked":"Flying Knee","floor":5},{"not_picked":["Deflect","Backstab"],"picked":"Well Laid Plans","floor":6},{"not_picked":["Eviscerate","Dagger Throw"],"picked":"Heel Hook","floor":8},{"not_picked":["Slice","Skewer"],"picked":"Deadly Poison","floor":11},{"not_picked":["Dodge and Roll","Quick Slash"],"picked":"Deflect","floor":12},{"not_picked":["Endless Agony","Deflect"],"picked":"Cloak And Dagger","floor":13},{"not_picked":["Night Terror","A Thousand Cuts"],"picked":"Tools of the Trade","floor":16},{"not_picked":["Dagger Spray","Slice"],"picked":"Bouncing Flask","floor":18},{"not_picked":["Slice","Underhanded Strike"],"picked":"Blur","floor":21},{"not_picked":["Poisoned Stab","Finisher"],"picked":"Backflip","floor":29},{"not_picked":["Expertise","Predator"],"picked":"Bullet Time","floor":31},{"not_picked":["Wraith Form v2","Corpse Explosion"],"picked":"Envenom","floor":33},{"not_picked":["Flying Knee","Noxious Fumes"],"picked":"Poisoned Stab","floor":35},{"not_picked":["Deflect","Dodge and Roll"],"picked":"Leg Sweep","floor":45}],"player_experience":174859,"potions_floor_usage":[6,18],"damage_taken":[{"damage":0,"enemies":"Cultist","floor":1,"turns":4},{"damage":0,"enemies":"Small Slimes","floor":5,"turns":4},{"damage":18,"enemies":"Gremlin Nob","floor":6,"turns":5},{"damage":13,"enemies":"Lagavulin","floor":8,"turns":8},{"damage":0,"enemies":"2 Louse","floor":11,"turns":2},{"damage":0,"enemies":"Blue Slaver","floor":13,"turns":4},{"damage":8,"enemies":"Hexaghost","floor":16,"turns":9},{"damage":11,"enemies":"2 Thieves","floor":18,"turns":5},{"damage":0,"enemies":"3 Byrds","floor":21,"turns":5},{"damage":10,"enemies":"Snake Plant","floor":22,"turns":5},{"damage":3,"enemies":"Centurion and Healer","floor":28,"turns":5},{"damage":0,"enemies":"Cultist and Chosen","floor":29,"turns":6},{"damage":7,"enemies":"3 Cultists","floor":31,"turns":7},{"damage":40,"enemies":"Automaton","floor":33,"turns":8},{"damage":0,"enemies":"Orb Walker","floor":35,"turns":3},{"damage":9,"enemies":"3 Shapes","floor":37,"turns":5},{"damage":17,"enemies":"3 Darklings","floor":45,"turns":6},{"damage":49,"enemies":"Sphere and 2 Shapes","floor":48,"turns":5},{"damage":52,"enemies":"Donu and Deca","floor":50,"turns":7}],"event_choices":[{"event_name":"World of Goop","player_choice":"Gather Gold","floor":4,"damage_taken":0},{"event_name":"The Cleric","player_choice":"Card Removal","floor":14,"damage_taken":0},{"event_name":"Back to Basics","player_choice":"Elegance","floor":19,"damage_taken":0},{"event_name":"Forgotten Altar","player_choice":"Shed Blood","floor":24,"damage_taken":0},{"event_name":"The Woman in Blue","player_choice":"Bought 0 Potions","floor":36,"damage_taken":0},{"event_name":"Winding Halls","player_choice":"Embrace Madness","floor":39,"damage_taken":0},{"event_name":"Tomb of Lord Red Mask","player_choice":"Paid","floor":41,"damage_taken":0}],"boss_relics":[{"not_picked":["Orrery","Astrolabe"],"picked":"Sozu"},{"not_picked":["Calling Bell","Philosopher\u0027s Stone"],"picked":"Eternal Feather"}],"potions_floor_spawned":[1,11,21,28,35,48],"seed_played":"1073279749578607357","killed_by":"Donu and Deca","ascension_level":0,"is_trial":false}