{"path_per_floor":["M","M","$","?","M","R","M","?","T","R","M","M","R","M","R","B",null,"M","M","$","$","?","R","M","M","T","R","M","M","M","?","R"],"character_chosen":"THE_SILENT","items_purchased":["Noxious Fumes","Blood Vial","Well Laid Plans"],"gold_per_floor":[209,227,0,0,11,11,21,21,21,21,41,56,56,74,74,174,174,189,199,45,45,45,45,56,73,73,73,88,98,110,110,110,110],"floor_reached":33,"campfire_rested":2,"playtime":2151,"item_purchase_floors":[3,3,20],"current_hp_per_floor":[63,62,62,62,56,56,53,39,39,39,32,29,29,35,56,47,64,65,49,49,49,49,49,49,45,45,45,49,30,8,8,29,0],"items_purged":["Strike_G"],"gold":110,"score":316,"play_id":"cc1a7f90-1b7f-4c12-9f6f-05aa31c2d8b2","local_time":"20180528125535","is_prod":false,"is_daily":false,"chose_seed":false,"is_ascension_mode":true,"campfire_upgraded":5,"win_rate":0,"timestamp":1527537335,"campfire_choices":[{"data":"Noxious Fumes","floor":6,"key":"SMITH"},{"data":"Neutralize","floor":10,"key":"SMITH"},{"data":"Bandage Up","floor":13,"key":"SMITH"},{"floor":15,"key":"REST"},{"data":"Well Laid Plans","floor":23,"key":"SMITH"},{"data":"Outmaneuver","floor":27,"key":"SMITH"},{"floor":32,"key":"REST"}],"path_taken":["M","M","$","?","M","R","?","?","T","R","?","M","R","M","R","BOSS","M","M","?","$","?","R","M","M","T","R","M","M","M","?","R","BOSS"],"build_version":"2018-05-24","seed_source_timestamp":3625657439667,"purchased_purges":1,"victory":false,"master_deck":["Defend_G+1","Defend_G+1","Defend_G+1","Defend_G+1","Defend_G+1","Strike_G+1","Strike_G+1","Strike_G+1","Strike_G+1","Survivor+1","Neutralize+1","Deadly Poison","Noxious Fumes+1","Bandage Up+1","Flying Knee","Die Die Die","Cloak And Dagger","Prepared","Well Laid Plans+1","Outmaneuver+1","Backflip","Footwork","Acrobatics"],"max_hp_per_floor":[70,70,70,70,70,70,70,70,70,70,70,70,70,70,70,70,70,70,70,70,70,70,70,70,70,70,70,70,70,70,70,70,70],"relics":["Ring of the Snake","Blood Vial","Mercury Hourglass","Black Star","Shuriken"],"card_choices":[{"not_picked":["Accuracy","Flechettes","Bane"],"picked":"SKIP","floor":1},{"not_picked":["Setup","Dodge and Roll"],"picked":"Deadly Poison","floor":2},{"not_picked":["Riddle With Holes","Slice","Die Die Die"],"picked":"SKIP","floor":5},{"not_picked":["Concentrate","PiercingWail","Underhanded Strike"],"picked":"SKIP","floor":7},{"not_picked":["Underhanded Strike","Leg Sweep"],"picked":"Flying Knee","floor":11},{"not_picked":["Slice","Poisoned Stab","Cloak And Dagger"],"picked":"SKIP","floor":12},{"not_picked":["Endless Agony","Leg Sweep","Dagger Throw"],"picked":"SKIP","floor":14},{"not_picked":["A Thousand Cuts","Unload"],"picked":"Die Die Die","floor":16},{"not_picked":["Sucker Punch","Slice"],"picked":"Cloak And Dagger","floor":18},{"not_picked":["Bane","Cloak And Dagger"],"picked":"Prepared","floor":19},{"not_picked":["Well Laid Plans","Setup"],"picked":"Outmaneuver","floor":24},{"not_picked":["Endless Agony","Cloak And Dagger","Outmaneuver"],"picked":"SKIP","floor":25},{"not_picked":["Calculated Gamble","Concentrate"],"picked":"Backflip","floor":28},{"not_picked":["Poisoned Stab","Dagger Throw"],"picked":"Footwork","floor":29},{"not_picked":["Deflect","Quick Slash"],"picked":"Acrobatics","floor":30}],"player_experience":430752,"potions_floor_usage":[11,18,19,24,30],"damage_taken":[{"damage":0,"enemies":"2 Louse","floor":1,"turns":3},{"damage":1,"enemies":"Cultist","floor":2,"turns":3},{"damage":12,"enemies":"Jaw Worm","floor":5,"turns":4},{"damage":9,"enemies":"Exordium Thugs","floor":7,"turns":5},{"damage":13,"enemies":"Lots of Slimes","floor":11,"turns":3},{"damage":9,"enemies":"Red Slaver","floor":12,"turns":4},{"damage":2,"enemies":"Exordium Wildlife","floor":14,"turns":3},{"damage":17,"enemies":"The Guardian","floor":16,"turns":11},{"damage":1,"enemies":"3 Byrds","floor":18,"turns":2},{"damage":24,"enemies":"2 Thieves","floor":19,"turns":5},{"damage":8,"enemies":"3 Cultists","floor":24,"turns":6},{"damage":12,"enemies":"Snake Plant","floor":25,"turns":6},{"damage":4,"enemies":"Centurion and Healer","floor":28,"turns":7},{"damage":27,"enemies":"Sentry and Sphere","floor":29,"turns":6},{"damage":30,"enemies":"Cultist and Chosen","floor":30,"turns":8},{"damage":54,"enemies":"Champ","floor":33,"turns":12}],"relics_obtained":[{"floor":9,"key":"Mercury Hourglass"},{"floor":26,"key":"Shuriken"}],"event_choices":[{"event_name":"Match and Keep!","player_choice":"1 cards matched","floor":4,"damage_taken":0},{"event_name":"Shining Light","player_choice":"Entered Light","floor":8,"damage_taken":0},{"event_name":"Back to Basics","player_choice":"Simplicity","floor":22,"damage_taken":0},{"event_name":"Drug Dealer","player_choice":"Ignored","floor":31,"damage_taken":0}],"boss_relics":[{"not_picked":["Calling Bell","Cursed Key"],"picked":"Black Star"}],"items_purged_floors":[20],"potions_floor_spawned":[1,7,14,16,19,24,29,30],"seed_played":"2590048944880533842","killed_by":"Champ","ascension_level":6,"potions_obtained":[{"floor":1,"key":"Ancient Potion"},{"floor":7,"key":"EssenceOfSteel"},{"floor":14,"key":"SteroidPotion"},{"floor":16,"key":"PowerPotion"},{"floor":19,"key":"Block Potion"},{"floor":24,"key":"EssenceOfSteel"},{"floor":29,"key":"EntropicBrew"},{"floor":30,"key":"Weak Potion"}],"is_trial":false}