{"path_per_floor":["M","M","M","M","$","R","M","?","T","E","R","T","R","E","R","B",null,"M","M","?","M","$","R","M","R","T","M","M","R","M","M","R","B",null,"M","?","M","?","$","M","R","M","T","R","M"],"character_chosen":"THE_SILENT","items_purchased":["Pen Nib","Kunai","Infinite Blades","Acrobatics"],"gold_per_floor":[114,124,144,161,13,13,31,31,54,84,84,84,84,111,111,209,209,221,234,234,251,5,5,19,19,19,38,55,55,72,86,86,182,182,201,201,216,216,53,67,67,86,86,86,96,96],"floor_reached":46,"campfire_rested":1,"playtime":3628,"item_purchase_floors":[5,22,39,39],"current_hp_per_floor":[66,65,65,50,50,50,46,32,32,30,30,30,51,41,41,39,70,64,59,59,56,56,56,52,52,52,47,49,49,51,53,53,31,70,39,39,41,41,41,32,32,34,34,34,22,0],"items_purged":["Strike_G"],"gold":96,"score":523,"play_id":"75e16eea-fd4f-4c26-839e-04b97e48c3ea","local_time":"20180526021319","is_prod":false,"is_daily":false,"chose_seed":false,"is_ascension_mode":true,"campfire_upgraded":9,"win_rate":0,"timestamp":1527325999,"campfire_choices":[{"data":"Neutralize","floor":6,"key":"SMITH"},{"data":"Outmaneuver","floor":11,"key":"SMITH"},{"floor":13,"key":"REST"},{"data":"Backflip","floor":15,"key":"SMITH"},{"data":"Tools of the Trade","floor":23,"key":"SMITH"},{"data":"Infinite Blades","floor":25,"key":"SMITH"},{"data":"Noxious Fumes","floor":29,"key":"SMITH"},{"data":"Well Laid Plans","floor":32,"key":"SMITH"},{"data":"Envenom","floor":41,"key":"SMITH"},{"data":"Acrobatics","floor":44,"key":"SMITH"}],"path_taken":["M","M","M","M","$","R","M","?","T","E","R","?","R","E","R","BOSS","M","M","?","M","$","R","M","R","T","?","M","R","M","M","R","BOSS","M","?","M","?","$","M","R","M","T","R","M","M"],"build_version":"2018-05-24","seed_source_timestamp":31643854336728,"purchased_purges":1,"victory":false,"master_deck":["Defend_G","Defend_G","Defend_G","Defend_G","Defend_G","Strike_G","Strike_G","Strike_G","Strike_G","Survivor+1","Neutralize+1","Flying Knee","Deadly Poison+1","Outmaneuver+1","Backflip+1","Tools of the Trade+1","Backflip+1","Dagger Throw+1","Infinite Blades+1","Well Laid Plans+1","Noxious Fumes+1","Blur","Envenom+1","Footwork+1","Noxious Fumes+1","Infinite Blades","Acrobatics+1"],"max_hp_per_floor":[70,70,70,70,70,70,70,70,70,70,70,70,70,70,70,70,70,70,70,70,70,70,70,70,70,70,70,70,70,70,70,70,70,70,70,70,70,70,70,70,70,70,70,70,70,70],"relics":["Ring of the Snake","Potion Belt","Pen Nib","Vajra","Blood Vial","Ornamental Fan","Anchor","Sozu","Kunai","Blue Candle","Black Star","Ginger"],"card_choices":[{"not_picked":["Acrobatics","Bane"],"picked":"Flying Knee","floor":1},{"not_picked":["Flying Knee","Escape Plan"],"picked":"Deadly Poison","floor":2},{"not_picked":["Night Terror","Flechettes"],"picked":"Outmaneuver","floor":3},{"not_picked":["Dagger Spray","Poisoned Stab","Prepared"],"picked":"SKIP","floor":4},{"not_picked":["Infinite Blades","Bane","Calculated Gamble"],"picked":"SKIP","floor":7},{"not_picked":["Flying Knee","Dagger Spray","Underhanded Strike"],"picked":"SKIP","floor":10},{"not_picked":["Deadly Poison","Caltrops"],"picked":"Backflip","floor":14},{"not_picked":["After Image","Doppelganger"],"picked":"Tools of the Trade","floor":16},{"not_picked":["Masterful Stab","Predator","Deadly Poison"],"picked":"SKIP","floor":18},{"not_picked":["Underhanded Strike","Die Die Die"],"picked":"Backflip+1","floor":19},{"not_picked":["Backflip+1","Bane"],"picked":"Dagger Throw+1","floor":21},{"not_picked":["Quick Slash+1","Reflex"],"picked":"Infinite Blades","floor":24},{"not_picked":["Setup","Deflect"],"picked":"Well Laid Plans","floor":27},{"not_picked":["Cloak And Dagger+1","Outmaneuver"],"picked":"Noxious Fumes","floor":28},{"not_picked":["Choke","Flechettes"],"picked":"Blur","floor":30},{"not_picked":["Dodge and Roll","Deadly Poison","Concentrate"],"picked":"SKIP","floor":31},{"not_picked":["Doppelganger","Bullet Time"],"picked":"Envenom","floor":33},{"not_picked":["Skewer+1","PiercingWail+1"],"picked":"Footwork+1","floor":35},{"not_picked":["Endless Agony+1","Bane","Crippling Poison+1"],"picked":"SKIP","floor":37},{"not_picked":["Dagger Spray+1","Sucker Punch+1","Flying Knee+1"],"picked":"SKIP","floor":40},{"not_picked":["Underhanded Strike+1","Sucker Punch","Deflect+1"],"picked":"SKIP","floor":42},{"not_picked":["Finisher","Bane+1","Calculated Gamble"],"picked":"SKIP","floor":45}],"player_experience":364198,"potions_floor_usage":[10,10,14],"damage_taken":[{"damage":4,"enemies":"Small Slimes","floor":1,"turns":5},{"damage":1,"enemies":"Jaw Worm","floor":2,"turns":6},{"damage":0,"enemies":"2 Louse","floor":3,"turns":4},{"damage":15,"enemies":"Exordium Wildlife","floor":4,"turns":8},{"damage":4,"enemies":"Large Slime","floor":7,"turns":6},{"damage":17,"enemies":"3 Sentries","floor":10,"turns":7},{"damage":12,"enemies":"Lagavulin","floor":14,"turns":5},{"damage":4,"enemies":"The Guardian","floor":16,"turns":10},{"damage":6,"enemies":"2 Thieves","floor":18,"turns":5},{"damage":7,"enemies":"3 Byrds","floor":19,"turns":7},{"damage":5,"enemies":"Snecko","floor":21,"turns":7},{"damage":6,"enemies":"Snake Plant","floor":24,"turns":4},{"damage":7,"enemies":"Cultist and Chosen","floor":27,"turns":7},{"damage":0,"enemies":"Centurion and Healer","floor":28,"turns":5},{"damage":0,"enemies":"Snecko","floor":30,"turns":6},{"damage":0,"enemies":"3 Cultists","floor":31,"turns":5},{"damage":24,"enemies":"Collector","floor":33,"turns":9},{"damage":31,"enemies":"3 Darklings","floor":35,"turns":5},{"damage":0,"enemies":"Orb Walker","floor":37,"turns":5},{"damage":11,"enemies":"Sphere and 2 Shapes","floor":40,"turns":6},{"damage":0,"enemies":"Maw","floor":42,"turns":8},{"damage":14,"enemies":"3 Darklings","floor":45,"turns":5},{"damage":27,"enemies":"Sphere and 2 Shapes","floor":46,"turns":5}],"relics_obtained":[{"floor":9,"key":"Vajra"},{"floor":10,"key":"Blood Vial"},{"floor":12,"key":"Ornamental Fan"},{"floor":14,"key":"Anchor"},{"floor":26,"key":"Blue Candle"},{"floor":43,"key":"Ginger"}],"event_choices":[{"event_name":"Shining Light","player_choice":"Entered Light","floor":8,"damage_taken":0},{"event_name":"Vampires","player_choice":"Ignored","floor":20,"damage_taken":0},{"event_name":"Duplicator","player_choice":"One dupe","floor":36,"damage_taken":0},{"event_name":"Tomb of Lord Red Mask","player_choice":"Ignored","floor":38,"damage_taken":0}],"boss_relics":[{"not_picked":["Eternal Feather","Orrery"],"picked":"Sozu"},{"not_picked":["Runic Pyramid","Calling Bell"],"picked":"Black Star"}],"items_purged_floors":[39],"potions_floor_spawned":[2,7,10,19,24,30,33,37,42],"seed_played":"59792245851282087","killed_by":"Sphere and 2 Shapes","ascension_level":4,"potions_obtained":[{"floor":2,"key":"Regen Potion"},{"floor":7,"key":"Weak Potion"},{"floor":10,"key":"Energy Potion"}],"is_trial":false}