{"gold_per_floor":[109,120,195,208,220,220,252,218,244,244,255,266,291,291],"floor_reached":14,"playtime":721,"items_purged":[],"score":112,"play_id":"06cb9339-f1f3-4103-a711-9546cc4a2508","local_time":"20190628212726","is_ascension_mode":true,"campfire_choices":[{"floor":6.0,"key":"REST"},{"floor":10.0,"key":"REST"}],"neow_cost":"NONE","seed_source_timestamp":1343558282619752,"circlet_count":0,"master_deck":["Defend_G","Defend_G","Defend_G","Defend_G","Defend_G","Strike_G","Strike_G","Strike_G","Strike_G","Strike_G","Survivor","Neutralize","Blade Dance","Blade Dance","Caltrops","Footwork","Expertise","Accuracy","Accuracy","Blade Dance","Blur"],"special_seed":0,"relics":["Ring of the Snake","Orichalcum","Oddly Smooth Stone"],"potions_floor_usage":[],"damage_taken":[{"damage":8.0,"enemies":"Jaw Worm","floor":1.0,"turns":4.0},{"damage":1.0,"enemies":"Cultist","floor":2.0,"turns":3.0},{"damage":7.0,"enemies":"2 Louse","floor":4.0,"turns":2.0},{"damage":28.0,"enemies":"Gremlin Gang","floor":5.0,"turns":7.0},{"damage":35.0,"enemies":"Lagavulin","floor":7.0,"turns":6.0},{"damage":10.0,"enemies":"3 Louse","floor":11.0,"turns":4.0},{"damage":8.0,"enemies":"Large Slime","floor":12.0,"turns":6.0},{"damage":26,"enemies":"Gremlin Nob","floor":13,"turns":4},{"damage":0,"enemies":"Gremlin Gang","floor":14,"turns":1}],"seed_played":"1147293057469048860","potions_obtained":[{"floor":1.0,"key":"AttackPotion"},{"floor":2.0,"key":"Regen Potion"},{"floor":13,"key":"Dexterity Potion"}],"is_trial":false,"path_per_floor":["M","M","?","M","M","R","E","$","T","R","M","M","E","M"],"character_chosen":"THE_SILENT","items_purchased":["Accuracy"],"campfire_rested":2,"item_purchase_floors":[8],"current_hp_per_floor":[69,68,57,50,22,45,25,25,25,48,38,30,4,4],"gold":291,"neow_bonus":"TEN_PERCENT_HP_BONUS","is_prod":false,"is_daily":false,"chose_seed":false,"campfire_upgraded":0,"win_rate":0,"timestamp":1561771646,"path_taken":["M","M","?","M","M","R","E","?","T","R","M","M","E","?"],"build_version":"2019-01-23","purchased_purges":0,"victory":false,"max_hp_per_floor":[77,77,77,77,77,77,77,77,77,77,77,77,77,77],"card_choices":[{"not_picked":["Calculated Gamble","Escape Plan"],"picked":"Blade Dance","floor":1.0},{"not_picked":["Underhanded Strike","Acrobatics"],"picked":"Blade Dance","floor":2.0},{"not_picked":["Cloak And Dagger","Bane"],"picked":"Caltrops","floor":4.0},{"not_picked":["Underhanded Strike","Blur"],"picked":"Footwork","floor":5.0},{"not_picked":["Quick Slash","Underhanded Strike"],"picked":"Expertise","floor":7.0},{"not_picked":["Choke","Dagger Throw"],"picked":"Accuracy","floor":11.0},{"not_picked":["Backflip","Night Terror"],"picked":"Blade Dance","floor":12},{"not_picked":["Deflect","Deadly Poison"],"picked":"Blur","floor":13}],"player_experience":258599,"relics_obtained":[{"floor":7.0,"key":"Orichalcum"},{"floor":13,"key":"Oddly Smooth Stone"}],"event_choices":[{"damage_healed":0.0,"max_hp_gain":0.0,"max_hp_loss":0.0,"gold_gain":75.0,"event_name":"World of Goop","player_choice":"Gather Gold","floor":3.0,"gold_loss":0.0,"damage_taken":11.0}],"is_beta":false,"boss_relics":[],"items_purged_floors":[],"is_endless":false,"potions_floor_spawned":[1,2,13],"killed_by":"Gremlin Gang","ascension_level":2}