{"gold_per_floor":[118,135,235,247,266,266,297,307,307,190,205,44,44,71,71,172,172,172],"floor_reached":18,"playtime":1326,"items_purged":["Defend_R"],"score":215,"play_id":"ad4c3198-dd78-45b3-a049-f336dcf33049","local_time":"20191015212327","is_ascension_mode":true,"campfire_choices":[{"data":"Metallicize","floor":6,"key":"SMITH"},{"data":"Armaments","floor":13,"key":"SMITH"},{"data":"Body Slam","floor":15,"key":"SMITH"}],"neow_cost":"NONE","seed_source_timestamp":492645982779400,"circlet_count":0,"master_deck":["Strike_R","Strike_R","Strike_R","Strike_R","Strike_R","Defend_R","Defend_R","Defend_R","Bash","Power Through","Cleave","Metallicize+1","Metallicize","Battle Trance","Body Slam+1","Reaper","Feel No Pain","Ghostly Armor","Armaments+1","Second Wind","Burning Pact","Exhume"],"relics":["Burning Blood","Prayer Wheel","The Courier","Blood Vial","Cursed Key"],"potions_floor_usage":[7,14,14,16],"damage_taken":[{"damage":7,"enemies":"2 Louse","floor":1,"turns":3},{"damage":16,"enemies":"Cultist","floor":2,"turns":4},{"damage":2,"enemies":"Jaw Worm","floor":4,"turns":4},{"damage":13,"enemies":"Blue Slaver","floor":5,"turns":4},{"damage":39,"enemies":"Lagavulin","floor":7,"turns":8},{"damage":6,"enemies":"Exordium Wildlife","floor":8,"turns":3},{"damage":0,"enemies":"Large Slime","floor":11,"turns":8},{"damage":16,"enemies":"3 Sentries","floor":14,"turns":6},{"damage":52,"enemies":"Hexaghost","floor":16,"turns":18},{"damage":31,"enemies":"Spheric Guardian","floor":18,"turns":6}],"seed_played":"-684043233261030539","potions_obtained":[{"floor":4,"key":"EssenceOfSteel"},{"floor":5,"key":"FearPotion"},{"floor":11,"key":"AttackPotion"},{"floor":14,"key":"Fruit Juice"}],"is_trial":false,"path_per_floor":["M","M","?","M","M","R","E","M","T","$","M","$","R","E","R","B",null,"M"],"character_chosen":"IRONCLAD","items_purchased":["Feel No Pain","Armaments","Second Wind","Burning Pact"],"campfire_rested":0,"item_purchase_floors":[10,12,12,12],"current_hp_per_floor":[87,77,77,81,74,74,41,41,41,41,55,55,55,58,58,18,74,45],"gold":172,"neow_bonus":"TEN_PERCENT_HP_BONUS","is_prod":false,"is_daily":false,"chose_seed":false,"campfire_upgraded":3,"win_rate":0,"timestamp":1571189007,"path_taken":["M","M","?","M","?","R","E","M","T","?","?","$","R","E","R","BOSS","M"],"build_version":"2019-07-17","purchased_purges":1,"victory":false,"max_hp_per_floor":[88,88,88,88,88,88,88,88,88,88,88,88,88,93,93,93,93,93],"card_choices":[{"not_picked":["Warcry","Flex"],"picked":"Power Through","floor":1},{"not_picked":["Anger","Rage"],"picked":"Cleave","floor":2},{"not_picked":["Iron Wave","Pommel Strike"],"picked":"Metallicize","floor":4},{"not_picked":["Body Slam","Power Through"],"picked":"Metallicize","floor":5},{"not_picked":["Cleave","Pommel Strike"],"picked":"Battle Trance","floor":7},{"not_picked":["True Grit","Twin Strike"],"picked":"Body Slam","floor":8},{"not_picked":["Clash","Anger"],"picked":"Reaper","floor":8},{"not_picked":["Evolve","Flex"],"picked":"Ghostly Armor","floor":11},{"not_picked":["Thunderclap","Pommel Strike","Rampage"],"picked":"SKIP","floor":11},{"not_picked":["Inflame","Demon Form","Havoc"],"picked":"SKIP","floor":14},{"not_picked":["Double Tap","Offering"],"picked":"Exhume","floor":16}],"player_experience":388435,"relics_obtained":[{"floor":7,"key":"Prayer Wheel"},{"floor":9,"key":"The Courier"},{"floor":14,"key":"Blood Vial"}],"event_choices":[{"damage_healed":0,"gold_gain":100,"player_choice":"Pray","damage_taken":0,"max_hp_gain":0,"max_hp_loss":0,"event_name":"Golden Shrine","floor":3,"gold_loss":0}],"is_beta":false,"boss_relics":[{"not_picked":["Calling Bell","Sozu"],"picked":"Cursed Key"}],"items_purged_floors":[10],"is_endless":false,"potions_floor_spawned":[4,5,11,14],"killed_by":"Spheric Guardian","ascension_level":5}