{"gold_per_floor":[213,231,246,260,32,66,66,97,97,17,17,31,31,46,46,141,141,153,153,169,29,56,56,71,97,97,97,97,112,144,155,155,255,255,272,282,282,300,300],"floor_reached":39,"playtime":2182,"items_purged":["Strike_B","Strike_B"],"score":458,"play_id":"2a471bc4-a077-4170-a452-f2257485298c","local_time":"20190915104249","is_ascension_mode":false,"campfire_choices":[{"data":"Loop","floor":7,"key":"SMITH"},{"floor":13,"key":"REST"},{"data":"Consume","floor":15,"key":"SMITH"},{"floor":23,"key":"REST"},{"floor":27,"key":"REST"},{"floor":32,"key":"RECALL"}],"neow_cost":"NONE","seed_source_timestamp":1007006997033400,"circlet_count":0,"master_deck":["Strike_B","Defend_B","Defend_B","Defend_B","Defend_B","Zap","Dualcast","Storm","Cold Snap","Reprogram","Storm","Loop+1","Capacitor","Consume+1","Static Discharge","White Noise","Melter","Electrodynamics+1","Capacitor","Steam","Fusion","Leap","Stack","Parasite"],"relics":["Cracked Core","Pantograph","Dream Catcher","Regal Pillow","Busted Crown","Red Mask","Meat on the Bone","The Courier","Sozu"],"potions_floor_usage":[8,8,14,22,25,25,33,39],"damage_taken":[{"damage":2,"enemies":"Small Slimes","floor":1,"turns":3},{"damage":1,"enemies":"Cultist","floor":2,"turns":3},{"damage":0,"enemies":"2 Louse","floor":3,"turns":2},{"damage":11,"enemies":"Large Slime","floor":4,"turns":9},{"damage":18,"enemies":"Lagavulin","floor":6,"turns":7},{"damage":0,"enemies":"Gremlin Nob","floor":8,"turns":3},{"damage":36,"enemies":"Gremlin Gang","floor":12,"turns":4},{"damage":0,"enemies":"3 Louse","floor":14,"turns":1},{"damage":6,"enemies":"Slime Boss","floor":16,"turns":7},{"damage":25,"enemies":"2 Thieves","floor":18,"turns":3},{"damage":11,"enemies":"3 Byrds","floor":20,"turns":2},{"damage":23,"enemies":"Masked Bandits","floor":22,"turns":3},{"damage":34,"enemies":"Shelled Parasite and Fungi","floor":24,"turns":3},{"damage":19,"enemies":"Gremlin Leader","floor":25,"turns":5},{"damage":7,"enemies":"Sentry and Sphere","floor":29,"turns":4},{"damage":23,"enemies":"Slavers","floor":30,"turns":2},{"damage":10,"enemies":"Snecko","floor":31,"turns":4},{"damage":57,"enemies":"Collector","floor":33,"turns":6},{"damage":38,"enemies":"3 Darklings","floor":35,"turns":4},{"damage":9,"enemies":"3 Shapes","floor":36,"turns":3},{"damage":37,"enemies":"Writhing Mass","floor":38,"turns":5},{"damage":24,"enemies":"3 Darklings","floor":39,"turns":2}],"seed_played":"6686593278120377480","potions_obtained":[{"floor":1,"key":"SpeedPotion"},{"floor":6,"key":"PowerPotion"},{"floor":12,"key":"Explosive Potion"},{"floor":16,"key":"Poison Potion"},{"floor":20,"key":"Regen Potion"},{"floor":25,"key":"FocusPotion"},{"floor":30,"key":"Ancient Potion"},{"floor":33,"key":"DuplicationPotion"}],"is_trial":false,"path_per_floor":["M","M","M","M","$","E","R","E","T","$","?","M","R","M","R","B",null,"M","$","M","$","?","R","M","E","T","R","?","M","E","M","R","B",null,"M","M","?","M","M"],"character_chosen":"DEFECT","items_purchased":["Loop","FocusPotion","Static Discharge","Capacitor"],"campfire_rested":3,"item_purchase_floors":[5,5,10,21],"current_hp_per_floor":[73,72,72,61,61,43,43,43,43,43,43,7,44,44,44,63,75,50,50,39,39,16,53,19,14,14,51,51,44,33,35,35,15,75,49,40,40,15,0],"gold":300,"neow_bonus":"HUNDRED_GOLD","is_prod":false,"is_daily":false,"chose_seed":false,"campfire_upgraded":2,"win_rate":0,"timestamp":1568562169,"path_taken":["M","M","M","M","$","E","R","E","T","$","?","M","R","M","R","BOSS","M","?","?","$","?","R","M","E","T","R","?","M","E","M","R","BOSS","M","?","?","M","M"],"build_version":"2019-09-12","purchased_purges":2,"victory":false,"max_hp_per_floor":[75,75,75,75,75,75,75,75,75,75,75,75,75,75,75,75,75,75,75,75,75,75,75,75,75,75,75,75,75,75,75,75,75,75,75,75,75,75,75],"card_choices":[{"not_picked":["Cold Snap","Ball Lightning"],"picked":"Storm","floor":1},{"not_picked":["Doom and Gloom","Go for the Eyes"],"picked":"Cold Snap","floor":2},{"not_picked":["Rip and Tear","Auto Shields"],"picked":"Reprogram","floor":3},{"not_picked":["Hologram","Streamline"],"picked":"Storm","floor":4},{"not_picked":["Reprogram","Reinforced Body"],"picked":"Capacitor","floor":6},{"not_picked":["Stack","Sweeping Beam"],"picked":"Consume","floor":8},{"not_picked":["Cold Snap","Gash"],"picked":"White Noise","floor":12},{"not_picked":["Streamline","Turbo"],"picked":"Melter","floor":13},{"not_picked":["Darkness","Hologram","Aggregate"],"picked":"SKIP","floor":14},{"not_picked":["Core Surge","Seek"],"picked":"Electrodynamics","floor":16},{"not_picked":["Rebound+1"],"picked":"SKIP","floor":18},{"not_picked":["Skim"],"picked":"SKIP","floor":20},{"not_picked":[],"picked":"Steam","floor":24},{"not_picked":["Darkness"],"picked":"SKIP","floor":25},{"not_picked":["Sunder"],"picked":"SKIP","floor":29},{"not_picked":[],"picked":"Fusion","floor":30},{"not_picked":[],"picked":"Leap","floor":31},{"not_picked":["Darkness"],"picked":"SKIP","floor":35},{"not_picked":[],"picked":"Stack","floor":36},{"not_picked":["Leap+1"],"picked":"SKIP","floor":38}],"player_experience":281502,"relics_obtained":[{"floor":6,"key":"Pantograph"},{"floor":8,"key":"Dream Catcher"},{"floor":9,"key":"Regal Pillow"},{"floor":22,"key":"Red Mask"},{"floor":25,"key":"Meat on the Bone"},{"floor":30,"key":"The Courier"}],"event_choices":[{"cards_removed":["Strike_B"],"damage_healed":0,"gold_gain":0,"player_choice":"Purged","damage_taken":0,"max_hp_gain":0,"max_hp_loss":0,"event_name":"Purifier","floor":11,"gold_loss":0},{"damage_healed":0,"gold_gain":0,"player_choice":"Fought Bandits","damage_taken":0,"max_hp_gain":0,"max_hp_loss":0,"event_name":"Masked Bandits","floor":22,"gold_loss":0},{"damage_healed":0,"gold_gain":0,"player_choice":"Upgraded","damage_taken":0,"max_hp_gain":0,"max_hp_loss":0,"event_name":"Upgrade Shrine","floor":28,"gold_loss":0,"cards_upgraded":["Electrodynamics"]},{"damage_healed":0,"gold_gain":0,"player_choice":"Ignored","damage_taken":0,"max_hp_gain":0,"max_hp_loss":0,"event_name":"SecretPortal","floor":37,"gold_loss":0}],"is_beta":true,"boss_relics":[{"not_picked":["Coffee Dripper","Fusion Hammer"],"picked":"Busted Crown"},{"not_picked":["Cursed Key","Philosopher\u0027s Stone"],"picked":"Sozu"}],"items_purged_floors":[5,21],"is_endless":false,"potions_floor_spawned":[1,6,12,16,20,25,30,33,38],"killed_by":"3 Darklings","ascension_level":0}