{"gold_per_floor":[112,112,62,79,92,119,119,149,149,149,175,190,190,208,208,303,303,315,33,33,46,61,61,96,110,110,121,132,132,167,182,182,287,287,301,314,314,224,236,268,268,302,326,344,344,359,359,9,9,9],"floor_reached":51,"playtime":26451,"items_purged":[],"score":1236,"play_id":"f4c3364e-5f44-4609-8fe3-3979bce48dee","local_time":"20190908165523","is_ascension_mode":true,"campfire_choices":[{"floor":7.0,"key":"REST"},{"floor":10.0,"key":"REST"},{"floor":15.0,"key":"REST"},{"floor":23.0,"key":"REST"},{"data":"After Image","floor":29,"key":"SMITH"},{"data":"Calculated Gamble","floor":32,"key":"SMITH"},{"data":"Tools of the Trade","floor":41,"key":"SMITH"},{"data":"Accuracy","floor":45,"key":"SMITH"},{"data":"Footwork","floor":47,"key":"SMITH"},{"data":"Eviscerate","floor":49,"key":"SMITH"}],"neow_cost":"NONE","seed_source_timestamp":0,"circlet_count":0,"master_deck":["Strike_G+1","Strike_G","Strike_G","Strike_G","Defend_G","Defend_G","Defend_G","Defend_G","Defend_G","Survivor","Neutralize+1","Blade Dance","Slice","Slice","After Image+1","Unload","Endless Agony","Skewer+1","Deflect","Tools of the Trade+1","Blade Dance","Footwork+1","Prepared+1","Concentrate","Deflect","Footwork+1","Calculated Gamble+1","Malaise","Deflect+1","Impatience","Malaise","Escape Plan+1","Accuracy+1","Cloak And Dagger+1","Eviscerate+1","Tools of the Trade"],"special_seed":0,"relics":["Ring of the Snake","Unceasing Top","Turnip","Thread and Needle","Boot","Sozu","Medical Kit","Anchor","Paper Crane","Mummified Hand","Philosopher\u0027s Stone","Blood Vial","Mercury Hourglass","Omamori","Chemical X"],"potions_floor_usage":[],"damage_taken":[{"damage":0.0,"enemies":"2 Louse","floor":1.0,"turns":4.0},{"damage":2.0,"enemies":"Jaw Worm","floor":4.0,"turns":5.0},{"damage":0.0,"enemies":"Cultist","floor":5.0,"turns":4.0},{"damage":37.0,"enemies":"Lagavulin","floor":6.0,"turns":8.0},{"damage":39.0,"enemies":"Gremlin Nob","floor":8.0,"turns":6.0},{"damage":0.0,"enemies":"3 Sentries","floor":11.0,"turns":9.0},{"damage":0.0,"enemies":"Blue Slaver","floor":12.0,"turns":2.0},{"damage":2.0,"enemies":"Exordium Thugs","floor":14.0,"turns":4.0},{"damage":28.0,"enemies":"The Guardian","floor":16.0,"turns":17.0},{"damage":0.0,"enemies":"Spheric Guardian","floor":18.0,"turns":3.0},{"damage":6.0,"enemies":"2 Thieves","floor":21.0,"turns":4.0},{"damage":1.0,"enemies":"Cultist and Chosen","floor":22.0,"turns":7.0},{"damage":0.0,"enemies":"Book of Stabbing","floor":24.0,"turns":6.0},{"damage":1.0,"enemies":"3 Cultists","floor":25.0,"turns":5.0},{"damage":7.0,"enemies":"Shelled Parasite and Fungi","floor":27.0,"turns":6.0},{"damage":0.0,"enemies":"Centurion and Healer","floor":28.0,"turns":6.0},{"damage":0,"enemies":"Gremlin Leader","floor":30,"turns":7},{"damage":0,"enemies":"Snecko","floor":31,"turns":4},{"damage":0,"enemies":"Automaton","floor":33,"turns":13},{"damage":0,"enemies":"Orb Walker","floor":35,"turns":3},{"damage":1,"enemies":"3 Shapes","floor":36,"turns":6},{"damage":0,"enemies":"Jaw Worm Horde","floor":39,"turns":4},{"damage":0,"enemies":"Giant Head","floor":40,"turns":9},{"damage":0,"enemies":"Nemesis","floor":42,"turns":5},{"damage":0,"enemies":"Maw","floor":44,"turns":8},{"damage":0,"enemies":"4 Shapes","floor":46,"turns":5},{"damage":0,"enemies":"Awakened One","floor":50,"turns":14}],"seed_played":"7473965890443265378","potions_obtained":[{"floor":5.0,"key":"Fire Potion"},{"floor":8.0,"key":"Fire Potion"},{"floor":11.0,"key":"Dexterity Potion"},{"floor":16.0,"key":"FearPotion"}],"is_trial":false,"path_per_floor":["M","?","?","M","M","E","R","E","T","R","E","M","?","M","R","B",null,"M","$","?","M","M","R","E","M","T","M","M","R","E","M","R","B",null,"M","M","?","$","M","E","R","E","T","M","R","M","R","$","R","B",null],"character_chosen":"THE_SILENT","items_purchased":["Medical Kit","Footwork","Impatience","Eviscerate","Chemical X","Tools of the Trade"],"campfire_rested":4,"item_purchase_floors":[19,19,38,48,48,48],"current_hp_per_floor":[70,75,75,73,73,36,58,19,19,41,41,41,26,24,46,18,61,61,61,61,55,54,75,75,74,74,67,67,67,67,67,67,67,73,73,72,72,72,72,72,72,74,74,75,75,75,75,75,75,75],"gold":9,"neow_bonus":"UPGRADE_CARD","is_prod":false,"is_daily":false,"chose_seed":false,"campfire_upgraded":6,"win_rate":0,"timestamp":1567986923,"path_taken":["M","?","?","M","M","E","R","E","T","R","E","?","?","M","R","BOSS","M","$","?","M","M","R","E","M","T","M","M","R","E","M","R","BOSS","M","M","?","$","M","E","R","E","T","M","R","M","R","?","R","BOSS"],"build_version":"2019-07-17","purchased_purges":0,"victory":true,"max_hp_per_floor":[70,75,75,75,75,75,75,75,75,75,75,75,75,75,75,75,75,75,75,75,75,75,75,75,75,75,75,75,75,75,75,75,75,75,75,75,75,75,75,75,75,75,75,75,75,75,75,75,75,75],"card_choices":[{"not_picked":["Bane","Catalyst"],"picked":"Blade Dance","floor":1.0},{"not_picked":["Acrobatics","Poisoned Stab"],"picked":"Slice","floor":4.0},{"not_picked":["Riddle With Holes","Slice","Catalyst"],"picked":"SKIP","floor":5.0},{"not_picked":["Riddle With Holes","Catalyst"],"picked":"Slice","floor":5.0},{"not_picked":["Dagger Spray","Quick Slash"],"picked":"After Image","floor":6.0},{"not_picked":["Underhanded Strike","Setup"],"picked":"Unload","floor":8.0},{"not_picked":["Bouncing Flask","Deflect"],"picked":"Endless Agony","floor":11.0},{"not_picked":["Riddle With Holes","Deadly Poison"],"picked":"Skewer","floor":12.0},{"not_picked":["Backflip","Dagger Spray"],"picked":"Deflect","floor":14.0},{"not_picked":["Die Die Die","Glass Knife"],"picked":"Tools of the Trade","floor":16.0},{"not_picked":["Backflip+1","Acrobatics"],"picked":"Blade Dance","floor":18.0},{"not_picked":["Deflect","Flying Knee"],"picked":"Prepared+1","floor":21.0},{"not_picked":["Dagger Spray+1","Heel Hook+1"],"picked":"Concentrate","floor":22.0},{"not_picked":["Dodge and Roll","Terror"],"picked":"Deflect","floor":24.0},{"not_picked":["Dash","Bouncing Flask+1"],"picked":"Footwork+1","floor":25.0},{"not_picked":["Sucker Punch","Blade Dance","Poisoned Stab+1"],"picked":"SKIP","floor":27.0},{"not_picked":["Corpse Explosion","PiercingWail","Sucker Punch"],"picked":"SKIP","floor":28.0},{"not_picked":["Finisher","Backflip"],"picked":"Calculated Gamble","floor":30},{"not_picked":["Deadly Poison","Skewer","Reflex"],"picked":"SKIP","floor":31},{"not_picked":["Grand Finale","Wraith Form v2"],"picked":"Malaise","floor":33},{"not_picked":["Backflip+1","Heel Hook+1"],"picked":"Deflect+1","floor":35},{"not_picked":["Quick Slash","Backflip","Sucker Punch+1"],"picked":"SKIP","floor":36},{"not_picked":["Dagger Spray","Deadly Poison+1"],"picked":"Malaise","floor":39},{"not_picked":["Venomology","Acrobatics"],"picked":"Escape Plan+1","floor":40},{"not_picked":["Terror+1","Prepared"],"picked":"Accuracy","floor":42},{"not_picked":["Flying Knee+1","Dagger Spray+1","Backflip+1"],"picked":"SKIP","floor":44},{"not_picked":["Deadly Poison","PiercingWail+1"],"picked":"Cloak And Dagger+1","floor":46}],"player_experience":3198551,"relics_obtained":[{"floor":6.0,"key":"Unceasing Top"},{"floor":8.0,"key":"Turnip"},{"floor":9.0,"key":"Thread and Needle"},{"floor":11.0,"key":"Boot"},{"floor":24.0,"key":"Anchor"},{"floor":26.0,"key":"Paper Crane"},{"floor":30,"key":"Mummified Hand"},{"floor":40,"key":"Blood Vial"},{"floor":42,"key":"Mercury Hourglass"},{"floor":43,"key":"Omamori"}],"event_choices":[{"damage_healed":0.0,"max_hp_gain":5.0,"max_hp_loss":0.0,"gold_gain":0.0,"event_name":"Big Fish","player_choice":"Donut","floor":2.0,"gold_loss":0.0,"damage_taken":0.0},{"cards_removed":["Strike_G"],"damage_healed":0.0,"max_hp_gain":0.0,"max_hp_loss":0.0,"gold_gain":0.0,"event_name":"The Cleric","player_choice":"Card Removal","floor":3.0,"gold_loss":50.0,"damage_taken":0.0},{"damage_healed":0.0,"max_hp_gain":0.0,"max_hp_loss":0.0,"gold_gain":0.0,"event_name":"Shining Light","player_choice":"Entered Light","floor":13.0,"gold_loss":0.0,"damage_taken":15.0,"cards_upgraded":["Strike_G","Skewer"]},{"damage_healed":0.0,"max_hp_gain":0.0,"max_hp_loss":0.0,"gold_gain":0.0,"event_name":"The Mausoleum","player_choice":"Ignored","floor":20.0,"gold_loss":0.0,"damage_taken":0.0},{"damage_healed":0,"gold_gain":0,"player_choice":"Ignored","damage_taken":0,"max_hp_gain":0,"max_hp_loss":0,"event_name":"SecretPortal","floor":37,"gold_loss":0}],"is_beta":false,"boss_relics":[{"not_picked":["Empty Cage","Coffee Dripper"],"picked":"Sozu"},{"not_picked":["Velvet Choker","Runic Dome"],"picked":"Philosopher\u0027s Stone"}],"items_purged_floors":[],"is_endless":false,"potions_floor_spawned":[5,8,11,16,24,28,31,33,35,40,46],"ascension_level":5}