{"gold_per_floor":[112,112,112,1,14,55,55,91,116,136,136,155,176,215,215,215],"floor_reached":16,"playtime":1859,"items_purged":[],"score":150,"play_id":"bd1c8fd3-5ee8-4651-bcbd-c05c44959fef","local_time":"20190825122229","is_ascension_mode":true,"campfire_choices":[{"floor":7,"key":"REST"},{"floor":11,"key":"REST"},{"data":"1","floor":15,"key":"LIFT"}],"neow_cost":"NONE","seed_source_timestamp":330680587407239,"circlet_count":0,"master_deck":["Strike_R","Strike_R","Strike_R","Strike_R","Defend_R","Defend_R","Defend_R","Defend_R","Bash","Brutality","Pummel+1","Power Through","Feel No Pain","Body Slam+1","Bludgeon","Metallicize","Rage","Flame Barrier","Dark Embrace","Havoc"],"relics":["Burning Blood","Golden Idol","Whetstone","Red Skull","Art of War","Girya"],"potions_floor_usage":[],"damage_taken":[{"damage":1,"enemies":"Cultist","floor":1,"turns":3},{"damage":2,"enemies":"Small Slimes","floor":5,"turns":4},{"damage":28,"enemies":"3 Sentries","floor":6,"turns":14},{"damage":29,"enemies":"Lagavulin","floor":8,"turns":7},{"damage":0,"enemies":"Jaw Worm","floor":10,"turns":2},{"damage":7,"enemies":"Exordium Wildlife","floor":12,"turns":3},{"damage":11,"enemies":"Large Slime","floor":13,"turns":6},{"damage":35,"enemies":"Gremlin Nob","floor":14,"turns":5},{"damage":31,"enemies":"The Guardian","floor":16,"turns":13}],"seed_played":"1284225813792755846","potions_obtained":[{"floor":1,"key":"BloodPotion"},{"floor":5,"key":"Dexterity Potion"},{"floor":8,"key":"Fire Potion"}],"is_trial":false,"path_per_floor":["M","?","?","$","M","E","R","E","T","M","R","M","M","E","R","B"],"character_chosen":"IRONCLAD","items_purchased":["Power Through","Feel No Pain"],"campfire_rested":2,"item_purchase_floors":[4,4],"current_hp_per_floor":[80,73,53,53,57,35,59,36,36,42,66,65,60,31,31,0],"gold":215,"neow_bonus":"ONE_RANDOM_RARE_CARD","is_prod":false,"is_daily":false,"chose_seed":false,"campfire_upgraded":0,"win_rate":0,"timestamp":1566760949,"path_taken":["M","?","?","$","M","E","R","E","T","M","R","M","?","E","R","BOSS"],"build_version":"2019-07-17","purchased_purges":0,"victory":false,"max_hp_per_floor":[80,80,80,80,80,80,80,80,80,80,80,80,80,80,80,80],"card_choices":[{"not_picked":["Sever Soul","Clothesline"],"picked":"Pummel","floor":1},{"not_picked":["Entrench","Perfected Strike"],"picked":"Body Slam","floor":5},{"not_picked":["Seeing Red","Whirlwind"],"picked":"Bludgeon","floor":6},{"not_picked":["Wild Strike","Thunderclap"],"picked":"Metallicize","floor":8},{"not_picked":["Wild Strike","Twin Strike"],"picked":"Rage","floor":10},{"not_picked":["True Grit","Clash"],"picked":"Flame Barrier","floor":12},{"not_picked":["Pommel Strike","Rage"],"picked":"Dark Embrace","floor":13},{"not_picked":["Intimidate","Dual Wield"],"picked":"Havoc","floor":14}],"player_experience":3039600,"relics_obtained":[{"floor":6,"key":"Whetstone"},{"floor":8,"key":"Red Skull"},{"floor":9,"key":"Art of War"},{"floor":14,"key":"Girya"}],"event_choices":[{"cards_removed":["Strike_R"],"damage_healed":0,"gold_gain":0,"player_choice":"Card Removal","damage_taken":7,"max_hp_gain":0,"max_hp_loss":0,"event_name":"Golden Wing","floor":2,"gold_loss":0},{"damage_healed":0,"gold_gain":0,"player_choice":"Take Damage","damage_taken":20,"relics_obtained":["Golden Idol"],"max_hp_gain":0,"max_hp_loss":0,"event_name":"Golden Idol","floor":3,"gold_loss":0}],"is_beta":false,"boss_relics":[],"items_purged_floors":[],"is_endless":false,"potions_floor_spawned":[1,5,8,10],"killed_by":"The Guardian","ascension_level":5}