{"gold_per_floor":[109,124,135,135,135,164,164,164,188,212,255,268,312,327,327,446,446,469],"floor_reached":18,"playtime":1425,"items_purged":[],"score":257,"play_id":"ae5b6d5b-45ee-4459-90b2-577d926819ee","local_time":"20190629205728","is_ascension_mode":true,"campfire_choices":[{"data":"A Thousand Cuts","floor":7,"key":"SMITH"},{"floor":15,"key":"REST"}],"neow_cost":"NONE","seed_source_timestamp":1448489388483801,"circlet_count":0,"master_deck":["Defend_G","Defend_G","Defend_G","Defend_G","Strike_G","Strike_G","Strike_G","Strike_G","Strike_G","Survivor","Neutralize","Predator","Blur","PiercingWail","A Thousand Cuts+1","Blade Dance","Footwork","Well Laid Plans","Backflip","A Thousand Cuts"],"relics":["Ring of the Snake","Orichalcum","Golden Idol","Snake Skull","The Specimen","Sozu"],"potions_floor_usage":[2,6,11,13,16],"damage_taken":[{"damage":0,"enemies":"2 Louse","floor":1,"turns":3},{"damage":4,"enemies":"Small Slimes","floor":2,"turns":4},{"damage":0,"enemies":"Jaw Worm","floor":3,"turns":3},{"damage":27,"enemies":"Gremlin Nob","floor":6,"turns":5},{"damage":1,"enemies":"Lots of Slimes","floor":10,"turns":3},{"damage":6,"enemies":"3 Sentries","floor":11,"turns":4},{"damage":6,"enemies":"Large Slime","floor":12,"turns":5},{"damage":14,"enemies":"Gremlin Nob","floor":13,"turns":4},{"damage":0,"enemies":"Exordium Wildlife","floor":14,"turns":3},{"damage":0,"enemies":"The Guardian","floor":16,"turns":19},{"damage":19,"enemies":"Spheric Guardian","floor":18,"turns":6}],"seed_played":"8173179206133525650","potions_obtained":[{"floor":0,"key":"LiquidBronze"},{"floor":0,"key":"LiquidBronze"},{"floor":0,"key":"SneckoOil"},{"floor":2,"key":"Block Potion"},{"floor":10,"key":"AttackPotion"},{"floor":11,"key":"Poison Potion"},{"floor":12,"key":"SkillPotion"},{"floor":16,"key":"EssenceOfSteel"}],"is_trial":false,"path_per_floor":["M","M","M","?","?","E","R","?","T","M","E","M","E","M","R","B",null,"M"],"character_chosen":"THE_SILENT","items_purchased":[],"campfire_rested":1,"item_purchase_floors":[],"current_hp_per_floor":[70,66,66,71,71,44,44,44,44,43,37,31,17,17,37,37,69,50],"gold":469,"neow_bonus":"THREE_SMALL_POTIONS","is_prod":false,"is_daily":false,"chose_seed":false,"campfire_upgraded":1,"win_rate":0,"timestamp":1561856248,"path_taken":["M","M","M","?","?","E","R","?","T","M","E","M","E","M","R","BOSS","M"],"build_version":"2019-01-23","purchased_purges":0,"victory":false,"max_hp_per_floor":[70,70,70,75,75,75,75,69,69,69,69,69,69,69,69,69,69,69],"card_choices":[{"not_picked":["Sucker Punch","Dagger Throw"],"picked":"Predator","floor":1},{"not_picked":["Reflex","Underhanded Strike"],"picked":"Blur","floor":2},{"not_picked":["Outmaneuver","Terror"],"picked":"PiercingWail","floor":3},{"not_picked":["Prepared","Leg Sweep"],"picked":"A Thousand Cuts","floor":6},{"not_picked":["Tactician","Quick Slash"],"picked":"Blade Dance","floor":10},{"not_picked":["Dash","Underhanded Strike","Corpse Explosion"],"picked":"SKIP","floor":11},{"not_picked":["Dash","Underhanded Strike","Corpse Explosion"],"picked":"SKIP","floor":11},{"not_picked":["Terror","Slice"],"picked":"Footwork","floor":12},{"not_picked":["Predator","Underhanded Strike"],"picked":"Well Laid Plans","floor":13},{"not_picked":["Dodge and Roll","Deflect"],"picked":"Backflip","floor":14},{"not_picked":["Unload","Night Terror"],"picked":"A Thousand Cuts","floor":16},{"not_picked":["All Out Attack+1","Flying Knee","Deflect"],"picked":"SKIP","floor":18}],"player_experience":288949,"relics_obtained":[{"floor":6,"key":"Orichalcum"},{"floor":11,"key":"Snake Skull"},{"floor":13,"key":"The Specimen"}],"event_choices":[{"damage_healed":0,"gold_gain":0,"player_choice":"Donut","damage_taken":0,"max_hp_gain":5,"max_hp_loss":0,"event_name":"Big Fish","floor":4,"gold_loss":0},{"cards_removed":["Defend_G"],"damage_healed":0,"gold_gain":0,"player_choice":"Forget","damage_taken":0,"max_hp_gain":0,"max_hp_loss":0,"event_name":"Living Wall","floor":5,"gold_loss":0},{"damage_healed":0,"gold_gain":0,"player_choice":"Lose Max HP","damage_taken":0,"relics_obtained":["Golden Idol"],"max_hp_gain":0,"max_hp_loss":6,"event_name":"Golden Idol","floor":8,"gold_loss":0}],"is_beta":false,"boss_relics":[{"not_picked":["Ectoplasm","Velvet Choker"],"picked":"Sozu"}],"items_purged_floors":[],"is_endless":false,"potions_floor_spawned":[2,10,11,12,16,18],"killed_by":"Spheric Guardian","ascension_level":2}