{"gold_per_floor":[117,129,47,47,71,71,114,114,190,190,203,234,234,234,234,363,363,384,407,65,79,104,104],"floor_reached":23,"playtime":2397,"items_purged":[],"score":251,"play_id":"f39d7fa8-70c4-441b-a279-880af5f0eecc","local_time":"20190907145550","is_ascension_mode":true,"campfire_choices":[{"floor":6,"key":"REST"},{"floor":8,"key":"REST"},{"data":"Bouncing Flask","floor":13,"key":"SMITH"},{"data":"Glass Knife","floor":15,"key":"SMITH"}],"neow_cost":"NONE","seed_source_timestamp":437337622829718,"circlet_count":0,"master_deck":["Strike_G","Strike_G","Strike_G","Strike_G","Defend_G","Defend_G","Defend_G","Defend_G","Defend_G","Survivor","Neutralize","Dagger Spray","Flying Knee","Bouncing Flask+1","Quick Slash","Glass Knife+1","All Out Attack","Prepared","Doppelganger","Outmaneuver","Setup+1","Footwork","Deadly Poison","Poisoned Stab","Dash+1","Deadly Poison"],"relics":["Ring of the Snake","Boot","Golden Idol","PreservedInsect","Tiny Chest","FaceOfCleric","Juzu Bracelet","Philosopher\u0027s Stone","Lee\u0027s Waffle"],"potions_floor_usage":[22,23,23],"damage_taken":[{"damage":0,"enemies":"Small Slimes","floor":1,"turns":4},{"damage":0,"enemies":"2 Louse","floor":2,"turns":2},{"damage":0,"enemies":"Cultist","floor":5,"turns":3},{"damage":20,"enemies":"Gremlin Nob","floor":7,"turns":4},{"damage":4,"enemies":"2 Fungi Beasts","floor":11,"turns":3},{"damage":10,"enemies":"3 Sentries","floor":12,"turns":4},{"damage":49,"enemies":"The Guardian","floor":16,"turns":9},{"damage":0,"enemies":"3 Byrds","floor":18,"turns":3},{"damage":8,"enemies":"Chosen","floor":19,"turns":4},{"damage":28,"enemies":"Centurion and Healer","floor":21,"turns":6},{"damage":34,"enemies":"Snake Plant","floor":22,"turns":4},{"damage":28,"enemies":"Slavers","floor":23,"turns":1}],"seed_played":"6791120162080889856","potions_obtained":[{"floor":2,"key":"PowerPotion"},{"floor":5,"key":"Weak Potion"},{"floor":11,"key":"Weak Potion"},{"floor":18,"key":"SkillPotion"}],"is_trial":false,"path_per_floor":["M","M","$","?","M","R","E","R","T","?","M","E","R","?","R","B",null,"M","M","$","M","M","E"],"character_chosen":"THE_SILENT","items_purchased":["Bouncing Flask","Footwork","Deadly Poison","Lee\u0027s Waffle","Poisoned Stab"],"campfire_rested":2,"item_purchase_floors":[3,20,20,20,20],"current_hp_per_floor":[70,70,70,53,53,70,50,70,70,70,67,58,58,51,51,3,56,57,50,82,55,22,0],"gold":104,"neow_bonus":"RANDOM_COMMON_RELIC","is_prod":false,"is_daily":false,"chose_seed":false,"campfire_upgraded":2,"win_rate":0,"timestamp":1567893350,"path_taken":["M","M","$","?","M","R","E","R","T","?","M","E","R","?","R","BOSS","M","M","$","M","M","E"],"build_version":"2019-07-17","purchased_purges":0,"victory":false,"max_hp_per_floor":[70,70,70,70,70,70,70,70,70,70,71,72,72,72,72,73,73,74,75,82,83,84,84],"card_choices":[{"not_picked":["Reflex","Dodge and Roll"],"picked":"Dagger Spray","floor":1},{"not_picked":["Dodge and Roll","Riddle With Holes"],"picked":"Flying Knee","floor":2},{"not_picked":["Dodge and Roll","Blade Dance"],"picked":"Quick Slash","floor":5},{"not_picked":["Acrobatics","Flying Knee"],"picked":"Glass Knife","floor":7},{"not_picked":["Blade Dance","Eviscerate"],"picked":"All Out Attack","floor":11},{"not_picked":["Cloak And Dagger","Underhanded Strike"],"picked":"Prepared","floor":12},{"not_picked":["Wraith Form v2","Night Terror"],"picked":"Doppelganger","floor":16},{"not_picked":["Finisher","Cloak And Dagger"],"picked":"Outmaneuver","floor":18},{"not_picked":["Sucker Punch","Acrobatics"],"picked":"Setup+1","floor":19},{"not_picked":["Deflect+1","Quick Slash"],"picked":"Dash+1","floor":21},{"not_picked":["Sucker Punch+1","Night Terror"],"picked":"Deadly Poison","floor":22}],"player_experience":3190249,"relics_obtained":[{"floor":7,"key":"PreservedInsect"},{"floor":9,"key":"Tiny Chest"},{"floor":12,"key":"Juzu Bracelet"}],"event_choices":[{"damage_healed":0,"gold_gain":0,"player_choice":"Take Damage","damage_taken":17,"relics_obtained":["Golden Idol"],"max_hp_gain":0,"max_hp_loss":0,"event_name":"Golden Idol","floor":4,"gold_loss":0},{"damage_healed":0,"gold_gain":0,"player_choice":"Trade","damage_taken":0,"relics_obtained":["FaceOfCleric"],"max_hp_gain":0,"max_hp_loss":0,"event_name":"FaceTrader","floor":10,"gold_loss":0},{"cards_removed":["Strike_G"],"damage_healed":0,"gold_gain":0,"player_choice":"Card Removal","damage_taken":7,"max_hp_gain":0,"max_hp_loss":0,"event_name":"Golden Wing","floor":14,"gold_loss":0}],"is_beta":false,"boss_relics":[{"not_picked":["Velvet Choker","Empty Cage"],"picked":"Philosopher\u0027s Stone"}],"items_purged_floors":[],"is_endless":false,"potions_floor_spawned":[2,5,11,12,18],"killed_by":"Slavers","ascension_level":5}