{"gold_per_floor":[216,67,85,7,7,38,38,67,115,115,132,151,151,151,151,250,250,266,47,47,63,78,111,129,129,129,229,328,243,243,243,243,243],"floor_reached":33,"playtime":3311,"items_purged":[],"score":285,"play_id":"0e1249a5-d67e-4bc8-ad3d-d4f9ef082673","local_time":"20190812111157","is_ascension_mode":true,"campfire_choices":[{"data":"Neutralize","floor":7.0,"key":"SMITH"},{"floor":10.0,"key":"REST"},{"data":"Infinite Blades","floor":13.0,"key":"SMITH"},{"floor":15.0,"key":"REST"},{"floor":30,"key":"REST"},{"floor":32,"key":"REST"}],"neow_cost":"NONE","seed_source_timestamp":0,"circlet_count":0,"master_deck":["Strike_G+1","Strike_G+1","Strike_G+1","Strike_G+1","Defend_G+1","Defend_G+1","Defend_G+1","Defend_G+1","Defend_G+1","Survivor","Neutralize+1","Sucker Punch","Envenom+1","Dagger Spray+1","Escape Plan","Deadly Poison","Acrobatics","Dagger Spray","Infinite Blades+1","Phantasmal Killer","Riddle With Holes","Well Laid Plans","Bane","Prepared","Tools of the Trade","Dagger Spray+1"],"special_seed":0,"relics":["Ring of the Serpent","Lantern","Juzu Bracelet","Pen Nib","Bag of Marbles","Ginger","Molten Egg 2","Nloth\u0027s Gift"],"potions_floor_usage":[24],"damage_taken":[{"damage":0.0,"enemies":"Jaw Worm","floor":1.0,"turns":5.0},{"damage":0.0,"enemies":"Cultist","floor":3.0,"turns":4.0},{"damage":11.0,"enemies":"Lagavulin","floor":6.0,"turns":8.0},{"damage":27.0,"enemies":"3 Sentries","floor":8.0,"turns":8.0},{"damage":0.0,"enemies":"2 Louse","floor":11.0,"turns":1.0},{"damage":0.0,"enemies":"Looter","floor":12.0,"turns":2.0},{"damage":15.0,"enemies":"Slime Boss","floor":16.0,"turns":9.0},{"damage":16.0,"enemies":"2 Thieves","floor":18.0,"turns":4.0},{"damage":0.0,"enemies":"Chosen","floor":21.0,"turns":4.0},{"damage":10.0,"enemies":"Snake Plant","floor":22.0,"turns":3.0},{"damage":31.0,"enemies":"Book of Stabbing","floor":23.0,"turns":7.0},{"damage":5,"enemies":"Snecko","floor":24,"turns":4},{"damage":52,"enemies":"Champ","floor":33,"turns":10}],"seed_played":"-6390713134249394155","potions_obtained":[{"floor":1.0,"key":"Fire Potion"},{"floor":8.0,"key":"Block Potion"},{"floor":11.0,"key":"Ancient Potion"},{"floor":18.0,"key":"Dexterity Potion"}],"is_trial":false,"path_per_floor":["M","$","M","$","?","E","R","E","T","R","M","M","R","?","R","B",null,"M","$","?","M","M","E","M","?","T","?","?","?","R","?","R","B"],"character_chosen":"THE_SILENT","items_purchased":["Envenom","Escape Plan","Well Laid Plans","Pen Nib"],"campfire_rested":4,"item_purchase_floors":[2,4,19,19],"current_hp_per_floor":[70,70,70,70,70,59,59,32,32,53,53,53,53,46,67,52,70,54,54,54,54,44,13,8,8,8,8,8,8,29,29,50,0],"gold":243,"neow_bonus":"HUNDRED_GOLD","is_prod":false,"is_daily":false,"chose_seed":false,"campfire_upgraded":2,"win_rate":0,"timestamp":1565626317,"path_taken":["M","$","M","$","?","E","R","E","T","R","M","M","R","?","R","BOSS","M","$","?","M","M","E","M","?","T","?","?","?","R","?","R","BOSS"],"build_version":"2019-07-17","purchased_purges":0,"victory":false,"max_hp_per_floor":[70,70,70,70,70,70,70,70,70,70,70,70,70,70,70,70,70,70,70,70,70,70,70,70,70,70,70,70,70,70,70,70,70],"card_choices":[{"not_picked":["Predator","Underhanded Strike"],"picked":"Sucker Punch","floor":1.0},{"not_picked":["Blade Dance","Endless Agony"],"picked":"Dagger Spray","floor":3.0},{"not_picked":["Quick Slash","Finisher"],"picked":"Deadly Poison","floor":6.0},{"not_picked":["Wraith Form v2","Dagger Throw"],"picked":"Acrobatics","floor":8.0},{"not_picked":["Choke","Eviscerate"],"picked":"Dagger Spray","floor":11.0},{"not_picked":["Deflect","PiercingWail"],"picked":"Infinite Blades","floor":12.0},{"not_picked":["Night Terror","Envenom"],"picked":"Phantasmal Killer","floor":16.0},{"not_picked":["Leg Sweep","Distraction"],"picked":"Riddle With Holes","floor":18.0},{"not_picked":["Prepared","Poisoned Stab+1"],"picked":"Bane","floor":21.0},{"not_picked":["Tactician","Acrobatics"],"picked":"Prepared","floor":22.0},{"not_picked":["Infinite Blades","Skewer"],"picked":"Tools of the Trade","floor":23},{"not_picked":["Deflect","Finisher"],"picked":"Dagger Spray+1","floor":24}],"player_experience":110243,"relics_obtained":[{"floor":6.0,"key":"Lantern"},{"floor":8.0,"key":"Whetstone"},{"floor":9.0,"key":"Juzu Bracelet"},{"floor":23,"key":"Bag of Marbles"},{"floor":26,"key":"Ginger"}],"event_choices":[{"damage_healed":0.0,"max_hp_gain":0.0,"max_hp_loss":0.0,"gold_gain":0.0,"event_name":"Accursed Blacksmith","player_choice":"Forge","floor":5.0,"gold_loss":0.0,"damage_taken":0.0,"cards_upgraded":["Envenom"]},{"cards_removed":["Strike_G"],"damage_healed":0.0,"max_hp_gain":0.0,"max_hp_loss":0.0,"gold_gain":0.0,"event_name":"Golden Wing","player_choice":"Card Removal","floor":14.0,"gold_loss":0.0,"damage_taken":7.0},{"damage_healed":0.0,"max_hp_gain":0.0,"max_hp_loss":0.0,"gold_gain":0.0,"event_name":"Cursed Tome","player_choice":"Ignored","floor":20.0,"gold_loss":0.0,"damage_taken":0.0},{"damage_healed":0,"gold_gain":0,"player_choice":"Simplicity","damage_taken":0,"max_hp_gain":0,"max_hp_loss":0,"event_name":"Back to Basics","floor":25,"gold_loss":0,"cards_upgraded":["Strike_G","Strike_G","Strike_G","Defend_G","Defend_G","Defend_G","Defend_G","Defend_G"]},{"damage_healed":0,"gold_gain":100,"player_choice":"Pray","damage_taken":0,"max_hp_gain":0,"max_hp_loss":0,"event_name":"Golden Shrine","floor":27,"gold_loss":0},{"damage_healed":0,"gold_gain":99,"player_choice":"Stole From Cult","damage_taken":0,"max_hp_gain":0,"max_hp_loss":0,"event_name":"Nest","floor":28,"gold_loss":0},{"damage_healed":0,"gold_gain":0,"player_choice":"Obtained Relic","damage_taken":0,"relics_obtained":["Molten Egg 2"],"max_hp_gain":0,"max_hp_loss":0,"event_name":"Addict","floor":29,"gold_loss":85},{"damage_healed":0,"gold_gain":0,"player_choice":"Traded Relic","damage_taken":0,"relics_obtained":["Nloth\u0027s Gift"],"max_hp_gain":0,"max_hp_loss":0,"event_name":"N\u0027loth","floor":31,"relics_lost":["Whetstone"],"gold_loss":0}],"is_beta":false,"boss_relics":[{"not_picked":["Coffee Dripper","Tiny House"],"picked":"Ring of the Serpent"}],"items_purged_floors":[],"is_endless":false,"potions_floor_spawned":[1,8,11,18],"killed_by":"Champ","ascension_level":1}