{"gold_per_floor":[114,129,143,143,158,158,190,190,190,190,225,225,242,165,165,266,266,280,297,397,414,414,414,449,449,473,438,438,472,278,278,278,382,382,397,412,19,32,32,32,64,64,89,89,105,105,123,142,142,142,142,142,43,75,75],"floor_reached":55,"playtime":5663,"items_purged":[],"score":851,"play_id":"fa25855e-7d5a-4969-bc5c-0d1d70698d73","local_time":"20190629152009","is_ascension_mode":true,"campfire_choices":[{"data":"Shockwave","floor":6,"key":"SMITH"},{"data":"Exhume","floor":8,"key":"SMITH"},{"data":"Power Through","floor":10,"key":"SMITH"},{"data":"Pummel","floor":12,"key":"SMITH"},{"data":"Corruption","floor":15,"key":"SMITH"},{"data":"Blood for Blood","floor":23,"key":"SMITH"},{"floor":25,"key":"RECALL"},{"floor":32,"key":"DIG"},{"floor":40,"key":"DIG"},{"floor":42,"key":"DIG"},{"floor":44,"key":"DIG"},{"floor":46,"key":"DIG"},{"floor":49,"key":"DIG"},{"floor":52,"key":"DIG"}],"neow_cost":"NONE","seed_source_timestamp":1424006538968051,"circlet_count":0,"master_deck":["Strike_R","Strike_R","Strike_R","Strike_R","Strike_R","Defend_R","Defend_R","Defend_R","Defend_R","Bash","Shockwave+1","Perfected Strike+1","Power Through+1","Exhume+1","Pummel+1","Infernal Blade","Corruption+1","Reaper","Spot Weakness+1","Blood for Blood+1","Heavy Blade+1","Inflame","Feel No Pain","Barricade","Combust","Flame Barrier","Inflame+1"],"relics":["Burning Blood","Red Skull","Oddly Smooth Stone","Shuriken","Eternal Feather","FossilizedHelix","Gremlin Horn","Dodecahedron","Shovel","Ancient Tea Set","PreservedInsect","Sundial","Coffee Dripper","Vajra","Singing Bowl","Du-Vu Doll","Bag of Marbles","Centennial Puzzle","Regal Pillow","Bag of Preparation","Omamori","Art of War","Mercury Hourglass","Happy Flower"],"potions_floor_usage":[7,11,11,16,20,24,41,50,50,55],"damage_taken":[{"damage":13,"enemies":"Jaw Worm","floor":1,"turns":4},{"damage":5,"enemies":"Small Slimes","floor":2,"turns":4},{"damage":0,"enemies":"2 Louse","floor":3,"turns":2},{"damage":4,"enemies":"2 Fungi Beasts","floor":5,"turns":4},{"damage":14,"enemies":"Lagavulin","floor":7,"turns":4},{"damage":29,"enemies":"Gremlin Nob","floor":11,"turns":5},{"damage":0,"enemies":"Large Slime","floor":13,"turns":5},{"damage":12,"enemies":"Slime Boss","floor":16,"turns":8},{"damage":20,"enemies":"2 Thieves","floor":18,"turns":4},{"damage":35,"enemies":"3 Byrds","floor":19,"turns":6},{"damage":29,"enemies":"Colosseum Slavers","floor":20,"turns":3},{"damage":10,"enemies":"Colosseum Nobs","floor":20,"turns":4},{"damage":0,"enemies":"Snecko","floor":21,"turns":4},{"damage":74,"enemies":"Slavers","floor":24,"turns":6},{"damage":22,"enemies":"Book of Stabbing","floor":29,"turns":5},{"damage":10,"enemies":"Champ","floor":33,"turns":9},{"damage":28,"enemies":"3 Darklings","floor":35,"turns":5},{"damage":12,"enemies":"3 Shapes","floor":36,"turns":3},{"damage":28,"enemies":"Maw","floor":38,"turns":8},{"damage":7,"enemies":"Nemesis","floor":41,"turns":5},{"damage":0,"enemies":"4 Shapes","floor":45,"turns":5},{"damage":13,"enemies":"Sphere and 2 Shapes","floor":47,"turns":4},{"damage":0,"enemies":"Jaw Worm Horde","floor":48,"turns":2},{"damage":110,"enemies":"Awakened One","floor":50,"turns":8},{"damage":37,"enemies":"Shield and Spear","floor":54,"turns":4},{"damage":150,"enemies":"The Heart","floor":55,"turns":8}],"seed_played":"433837376517903797","potions_obtained":[{"floor":1,"key":"PowerPotion"},{"floor":5,"key":"Regen Potion"},{"floor":7,"key":"Strength Potion"},{"floor":11,"key":"Strength Potion"},{"floor":13,"key":"Regen Potion"},{"floor":16,"key":"Energy Potion"},{"floor":21,"key":"Fire Potion"},{"floor":24,"key":"BloodPotion"},{"floor":33,"key":"SneckoOil"},{"floor":45,"key":"SkillPotion"}],"is_trial":false,"path_per_floor":["M","M","M","?","M","R","E","R","T","R","E","R","M","$","R","B",null,"M","M","?","M","?","R","E","R","T","$","?","E","$","?","R","B",null,"M","M","$","M","?","R","E","R","T","R","M","R","M","M","R","B",null,"R","$","E","B"],"character_chosen":"IRONCLAD","items_purchased":["Corruption","Inflame","Feel No Pain","PreservedInsect","Vajra","Singing Bowl","FairyPotion"],"campfire_rested":0,"item_purchase_floors":[14,27,30,30,37,37,53],"current_hp_per_floor":[81,82,88,88,88,88,80,80,80,80,66,66,72,72,72,66,88,74,72,69,75,58,70,60,72,72,72,72,56,56,56,68,76,93,83,77,77,55,57,72,73,88,88,97,99,99,94,102,103,14,103,103,103,74,0],"gold":75,"neow_bonus":"TEN_PERCENT_HP_BONUS","is_prod":false,"is_daily":false,"chose_seed":false,"campfire_upgraded":6,"win_rate":0,"timestamp":1561836009,"path_taken":["M","M","M","?","M","R","E","R","T","R","E","R","M","$","R","BOSS","M","M","?","M","?","R","E","R","T","$","?","E","$","?","R","BOSS","M","M","$","M","?","R","E","R","T","R","M","R","M","M","R","BOSS","R","$","E","BOSS"],"build_version":"2019-01-23","purchased_purges":0,"victory":false,"max_hp_per_floor":[88,88,88,88,88,88,88,88,88,88,88,88,88,88,88,88,88,88,88,88,88,93,93,93,93,93,93,93,93,93,93,93,93,93,93,93,93,93,95,95,97,97,97,97,99,99,101,103,103,103,103,103,103,105,105],"card_choices":[{"not_picked":["Pummel","Clash"],"picked":"Shockwave","floor":1},{"not_picked":["Combust","Flex"],"picked":"Perfected Strike","floor":2},{"not_picked":["Searing Blow","Clash"],"picked":"Power Through","floor":3},{"not_picked":["Rage","Thunderclap","Iron Wave"],"picked":"SKIP","floor":5},{"not_picked":["Wild Strike","Sentinel"],"picked":"Exhume","floor":7},{"not_picked":["Heavy Blade","Pommel Strike"],"picked":"Pummel","floor":11},{"not_picked":["Ghostly Armor","Sentinel"],"picked":"Infernal Blade","floor":13},{"not_picked":["Double Tap","Berserk"],"picked":"Reaper","floor":16},{"not_picked":["Body Slam","Clothesline+1"],"picked":"Spot Weakness+1","floor":18},{"not_picked":["True Grit","Heavy Blade","Wild Strike"],"picked":"SKIP","floor":19},{"not_picked":["Heavy Blade","Warcry"],"picked":"Blood for Blood","floor":20},{"not_picked":["Power Through","Warcry","Anger"],"picked":"SKIP","floor":21},{"not_picked":["Body Slam","Anger"],"picked":"Heavy Blade+1","floor":24},{"not_picked":["Corruption","Feed","Power Through"],"picked":"SKIP","floor":29},{"not_picked":["Immolate","Double Tap"],"picked":"Barricade","floor":33},{"not_picked":["Anger+1","Reckless Charge+1"],"picked":"Combust","floor":35},{"not_picked":["Body Slam+1","Heavy Blade+1"],"picked":"Flame Barrier","floor":36},{"not_picked":["Battle Trance+1","Spot Weakness"],"picked":"Inflame+1","floor":38},{"not_picked":["Good Instincts","Swift Strike","Master of Strategy"],"picked":"Singing Bowl","floor":39},{"not_picked":["Pummel","Bloodletting+1","Perfected Strike+1"],"picked":"Singing Bowl","floor":41},{"not_picked":["Corruption","Thunderclap+1","Fire Breathing+1"],"picked":"Singing Bowl","floor":45},{"not_picked":["Iron Wave+1","Clothesline","Flex"],"picked":"Singing Bowl","floor":47},{"not_picked":["Warcry+1","Burning Pact","Ghostly Armor"],"picked":"Singing Bowl","floor":48},{"not_picked":["Headbutt","Fire Breathing","Carnage"],"picked":"Singing Bowl","floor":54}],"player_experience":265242,"relics_obtained":[{"floor":7,"key":"Red Skull"},{"floor":9,"key":"Oddly Smooth Stone"},{"floor":11,"key":"Shuriken"},{"floor":20,"key":"FossilizedHelix"},{"floor":20,"key":"Gremlin Horn"},{"floor":24,"key":"Dodecahedron"},{"floor":29,"key":"Ancient Tea Set"},{"floor":32,"key":"Sundial"},{"floor":40,"key":"Du-Vu Doll"},{"floor":41,"key":"Bag of Marbles"},{"floor":42,"key":"Centennial Puzzle"},{"floor":43,"key":"Regal Pillow"},{"floor":44,"key":"Bag of Preparation"},{"floor":46,"key":"Omamori"},{"floor":49,"key":"Art of War"},{"floor":52,"key":"Mercury Hourglass"},{"floor":54,"key":"Happy Flower"}],"event_choices":[{"damage_healed":0,"gold_gain":0,"player_choice":"Grow","damage_taken":0,"max_hp_gain":0,"max_hp_loss":0,"event_name":"Living Wall","floor":4,"gold_loss":0,"cards_upgraded":["Perfected Strike"]},{"damage_healed":0,"gold_gain":0,"player_choice":"Fight","damage_taken":0,"max_hp_gain":0,"max_hp_loss":0,"event_name":"Colosseum","floor":20,"gold_loss":0},{"damage_healed":0,"gold_gain":0,"player_choice":"Fought Nobs","damage_taken":0,"max_hp_gain":0,"max_hp_loss":0,"event_name":"Colosseum","floor":20,"gold_loss":0},{"damage_healed":0,"gold_gain":0,"player_choice":"Shed Blood","damage_taken":22,"max_hp_gain":5,"max_hp_loss":0,"event_name":"Forgotten Altar","floor":22,"gold_loss":0},{"damage_healed":0,"gold_gain":0,"player_choice":"Opened","damage_taken":0,"relics_obtained":["Shovel"],"max_hp_gain":0,"max_hp_loss":0,"event_name":"The Mausoleum","floor":28,"gold_loss":0},{"damage_healed":0,"gold_gain":0,"player_choice":"Ignored","damage_taken":0,"max_hp_gain":0,"max_hp_loss":0,"event_name":"Beggar","floor":31,"gold_loss":0},{"damage_healed":0,"gold_gain":0,"player_choice":"Memory 1","damage_taken":0,"max_hp_gain":0,"max_hp_loss":0,"event_name":"SensoryStone","floor":39,"gold_loss":0}],"is_beta":false,"boss_relics":[{"not_picked":["Cursed Key","Mark of Pain"],"picked":"Eternal Feather"},{"not_picked":["Runic Pyramid","Runic Cube"],"picked":"Coffee Dripper"}],"items_purged_floors":[],"is_endless":false,"potions_floor_spawned":[1,5,7,11,13,16,20,21,24,33,36,38,45,48],"killed_by":"The Heart","ascension_level":3}