{"gold_per_floor":[116,136,150,167,178,207,207,132,132,132,152,152,152,164,164,266,266,276,287,172,172,192,192,202,14,14,32,32,32,32,62,62,159,159,175,175,190,190,90,90,118,128,128,128,143,0,0,35,35,35],"floor_reached":50,"playtime":4937,"items_purged":["Strike_G","Strike_G"],"score":548,"play_id":"0adad6fd-f34c-4aaf-a992-69845eafd06c","local_time":"20190813153549","is_ascension_mode":true,"campfire_choices":[{"floor":7,"key":"REST"},{"floor":15,"key":"REST"},{"floor":23,"key":"REST"},{"data":"After Image","floor":32,"key":"SMITH"},{"data":"Phantasmal Killer","floor":40,"key":"SMITH"},{"data":"Terror","floor":44,"key":"SMITH"},{"floor":47,"key":"REST"},{"floor":49,"key":"REST"}],"neow_cost":"NONE","seed_source_timestamp":176195920767800,"circlet_count":0,"master_deck":["Strike_G","Strike_G","Defend_G","Defend_G","Defend_G","Survivor","Neutralize+1","Dagger Throw","Blade Dance","Envenom","PiercingWail","After Image+1","A Thousand Cuts","Terror+1","Choke","Leg Sweep","Swift Strike","Dagger Spray","Panache","Crippling Poison+1","Backstab+1","Phantasmal Killer+1","Flying Knee+1","Blur+1","Leg Sweep+1","Discovery","Heel Hook+1","Accuracy+1","Accuracy","Footwork+1"],"relics":["Ring of the Snake","Ninja Scroll","Matryoshka","Sozu","Strawberry","Bottled Flame","MutagenicStrength","Pantograph","Astrolabe","Bottled Lightning","Shuriken","Bronze Scales","Red Mask","Snake Skull"],"potions_floor_usage":[4,16,33,33],"damage_taken":[{"damage":0,"enemies":"Jaw Worm","floor":1,"turns":6},{"damage":0,"enemies":"2 Louse","floor":2,"turns":3},{"damage":0,"enemies":"Small Slimes","floor":3,"turns":3},{"damage":20,"enemies":"Exordium Thugs","floor":4,"turns":4},{"damage":8,"enemies":"2 Fungi Beasts","floor":5,"turns":4},{"damage":32,"enemies":"3 Sentries","floor":6,"turns":10},{"damage":3,"enemies":"Large Slime","floor":11,"turns":7},{"damage":0,"enemies":"Looter","floor":14,"turns":3},{"damage":8,"enemies":"Hexaghost","floor":16,"turns":11},{"damage":20,"enemies":"Shell Parasite","floor":18,"turns":6},{"damage":4,"enemies":"3 Byrds","floor":19,"turns":6},{"damage":28,"enemies":"Shelled Parasite and Fungi","floor":22,"turns":5},{"damage":9,"enemies":"Cultist and Chosen","floor":24,"turns":7},{"damage":2,"enemies":"Snake Plant","floor":27,"turns":3},{"damage":30,"enemies":"Book of Stabbing","floor":31,"turns":6},{"damage":46,"enemies":"Collector","floor":33,"turns":7},{"damage":17,"enemies":"3 Darklings","floor":35,"turns":5},{"damage":13,"enemies":"3 Shapes","floor":37,"turns":3},{"damage":7,"enemies":"Nemesis","floor":41,"turns":5},{"damage":0,"enemies":"Maw","floor":42,"turns":6},{"damage":10,"enemies":"3 Darklings","floor":45,"turns":3},{"damage":18,"enemies":"Giant Head","floor":48,"turns":8},{"damage":79,"enemies":"Time Eater","floor":50,"turns":8}],"seed_played":"6908348320800993007","potions_obtained":[{"floor":2,"key":"AttackPotion"},{"floor":6,"key":"SneckoOil"},{"floor":11,"key":"Swift Potion"},{"floor":13,"key":"SteroidPotion"},{"floor":13,"key":"GhostInAJar"}],"is_trial":false,"path_per_floor":["M","M","M","M","M","E","R","$","T","?","M","?","?","M","R","B",null,"M","M","$","?","M","R","M","$","T","M","?","?","?","E","R","B",null,"M","?","M","?","$","R","E","M","T","R","M","?","R","E","R","B"],"character_chosen":"THE_SILENT","items_purchased":["Choke","Leg Sweep","Panache"],"campfire_rested":5,"item_purchase_floors":[20,20,25],"current_hp_per_floor":[70,70,70,50,42,10,31,31,31,31,28,28,28,28,49,41,70,50,46,46,46,18,39,30,30,37,35,35,35,60,30,30,9,77,60,60,47,47,47,47,40,40,40,40,30,30,53,35,58,0],"gold":35,"neow_bonus":"UPGRADE_CARD","is_prod":false,"is_daily":false,"chose_seed":false,"campfire_upgraded":3,"win_rate":0,"timestamp":1565728549,"path_taken":["M","M","M","M","M","E","R","$","T","?","M","?","?","M","R","BOSS","M","M","$","?","M","R","?","$","T","M","?","?","?","E","R","BOSS","M","?","M","?","$","R","E","M","T","R","M","?","R","E","R","BOSS"],"build_version":"2019-07-17","purchased_purges":2,"victory":false,"max_hp_per_floor":[70,70,70,70,70,70,70,70,70,70,70,70,70,70,70,70,70,70,70,70,70,70,70,70,70,77,77,77,77,77,77,77,77,77,77,77,77,77,77,77,77,77,77,77,77,77,77,77,77,77],"card_choices":[{"not_picked":["Underhanded Strike","Prepared"],"picked":"Dagger Throw","floor":1},{"not_picked":["Deadly Poison","Flying Knee"],"picked":"Blade Dance","floor":2},{"not_picked":["Deflect","Slice"],"picked":"Envenom","floor":3},{"not_picked":["Underhanded Strike","Flying Knee"],"picked":"PiercingWail","floor":4},{"not_picked":["Noxious Fumes","Riddle With Holes","Acrobatics"],"picked":"SKIP","floor":5},{"not_picked":["Venomology","Outmaneuver"],"picked":"After Image","floor":6},{"not_picked":["Dodge and Roll","All Out Attack","Prepared"],"picked":"SKIP","floor":11},{"not_picked":["Underhanded Strike","Slice","Quick Slash"],"picked":"SKIP","floor":14},{"not_picked":["Tools of the Trade","Glass Knife"],"picked":"A Thousand Cuts","floor":16},{"not_picked":["Backflip+1","Masterful Stab+1"],"picked":"Terror","floor":18},{"not_picked":["Masterful Stab+1","Deflect+1","Flying Knee+1"],"picked":"SKIP","floor":19},{"not_picked":["Outmaneuver","Dash"],"picked":"Dagger Spray","floor":22},{"not_picked":["Expertise","PiercingWail","Deadly Poison+1"],"picked":"SKIP","floor":24},{"not_picked":["Backflip","Noxious Fumes"],"picked":"Crippling Poison+1","floor":27},{"not_picked":["Heel Hook","Terror+1"],"picked":"Backstab+1","floor":31},{"not_picked":["Adrenaline","Tools of the Trade"],"picked":"Phantasmal Killer","floor":33},{"not_picked":["Heel Hook","PiercingWail"],"picked":"Escape Plan+1","floor":35},{"not_picked":["Purity","Chrysalis"],"picked":"Discovery","floor":36},{"not_picked":["Infinite Blades","Cloak And Dagger"],"picked":"Heel Hook+1","floor":37},{"not_picked":["Deadly Poison","Underhanded Strike"],"picked":"Accuracy+1","floor":41},{"not_picked":["Expertise+1","Flying Knee","PiercingWail+1"],"picked":"SKIP","floor":42},{"not_picked":["Dagger Spray","Deflect"],"picked":"Accuracy","floor":45},{"not_picked":["Catalyst","A Thousand Cuts"],"picked":"Footwork+1","floor":48}],"player_experience":128039,"relics_obtained":[{"floor":6,"key":"Ninja Scroll"},{"floor":9,"key":"Matryoshka"},{"floor":26,"key":"Strawberry"},{"floor":26,"key":"Bottled Flame"},{"floor":31,"key":"Pantograph"},{"floor":41,"key":"Bottled Lightning"},{"floor":43,"key":"Shuriken"},{"floor":43,"key":"Bronze Scales"},{"floor":48,"key":"Snake Skull"}],"event_choices":[{"damage_healed":0,"gold_gain":0,"player_choice":"Ignored","damage_taken":0,"max_hp_gain":0,"max_hp_loss":0,"event_name":"Golden Wing","floor":10,"gold_loss":0},{"damage_healed":0,"gold_gain":0,"player_choice":"Fled","damage_taken":0,"max_hp_gain":0,"max_hp_loss":0,"event_name":"Scrap Ooze","floor":12,"gold_loss":0},{"damage_healed":0,"gold_gain":0,"player_choice":"Got Potions","damage_taken":0,"max_hp_gain":0,"max_hp_loss":0,"event_name":"Lab","floor":13,"gold_loss":0},{"damage_healed":0,"gold_gain":0,"player_choice":"1 cards matched","damage_taken":0,"max_hp_gain":0,"max_hp_loss":0,"event_name":"Match and Keep!","floor":21,"gold_loss":0,"cards_obtained":["Swift Strike"]},{"damage_healed":0,"gold_gain":0,"player_choice":"Inject Mutagens","damage_taken":0,"relics_obtained":["MutagenicStrength"],"max_hp_gain":0,"max_hp_loss":0,"event_name":"Drug Dealer","floor":28,"gold_loss":0},{"damage_healed":0,"gold_gain":0,"player_choice":"Ignored","damage_taken":0,"max_hp_gain":0,"max_hp_loss":0,"event_name":"Vampires","floor":29,"gold_loss":0},{"damage_healed":25,"gold_gain":0,"player_choice":"Heal","damage_taken":0,"max_hp_gain":0,"max_hp_loss":0,"event_name":"The Library","floor":30,"gold_loss":0},{"damage_healed":0,"gold_gain":0,"player_choice":"Memory 1","damage_taken":0,"max_hp_gain":0,"max_hp_loss":0,"event_name":"SensoryStone","floor":36,"gold_loss":0},{"cards_removed":["Escape Plan"],"damage_healed":0,"gold_gain":0,"player_choice":"Removed Skill","damage_taken":0,"max_hp_gain":0,"max_hp_loss":0,"event_name":"Falling","floor":38,"gold_loss":0},{"damage_healed":0,"gold_gain":0,"player_choice":"Paid","damage_taken":0,"relics_obtained":["Red Mask"],"max_hp_gain":0,"max_hp_loss":0,"event_name":"Tomb of Lord Red Mask","floor":46,"gold_loss":143}],"is_beta":false,"boss_relics":[{"not_picked":["Tiny House","HoveringKite"],"picked":"Sozu"},{"not_picked":["Philosopher\u0027s Stone","Calling Bell"],"picked":"Astrolabe"}],"items_purged_floors":[8,39],"is_endless":false,"potions_floor_spawned":[2,6,11,19,27,33,35,41,42,48],"killed_by":"Time Eater","ascension_level":1}