{"gold_per_floor":[215,228,240,11,11,44,44,75,155,4,4,4,4,29,29,127,127,141,240,47,58,58,93,93,110,163,163,178,197,197,232,232,336,336,354,354,85,85,95,95,126,126,149,149,159,109,123,148,148,148],"floor_reached":51,"playtime":4276,"items_purged":["Strike_R","Strike_R"],"score":844,"play_id":"d6b2de2c-6110-44e9-af20-fc13b70155a4","local_time":"20190817124936","is_ascension_mode":true,"campfire_choices":[{"data":"Mayhem","floor":7.0,"key":"SMITH"},{"data":"Juggernaut","floor":12.0,"key":"SMITH"},{"data":"Shockwave","floor":15.0,"key":"SMITH"},{"data":"Immolate","floor":24.0,"key":"SMITH"},{"data":"Flame Barrier","floor":27.0,"key":"SMITH"},{"data":"Inflame","floor":30,"key":"SMITH"},{"floor":32,"key":"REST"},{"data":"Barricade","floor":40,"key":"SMITH"},{"data":"Transmutation","floor":44,"key":"SMITH"},{"floor":49,"key":"REST"}],"neow_cost":"NONE","seed_source_timestamp":0,"circlet_count":0,"master_deck":["Strike_R","Strike_R","Defend_R","Defend_R","Defend_R","Defend_R","Bash","Iron Wave","Mayhem+1","Thunderclap","Juggernaut+1","Dropkick","Shockwave+1","Immolate+1","Anger+1","Flame Barrier+1","Warcry","Inflame+1","Dropkick","Barricade+1","Armaments+1","Ghostly Armor","Transmutation+1","Headbutt+1"],"special_seed":0,"relics":["Burning Blood","StoneCalendar","Dream Catcher","Mercury Hourglass","Bronze Scales","FossilizedHelix","Black Star","Sling","Gambling Chip","Turnip","Ancient Tea Set","Kunai","Smiling Mask","Sozu","Lantern","Mummified Hand","Paper Frog","Bag of Marbles","Omamori","The Courier"],"potions_floor_usage":[31,33,50],"damage_taken":[{"damage":6.0,"enemies":"Cultist","floor":1.0,"turns":3.0},{"damage":0.0,"enemies":"Small Slimes","floor":2.0,"turns":4.0},{"damage":7.0,"enemies":"Jaw Worm","floor":3.0,"turns":3.0},{"damage":22.0,"enemies":"Lagavulin","floor":6.0,"turns":8.0},{"damage":20.0,"enemies":"3 Sentries","floor":8.0,"turns":7.0},{"damage":11.0,"enemies":"Gremlin Nob","floor":14.0,"turns":3.0},{"damage":12.0,"enemies":"Hexaghost","floor":16.0,"turns":7.0},{"damage":11.0,"enemies":"2 Thieves","floor":18.0,"turns":2.0},{"damage":8.0,"enemies":"3 Byrds","floor":21.0,"turns":2.0},{"damage":12.0,"enemies":"Gremlin Leader","floor":23.0,"turns":5.0},{"damage":14.0,"enemies":"Shelled Parasite and Fungi","floor":25.0,"turns":4.0},{"damage":0.0,"enemies":"Snecko","floor":28.0,"turns":4.0},{"damage":6.0,"enemies":"Cultist and Chosen","floor":29.0,"turns":4.0},{"damage":28,"enemies":"Book of Stabbing","floor":31,"turns":4},{"damage":48,"enemies":"Collector","floor":33,"turns":8},{"damage":0,"enemies":"3 Darklings","floor":35,"turns":3},{"damage":0,"enemies":"Orb Walker","floor":39,"turns":4},{"damage":0,"enemies":"Giant Head","floor":41,"turns":7},{"damage":0,"enemies":"Writhing Mass","floor":45,"turns":5},{"damage":46,"enemies":"Spire Growth","floor":47,"turns":4},{"damage":18,"enemies":"Reptomancer","floor":48,"turns":4},{"damage":44,"enemies":"Time Eater","floor":50,"turns":8}],"seed_played":"2817325377981679266","potions_obtained":[{"floor":2.0,"key":"Dexterity Potion"},{"floor":3.0,"key":"GamblersBrew"},{"floor":11.0,"key":"FearPotion"},{"floor":11.0,"key":"Weak Potion"},{"floor":14.0,"key":"Ancient Potion"},{"floor":18.0,"key":"AttackPotion"},{"floor":29.0,"key":"SneckoOil"},{"floor":31,"key":"Poison Potion"},{"floor":33,"key":"Regen Potion"}],"is_trial":false,"path_per_floor":["M","M","M","$","?","E","R","E","T","$","?","R","$","E","R","B",null,"M","?","$","M","?","E","R","M","T","R","M","M","R","E","R","B",null,"M","?","$","?","M","R","E","?","T","R","M","$","M","E","R","B",null],"character_chosen":"IRONCLAD","items_purchased":["Mayhem","SpeedPotion","Bronze Scales","Sling","Ghostly Armor","Lantern"],"campfire_rested":2,"item_purchase_floors":[4,4,10,20,37,37],"current_hp_per_floor":[80,80,79,79,79,63,63,49,49,49,49,49,49,44,44,38,80,75,75,75,73,73,67,67,59,59,59,65,65,65,43,67,25,80,80,80,80,76,76,76,76,76,76,76,76,76,36,24,46,23],"gold":148,"neow_bonus":"HUNDRED_GOLD","is_prod":false,"is_daily":false,"chose_seed":false,"campfire_upgraded":8,"win_rate":0,"timestamp":1566064176,"path_taken":["M","M","M","$","?","E","R","E","T","?","?","R","$","E","R","BOSS","M","?","$","M","?","E","R","M","T","R","M","M","R","E","R","BOSS","M","?","$","?","M","R","E","?","T","R","M","$","M","E","R","BOSS"],"build_version":"2019-07-17","purchased_purges":2,"victory":true,"max_hp_per_floor":[80,80,80,80,80,80,80,80,80,80,80,80,80,80,80,80,80,80,80,80,80,80,80,80,80,80,80,80,80,80,80,80,80,80,80,80,80,76,76,76,76,76,76,76,76,76,76,76,76,76],"card_choices":[{"not_picked":["Havoc","Wild Strike","Blood for Blood"],"picked":"SKIP","floor":1.0},{"not_picked":["Reckless Charge","Warcry"],"picked":"Iron Wave","floor":2.0},{"not_picked":["Sever Soul","Havoc","Reckless Charge"],"picked":"SKIP","floor":3.0},{"not_picked":["Ghostly Armor","Iron Wave"],"picked":"Juggernaut","floor":6.0},{"not_picked":["Rupture","Pommel Strike"],"picked":"Dropkick","floor":8.0},{"not_picked":["Combust","Intimidate"],"picked":"Shockwave","floor":14.0},{"not_picked":["Bludgeon","Juggernaut"],"picked":"Immolate","floor":16.0},{"not_picked":["Thunderclap","Perfected Strike"],"picked":"Anger+1","floor":18.0},{"not_picked":["Sword Boomerang+1","Pommel Strike","Clothesline"],"picked":"SKIP","floor":21.0},{"not_picked":["Havoc+1","Wild Strike+1","Perfected Strike"],"picked":"SKIP","floor":23.0},{"not_picked":["Havoc+1","Wild Strike+1","Perfected Strike"],"picked":"SKIP","floor":23.0},{"not_picked":["Thunderclap","Whirlwind+1"],"picked":"Warcry","floor":25.0},{"not_picked":["Sentinel+1","Burning Pact"],"picked":"Inflame","floor":28.0},{"not_picked":["Evolve+1","True Grit","Heavy Blade"],"picked":"SKIP","floor":29.0},{"not_picked":["Warcry+1","Flex+1","Cleave+1"],"picked":"SKIP","floor":31},{"not_picked":["Feed","Thunderclap+1"],"picked":"Dropkick","floor":32},{"not_picked":["Fiend Fire","Feed"],"picked":"Barricade","floor":33},{"not_picked":["Shockwave","Second Wind"],"picked":"Armaments+1","floor":35},{"not_picked":["Armaments+1","Battle Trance+1","Flex+1"],"picked":"SKIP","floor":39},{"not_picked":["Bloodletting","True Grit","Dark Embrace"],"picked":"SKIP","floor":41},{"not_picked":["Enlightenment","Forethought"],"picked":"Transmutation","floor":42},{"not_picked":["Corruption+1","Havoc"],"picked":"Headbutt+1","floor":45},{"not_picked":["Flame Barrier","Whirlwind","Bloodletting"],"picked":"SKIP","floor":47},{"not_picked":["Carnage","Power Through+1","Warcry"],"picked":"SKIP","floor":48}],"player_experience":170477,"relics_obtained":[{"floor":6.0,"key":"StoneCalendar"},{"floor":8.0,"key":"Dream Catcher"},{"floor":9.0,"key":"Mercury Hourglass"},{"floor":14.0,"key":"FossilizedHelix"},{"floor":23.0,"key":"Gambling Chip"},{"floor":23.0,"key":"Turnip"},{"floor":26.0,"key":"Ancient Tea Set"},{"floor":31,"key":"Kunai"},{"floor":31,"key":"Smiling Mask"},{"floor":41,"key":"Mummified Hand"},{"floor":41,"key":"Paper Frog"},{"floor":43,"key":"Bag of Marbles"},{"floor":48,"key":"Omamori"},{"floor":48,"key":"The Courier"}],"event_choices":[{"damage_healed":0.0,"max_hp_gain":0.0,"max_hp_loss":0.0,"gold_gain":0.0,"cards_transformed":["Strike_R"],"event_name":"Transmorgrifier","player_choice":"Transformed","floor":5.0,"gold_loss":0.0,"damage_taken":0.0,"cards_obtained":["Thunderclap"]},{"damage_healed":0.0,"max_hp_gain":0.0,"max_hp_loss":0.0,"gold_gain":0.0,"event_name":"Lab","player_choice":"Got Potions","floor":11.0,"gold_loss":0.0,"damage_taken":0.0},{"damage_healed":0.0,"max_hp_gain":0.0,"max_hp_loss":0.0,"gold_gain":99.0,"event_name":"Nest","player_choice":"Stole From Cult","floor":19.0,"gold_loss":0.0,"damage_taken":0.0},{"damage_healed":0.0,"max_hp_gain":0.0,"max_hp_loss":0.0,"gold_gain":0.0,"event_name":"The Library","player_choice":"Read","floor":22.0,"gold_loss":0.0,"damage_taken":0.0,"cards_obtained":["Flame Barrier"]},{"damage_healed":0,"gold_gain":0,"player_choice":"Ignored","damage_taken":0,"max_hp_gain":0,"max_hp_loss":0,"event_name":"Tomb of Lord Red Mask","floor":36,"gold_loss":0},{"damage_healed":0,"gold_gain":0,"player_choice":"Max HP","damage_taken":0,"max_hp_gain":0,"max_hp_loss":4,"event_name":"Winding Halls","floor":38,"gold_loss":0},{"damage_healed":0,"gold_gain":0,"player_choice":"Memory 1","damage_taken":0,"max_hp_gain":0,"max_hp_loss":0,"event_name":"SensoryStone","floor":42,"gold_loss":0}],"is_beta":false,"boss_relics":[{"not_picked":["Eternal Feather","Runic Cube"],"picked":"Black Star"},{"not_picked":["Tiny House","Velvet Choker"],"picked":"Sozu"}],"items_purged_floors":[37,46],"is_endless":false,"potions_floor_spawned":[2,3,14,18,29,31,33,39,45],"ascension_level":3}