{"path_per_floor":["M","?","$","M","M","R","E","M","T","?","R","M","M","M","R","B",null,"M","T","?","M","$","R","M"],"character_chosen":"THE_SILENT","items_purchased":["Footwork","Deadly Poison","Bouncing Flask","Vajra"],"gold_per_floor":[118,193,36,47,60,60,86,98,98,98,98,113,133,153,153,252,252,271,271,271,281,58,58,78,78],"floor_reached":25,"campfire_rested":1,"playtime":1758,"item_purchase_floors":[3,3,22,22],"current_hp_per_floor":[63,52,52,52,51,51,46,48,48,34,55,57,56,50,50,45,64,66,66,53,55,55,55,21,37],"items_purged":["Strike_G"],"gold":78,"score":267,"play_id":"39a0a4ef-e5be-4af8-aa00-77a6acd9c4c1","local_time":"20180528021850","is_prod":false,"is_daily":false,"chose_seed":false,"is_ascension_mode":true,"campfire_upgraded":3,"win_rate":0,"timestamp":1527499130,"campfire_choices":[{"data":"Footwork","floor":6,"key":"SMITH"},{"floor":11,"key":"REST"},{"data":"Neutralize","floor":15,"key":"SMITH"},{"data":"Bouncing Flask","floor":23,"key":"SMITH"}],"path_taken":["M","?","$","M","M","R","E","M","T","?","R","?","M","?","R","BOSS","M","?","?","?","?","R","M","?"],"build_version":"2018-05-24","seed_source_timestamp":19894862271369,"purchased_purges":1,"victory":false,"master_deck":["Defend_G","Defend_G","Defend_G","Defend_G+1","Defend_G","Strike_G","Strike_G","Strike_G","Survivor","Neutralize+1","PiercingWail","Footwork+1","Deadly Poison+1","Quick Slash","Sucker Punch","Flying Knee","Blur","Bouncing Flask+1","Blur+1"],"max_hp_per_floor":[70,70,70,70,70,70,70,70,70,70,70,70,70,70,70,70,70,70,70,75,75,75,75,75,75],"relics":["Ring of the Snake","Blood Vial","Bag of Marbles","Lizard Tail","Centennial Puzzle","Vajra"],"card_choices":[{"not_picked":["Setup","Quick Slash"],"picked":"PiercingWail","floor":1},{"not_picked":["Setup","Underhanded Strike"],"picked":"Quick Slash","floor":4},{"not_picked":["Quick Slash","Finisher"],"picked":"Sucker Punch","floor":5},{"not_picked":["Cloak And Dagger","Blade Dance","Dodge and Roll"],"picked":"SKIP","floor":7},{"not_picked":["Dash","Bane","Deadly Poison"],"picked":"SKIP","floor":8},{"not_picked":["Slice","Bane"],"picked":"Flying Knee","floor":12},{"not_picked":["Predator","Eviscerate","Blade Dance"],"picked":"SKIP","floor":13},{"not_picked":["Slice","Doppelganger","Caltrops"],"picked":"SKIP","floor":14},{"not_picked":["Backstab","Backflip"],"picked":"Blur","floor":18},{"not_picked":["Dagger Throw+1","Caltrops","PiercingWail+1"],"picked":"SKIP","floor":21},{"not_picked":["Predator+1","Underhanded Strike"],"picked":"Blur+1","floor":24}],"player_experience":423308,"potions_floor_usage":[7,14,16],"damage_taken":[{"damage":0,"enemies":"2 Louse","floor":1,"turns":4},{"damage":0,"enemies":"Cultist","floor":4,"turns":4},{"damage":1,"enemies":"Jaw Worm","floor":5,"turns":5},{"damage":5,"enemies":"3 Sentries","floor":7,"turns":11},{"damage":0,"enemies":"Blue Slaver","floor":8,"turns":5},{"damage":0,"enemies":"Red Slaver","floor":12,"turns":5},{"damage":3,"enemies":"Lots of Slimes","floor":13,"turns":5},{"damage":8,"enemies":"Looter","floor":14,"turns":3},{"damage":7,"enemies":"Hexaghost","floor":16,"turns":14},{"damage":0,"enemies":"Spheric Guardian","floor":18,"turns":7},{"damage":0,"enemies":"Shell Parasite","floor":21,"turns":8},{"damage":36,"enemies":"3 Cultists","floor":24,"turns":7},{"damage":24,"enemies":"Sentry and Sphere","floor":25,"turns":7}],"relics_obtained":[{"floor":7,"key":"Blood Vial"},{"floor":9,"key":"Bag of Marbles"},{"floor":19,"key":"Centennial Puzzle"}],"event_choices":[{"event_name":"World of Goop","player_choice":"Gather Gold","floor":2,"damage_taken":0},{"event_name":"Shining Light","player_choice":"Entered Light","floor":10,"damage_taken":0},{"event_name":"Forgotten Altar","player_choice":"Shed Blood","floor":20,"damage_taken":0}],"boss_relics":[{"not_picked":["Astrolabe","Philosopher\u0027s Stone"],"picked":"Lizard Tail"}],"items_purged_floors":[3],"potions_floor_spawned":[4,12,13,18],"seed_played":"-8863729243966243092","killed_by":"Sentry and Sphere","ascension_level":6,"potions_obtained":[{"floor":4,"key":"Fire Potion"},{"floor":12,"key":"Swift Potion"},{"floor":13,"key":"SpeedPotion"},{"floor":18,"key":"LiquidBronze"}],"is_trial":false}