{"gold_per_floor":[109,123,123,133,133,133,164,181,181,196,231,231,243,243],"floor_reached":14,"playtime":1839,"items_purged":[],"score":171,"play_id":"f16d0d10-0f8a-41e4-8dab-33534c976ce4","local_time":"20191005190306","is_ascension_mode":true,"campfire_choices":[{"data":"Eruption","floor":6.0,"key":"SMITH"},{"data":"BowlingBash","floor":12,"key":"SMITH"}],"neow_cost":"NONE","seed_source_timestamp":0,"circlet_count":0,"master_deck":["Strike_P","Strike_P","Strike_P","Strike_P","Defend_P","Defend_P","Defend_P","Defend_P","Eruption+1","Vigilance","Consecrate","BowlingBash+1","FollowUp","DeusExMachina","Prostrate","Prostrate","Vengeance","EmptyBody"],"special_seed":0,"relics":["PureWater","NeowsBlessing","NlothsMask","Happy Flower","Pear","Strawberry"],"potions_floor_usage":[7,14,14],"damage_taken":[{"damage":0.0,"enemies":"2 Louse","floor":1.0,"turns":1.0},{"damage":0.0,"enemies":"Cultist","floor":2.0,"turns":1.0},{"damage":0.0,"enemies":"Small Slimes","floor":4.0,"turns":1.0},{"damage":16,"enemies":"Gremlin Nob","floor":7,"turns":3},{"damage":7,"enemies":"Looter","floor":8,"turns":3},{"damage":8,"enemies":"Blue Slaver","floor":10,"turns":3},{"damage":0,"enemies":"3 Sentries","floor":11,"turns":5},{"damage":7,"enemies":"3 Louse","floor":13,"turns":2},{"damage":51,"enemies":"Gremlin Nob","floor":14,"turns":4}],"seed_played":"8831235207223630740","potions_obtained":[{"floor":2.0,"key":"Strength Potion"},{"floor":7,"key":"Block Potion"},{"floor":11,"key":"Dexterity Potion"},{"floor":13,"key":"SteroidPotion"}],"is_trial":false,"path_per_floor":["M","M","?","M","?","R","E","M","T","M","E","R","M","E"],"character_chosen":"WATCHER","items_purchased":[],"campfire_rested":0,"item_purchase_floors":[],"current_hp_per_floor":[72,72,72,72,65,65,59,52,52,44,51,51,44,0],"gold":243,"neow_bonus":"THREE_ENEMY_KILL","is_prod":false,"is_daily":false,"chose_seed":false,"campfire_upgraded":2,"win_rate":0,"timestamp":1570327386,"path_taken":["M","M","?","?","?","R","E","M","T","M","E","R","M","E"],"build_version":"2019-10-04","purchased_purges":0,"victory":false,"max_hp_per_floor":[72,72,72,72,72,72,82,82,82,82,89,89,89,89],"card_choices":[{"not_picked":["Halt","Prostrate"],"picked":"Consecrate","floor":1.0},{"not_picked":["CutThroughFate","Consecrate"],"picked":"BowlingBash","floor":2.0},{"not_picked":["JustLucky","CarveReality"],"picked":"FollowUp","floor":4.0},{"not_picked":["Pray","Fasting2"],"picked":"DeusExMachina","floor":7},{"not_picked":["Protect","DeceiveReality"],"picked":"Prostrate","floor":8},{"not_picked":["DeceiveReality","Consecrate"],"picked":"Prostrate","floor":10},{"not_picked":["CrushJoints","EmptyFist"],"picked":"Vengeance","floor":11},{"not_picked":["CrushJoints","SashWhip"],"picked":"EmptyBody","floor":13}],"player_experience":82452,"relics_obtained":[{"floor":7,"key":"Pear"},{"floor":11,"key":"Strawberry"}],"event_choices":[{"damage_healed":0.0,"max_hp_gain":0.0,"max_hp_loss":0.0,"gold_gain":0.0,"event_name":"FaceTrader","player_choice":"Trade","floor":3.0,"gold_loss":0.0,"damage_taken":0.0,"relics_obtained":["NlothsMask"]},{"damage_healed":0.0,"max_hp_gain":0.0,"max_hp_loss":0.0,"gold_gain":0.0,"event_name":"Scrap Ooze","player_choice":"Success","floor":5.0,"gold_loss":0.0,"damage_taken":7.0,"relics_obtained":["Happy Flower"]}],"is_beta":true,"boss_relics":[],"items_purged_floors":[],"is_endless":false,"potions_floor_spawned":[2,7,11,13],"killed_by":"Gremlin Nob","ascension_level":3}