{"gold_per_floor":[110,35,35,53,53,78,78,1,48,66,95,115,115],"floor_reached":13,"playtime":500,"items_purged":["Defend_G"],"score":124,"play_id":"b7023f49-389b-44b0-a6be-3b0f7126aab0","local_time":"20190623123232","is_ascension_mode":true,"campfire_choices":[{"floor":7,"key":"RECALL"}],"neow_cost":"NONE","seed_source_timestamp":900731029542455,"circlet_count":0,"master_deck":["Defend_G","Defend_G","Defend_G","Strike_G","Strike_G","Strike_G","Strike_G","Strike_G","Survivor","Neutralize","Infinite Blades","Regret","After Image","Noxious Fumes","Infinite Blades"],"relics":["Ring of the Snake","NeowsBlessing","Juzu Bracelet","Oddly Smooth Stone","Meat on the Bone"],"potions_floor_usage":[],"damage_taken":[{"damage":0,"enemies":"Small Slimes","floor":1,"turns":1},{"damage":0,"enemies":"Jaw Worm","floor":4,"turns":1},{"damage":0,"enemies":"3 Sentries","floor":6,"turns":2},{"damage":5,"enemies":"2 Louse","floor":10,"turns":4},{"damage":21,"enemies":"Lagavulin","floor":11,"turns":7},{"damage":15,"enemies":"Red Slaver","floor":12,"turns":4},{"damage":20,"enemies":"3 Sentries","floor":13,"turns":3}],"seed_played":"-4931627137182541992","potions_obtained":[{"floor":1,"key":"EssenceOfSteel"},{"floor":4,"key":"Ancient Potion"},{"floor":12,"key":"Weak Potion"}],"is_trial":false,"path_per_floor":["M","$","?","M","?","E","R","$","T","M","E","M","E"],"character_chosen":"THE_SILENT","items_purchased":["Noxious Fumes"],"campfire_rested":0,"item_purchase_floors":[8],"current_hp_per_floor":[70,70,70,70,63,63,63,63,63,58,37,34,14],"gold":115,"neow_bonus":"THREE_ENEMY_KILL","is_prod":false,"is_daily":false,"chose_seed":false,"campfire_upgraded":0,"win_rate":0,"timestamp":1561307552,"path_taken":["M","$","?","M","?","E","R","$","T","M","E","M","E"],"build_version":"2019-01-23","purchased_purges":1,"victory":false,"max_hp_per_floor":[70,70,70,70,70,70,70,70,70,70,70,70,70],"card_choices":[{"not_picked":["Prepared","Heel Hook"],"picked":"Infinite Blades","floor":1},{"not_picked":["Dodge and Roll","Deflect","All Out Attack"],"picked":"SKIP","floor":4},{"not_picked":["Backstab","Choke"],"picked":"After Image","floor":6},{"not_picked":["Leg Sweep","Reflex"],"picked":"Infinite Blades","floor":10},{"not_picked":["Dodge and Roll","Masterful Stab","PiercingWail"],"picked":"SKIP","floor":11},{"not_picked":["Backstab","Dagger Throw","Finisher"],"picked":"SKIP","floor":12}],"player_experience":186237,"relics_obtained":[{"floor":6,"key":"Oddly Smooth Stone"},{"floor":11,"key":"Meat on the Bone"}],"event_choices":[{"damage_healed":0,"gold_gain":0,"player_choice":"Box","damage_taken":0,"relics_obtained":["Juzu Bracelet"],"max_hp_gain":0,"max_hp_loss":0,"event_name":"Big Fish","floor":3,"gold_loss":0,"cards_obtained":["Regret"]},{"cards_removed":["Defend_G"],"damage_healed":0,"gold_gain":0,"player_choice":"Card Removal","damage_taken":7,"max_hp_gain":0,"max_hp_loss":0,"event_name":"Golden Wing","floor":5,"gold_loss":0}],"is_beta":false,"boss_relics":[],"items_purged_floors":[2],"is_endless":false,"potions_floor_spawned":[1,4,12],"killed_by":"3 Sentries","ascension_level":1}