{"gold_per_floor":[117,43,43,59,59,94,108,108,108,131,162,162,173,205,205,301,301,315,332,350,3,14,14,14],"floor_reached":24,"playtime":9361,"items_purged":[],"score":325,"play_id":"eea7d7ad-d38b-47bb-b7e0-f84aa4e1397d","local_time":"20190915225616","is_ascension_mode":true,"campfire_choices":[{"floor":8,"key":"REST"},{"data":"1","floor":15,"key":"LIFT"},{"floor":23,"key":"REST"}],"neow_cost":"NONE","seed_source_timestamp":404072350871565,"circlet_count":0,"master_deck":["Strike_G","Strike_G","Strike_G","Strike_G","Strike_G","Defend_G","Defend_G","Defend_G","Defend_G","Defend_G","Survivor","Neutralize","Dagger Spray","Footwork+1","Sucker Punch","Slice","Reflex","Skewer","Deadly Poison","Well Laid Plans","Unload","PiercingWail+1","Calculated Gamble","Finesse","Deadly Poison","Concentrate+1"],"relics":["Ring of the Snake","NeowsBlessing","Letter Opener","Matryoshka","Singing Bowl","Happy Flower","Girya","Runic Pyramid","Membership Card","Snake Skull"],"potions_floor_usage":[11,14,22],"damage_taken":[{"damage":0,"enemies":"2 Louse","floor":1,"turns":1},{"damage":0,"enemies":"Jaw Worm","floor":4,"turns":1},{"damage":0,"enemies":"Lagavulin","floor":6,"turns":1},{"damage":9,"enemies":"Small Slimes","floor":7,"turns":3},{"damage":25,"enemies":"Gremlin Nob","floor":11,"turns":6},{"damage":0,"enemies":"Blue Slaver","floor":13,"turns":5},{"damage":14,"enemies":"Lagavulin","floor":14,"turns":7},{"damage":15,"enemies":"The Guardian","floor":16,"turns":13},{"damage":8,"enemies":"Shell Parasite","floor":18,"turns":8},{"damage":19,"enemies":"Spheric Guardian","floor":19,"turns":6},{"damage":18,"enemies":"Shelled Parasite and Fungi","floor":20,"turns":8},{"damage":2,"enemies":"Snake Plant","floor":22,"turns":5},{"damage":36,"enemies":"Slavers","floor":24,"turns":3}],"seed_played":"1307669704741295426","potions_obtained":[{"floor":4,"key":"Ancient Potion"},{"floor":7,"key":"GhostInAJar"},{"floor":11,"key":"GhostInAJar"},{"floor":16,"key":"LiquidBronze"},{"floor":19,"key":"Ancient Potion"},{"floor":22,"key":"Strength Potion"}],"is_trial":false,"path_per_floor":["M","$","?","M","?","E","M","R","T","T","E","?","M","E","R","B",null,"M","M","M","$","M","R","E"],"character_chosen":"THE_SILENT","items_purchased":["Footwork","Membership Card","Finesse","Deadly Poison","Snake Skull"],"campfire_rested":2,"item_purchase_floors":[2,21,21,21,21],"current_hp_per_floor":[63,63,63,63,63,63,54,70,70,70,45,45,45,31,31,16,57,51,32,14,14,12,33,0],"gold":14,"neow_bonus":"THREE_ENEMY_KILL","is_prod":false,"is_daily":false,"chose_seed":false,"campfire_upgraded":0,"win_rate":0,"timestamp":1568613376,"path_taken":["M","$","?","M","?","E","M","R","T","?","E","?","?","E","R","BOSS","M","M","M","$","M","R","E"],"build_version":"2019-07-17","purchased_purges":0,"victory":false,"max_hp_per_floor":[70,70,70,70,70,70,70,70,70,70,70,70,70,70,70,70,70,72,72,72,72,72,72,72],"card_choices":[{"not_picked":["Flechettes","Quick Slash"],"picked":"Dagger Spray","floor":1},{"not_picked":["Dodge and Roll","Blade Dance"],"picked":"Sucker Punch","floor":4},{"not_picked":["Calculated Gamble","Concentrate"],"picked":"Slice","floor":6},{"not_picked":["Poisoned Stab","Terror"],"picked":"Reflex","floor":7},{"not_picked":["Slice","Escape Plan"],"picked":"Skewer","floor":11},{"not_picked":["Setup","Sucker Punch"],"picked":"Deadly Poison","floor":13},{"not_picked":["Underhanded Strike","Eviscerate"],"picked":"Well Laid Plans","floor":14},{"not_picked":["Phantasmal Killer","Wraith Form v2"],"picked":"Unload","floor":16},{"not_picked":["Skewer","Bane","Sucker Punch"],"picked":"Singing Bowl","floor":18},{"not_picked":["Backflip","Predator"],"picked":"PiercingWail+1","floor":19},{"not_picked":["Bouncing Flask+1","Sucker Punch+1"],"picked":"Calculated Gamble","floor":20},{"not_picked":["Blade Dance","Backflip"],"picked":"Concentrate+1","floor":22}],"player_experience":3469556,"relics_obtained":[{"floor":6,"key":"Letter Opener"},{"floor":9,"key":"Matryoshka"},{"floor":10,"key":"Singing Bowl"},{"floor":11,"key":"Happy Flower"},{"floor":14,"key":"Girya"}],"event_choices":[{"damage_healed":0,"gold_gain":0,"player_choice":"Ignored","damage_taken":0,"max_hp_gain":0,"max_hp_loss":0,"event_name":"Liars Game","floor":3,"gold_loss":0},{"damage_healed":0,"gold_gain":0,"player_choice":"Ignored","damage_taken":0,"max_hp_gain":0,"max_hp_loss":0,"event_name":"Golden Idol","floor":5,"gold_loss":0},{"damage_healed":0,"gold_gain":0,"player_choice":"Grow","damage_taken":0,"max_hp_gain":0,"max_hp_loss":0,"event_name":"Living Wall","floor":12,"gold_loss":0,"cards_upgraded":["Footwork"]}],"is_beta":false,"boss_relics":[{"not_picked":["Calling Bell","Pandora\u0027s Box"],"picked":"Runic Pyramid"}],"items_purged_floors":[],"is_endless":false,"potions_floor_spawned":[4,7,11,16,19,22],"killed_by":"Slavers","ascension_level":7}