{"gold_per_floor":[110,125,142,154,154,186,62,62,110,126,161,180,211,228,228,228],"floor_reached":16,"playtime":1084,"items_purged":["Strike_B"],"score":167,"play_id":"a06765fd-fb49-4f65-ad2c-7ea14766de4c","local_time":"20190909094252","is_ascension_mode":true,"campfire_choices":[{"floor":15,"key":"REST"}],"neow_cost":"NONE","seed_source_timestamp":486100335349700,"circlet_count":0,"master_deck":["Strike_B","Strike_B","Strike_B","Defend_B","Defend_B","Defend_B","Defend_B","Zap","Dualcast","Gash","Beam Cell","Hologram","Rebound","Steam","Auto Shields"],"relics":["Cracked Core","Centennial Puzzle","Meat on the Bone","Juzu Bracelet","Regal Pillow","Darkstone Periapt"],"potions_floor_usage":[6,6,11,11,13,16],"damage_taken":[{"damage":10,"enemies":"2 Louse","floor":1,"turns":2},{"damage":10,"enemies":"Small Slimes","floor":2,"turns":4},{"damage":2,"enemies":"Jaw Worm","floor":3,"turns":2},{"damage":2,"enemies":"3 Louse","floor":4,"turns":4},{"damage":4,"enemies":"Gremlin Nob","floor":6,"turns":4},{"damage":2,"enemies":"Large Slime","floor":10,"turns":3},{"damage":12,"enemies":"3 Sentries","floor":11,"turns":4},{"damage":10,"enemies":"Exordium Wildlife","floor":12,"turns":3},{"damage":30,"enemies":"Lagavulin","floor":13,"turns":6},{"damage":3,"enemies":"Blue Slaver","floor":14,"turns":3},{"damage":80,"enemies":"Slime Boss","floor":16,"turns":9}],"seed_played":"7735967314374303308","potions_obtained":[{"floor":2,"key":"FocusPotion"},{"floor":3,"key":"Block Potion"},{"floor":4,"key":"Block Potion"},{"floor":11,"key":"FearPotion"},{"floor":14,"key":"FocusPotion"}],"is_trial":false,"path_per_floor":["M","M","M","M","?","E","$","?","T","M","E","M","E","M","R","B"],"character_chosen":"DEFECT","items_purchased":["Explosive Potion"],"campfire_rested":1,"item_purchase_floors":[7],"current_hp_per_floor":[58,48,46,44,44,40,40,65,65,63,51,41,23,32,69,0],"gold":228,"neow_bonus":"RANDOM_COMMON_RELIC","is_prod":false,"is_daily":false,"chose_seed":false,"campfire_upgraded":0,"win_rate":0,"timestamp":1568040172,"path_taken":["M","M","M","M","?","E","$","?","T","M","E","M","E","M","R","BOSS"],"build_version":"2019-08-26","purchased_purges":1,"victory":false,"max_hp_per_floor":[75,75,75,75,75,75,75,75,75,75,75,75,75,75,75,75],"card_choices":[{"not_picked":["Compile Driver","Turbo"],"picked":"Gash","floor":1},{"not_picked":["Coolheaded","Lockon"],"picked":"Beam Cell","floor":2},{"not_picked":["Rip and Tear","Turbo"],"picked":"Hologram","floor":3},{"not_picked":["Loop","Doom and Gloom","Skim"],"picked":"SKIP","floor":4},{"not_picked":["Lockon","Leap"],"picked":"Rebound","floor":6},{"not_picked":["Skim","Fusion"],"picked":"Steam","floor":10},{"not_picked":["Scrape","Barrage","Force Field"],"picked":"SKIP","floor":11},{"not_picked":["Hello World","Static Discharge","Coolheaded"],"picked":"SKIP","floor":12},{"not_picked":["Ball Lightning","Biased Cognition"],"picked":"Auto Shields","floor":13},{"not_picked":["Compile Driver","Skim","Streamline"],"picked":"SKIP","floor":14}],"player_experience":228021,"relics_obtained":[{"floor":6,"key":"Meat on the Bone"},{"floor":9,"key":"Juzu Bracelet"},{"floor":11,"key":"Regal Pillow"},{"floor":13,"key":"Darkstone Periapt"}],"event_choices":[{"damage_healed":0,"gold_gain":0,"player_choice":"Ignored","damage_taken":0,"max_hp_gain":0,"max_hp_loss":0,"event_name":"Shining Light","floor":5,"gold_loss":0},{"damage_healed":25,"gold_gain":0,"player_choice":"Banana","damage_taken":0,"max_hp_gain":0,"max_hp_loss":0,"event_name":"Big Fish","floor":8,"gold_loss":0}],"is_beta":true,"boss_relics":[],"items_purged_floors":[7],"is_endless":false,"potions_floor_spawned":[2,3,4,11,14],"killed_by":"Slime Boss","ascension_level":7}