{"gold_per_floor":[113,123,73,83,83,112,20,20,95,95,124,124,124,139,139,239,239,249,61,16,27,27,27,138,138,138,163,78,93,93,129,129,255,255,298,343,343,378,13,13,46,109,109,165,201,201,236,248,248,273],"floor_reached":51,"playtime":5409,"items_purged":["Strike_P"],"score":925,"play_id":"dd72a9ac-f9e1-408d-8bbe-daa1f8445fbf","local_time":"20191002182542","is_ascension_mode":true,"campfire_choices":[{"data":"Eruption","floor":8,"key":"SMITH"},{"floor":10,"key":"REST"},{"data":"BattleHymn","floor":12,"key":"SMITH"},{"data":"Halt","floor":15,"key":"SMITH"},{"data":"HandOfGreed","floor":23,"key":"SMITH"},{"data":"Crescendo","floor":25,"key":"SMITH"},{"floor":30,"key":"REST"},{"floor":32,"key":"REST"},{"floor":40,"key":"REST"},{"floor":49,"key":"REST"}],"neow_cost":"NONE","seed_source_timestamp":281555564632100,"circlet_count":0,"master_deck":["Strike_P","Strike_P","Defend_P","Defend_P","Defend_P","Defend_P","Eruption+1","Vigilance","SashWhip+1","EmptyBody","FlyingSleeves","EmptyFist","Flash of Steel","Halt+1","BattleHymn+1","Protect","Blasphemy","MentalFortress","HandOfGreed+1","ClearTheMind","SashWhip+1","InnerPeace","Crescendo+1","Adaptation+1","Sanctity+1","Wireheading+1","Establishment+1","ClearTheMind","Panacea","TalkToTheHand+1","MentalFortress+1","CrushJoints+1","FlurryOfBlows+1","Injury","Protect+1","Crescendo"],"relics":["PureWater","NeowsBlessing","Anchor","Dream Catcher","Letter Opener","Regal Pillow","VioletLotus","Tiny Chest","Question Card","Oddly Smooth Stone","Frozen Egg 2","Cursed Key","Membership Card","Kunai","Bag of Preparation","Lizard Tail","Blood Vial","Ginger"],"potions_floor_usage":[6,24,27,31,35,45,48,50],"damage_taken":[{"damage":0,"enemies":"Jaw Worm","floor":1,"turns":1},{"damage":0,"enemies":"2 Louse","floor":2,"turns":1},{"damage":0,"enemies":"Cultist","floor":4,"turns":1},{"damage":6,"enemies":"Lagavulin","floor":6,"turns":8},{"damage":1,"enemies":"Gremlin Nob","floor":11,"turns":3},{"damage":0,"enemies":"3 Louse","floor":14,"turns":3},{"damage":10,"enemies":"The Guardian","floor":16,"turns":6},{"damage":2,"enemies":"3 Byrds","floor":18,"turns":4},{"damage":2,"enemies":"Shell Parasite","floor":21,"turns":3},{"damage":19,"enemies":"Slavers","floor":24,"turns":5},{"damage":26,"enemies":"Book of Stabbing","floor":27,"turns":5},{"damage":1,"enemies":"Snecko","floor":29,"turns":3},{"damage":2,"enemies":"Centurion and Healer","floor":31,"turns":4},{"damage":44,"enemies":"Champ","floor":33,"turns":12},{"damage":16,"enemies":"3 Shapes","floor":35,"turns":4},{"damage":0,"enemies":"Orb Walker","floor":36,"turns":2},{"damage":17,"enemies":"Sphere and 2 Shapes","floor":38,"turns":6},{"damage":6,"enemies":"Giant Head","floor":41,"turns":8},{"damage":4,"enemies":"4 Shapes","floor":42,"turns":7},{"damage":0,"enemies":"Nemesis","floor":44,"turns":3},{"damage":2,"enemies":"Jaw Worm Horde","floor":45,"turns":5},{"damage":17,"enemies":"Reptomancer","floor":47,"turns":5},{"damage":12,"enemies":"Transient","floor":48,"turns":5},{"damage":30,"enemies":"Donu and Deca","floor":50,"turns":10}],"seed_played":"-83731815797478041","potions_obtained":[{"floor":2,"key":"Block Potion"},{"floor":4,"key":"LiquidBronze"},{"floor":16,"key":"Strength Potion"},{"floor":21,"key":"FearPotion"},{"floor":31,"key":"Regen Potion"},{"floor":33,"key":"AttackPotion"},{"floor":35,"key":"Weak Potion"},{"floor":41,"key":"Dexterity Potion"},{"floor":45,"key":"Explosive Potion"},{"floor":48,"key":"BottledMiracle"}],"is_trial":false,"path_per_floor":["M","M","?","M","?","E","$","R","T","R","E","R","?","M","R","B",null,"M","$","$","M","?","R","E","R","T","E","?","M","R","M","R","B",null,"M","M","?","M","$","R","E","M","T","E","M","?","E","M","R","B",null],"character_chosen":"WATCHER","items_purchased":["Flash of Steel","HandOfGreed","ClearTheMind","Membership Card","Kunai","MentalFortress+1","Energy Potion"],"campfire_rested":5,"item_purchase_floors":[7,19,20,39,39,39,39],"current_hp_per_floor":[72,72,72,72,54,48,48,48,48,69,68,68,68,68,68,58,72,70,70,70,68,68,68,49,49,49,23,23,22,58,56,72,28,72,56,56,56,39,39,72,66,62,62,62,62,62,47,52,68,38],"gold":273,"neow_bonus":"THREE_ENEMY_KILL","is_prod":false,"is_daily":false,"chose_seed":false,"campfire_upgraded":5,"win_rate":0,"timestamp":1570058742,"path_taken":["M","M","?","M","?","E","$","R","T","R","E","R","?","M","R","BOSS","M","?","$","M","?","R","E","R","T","E","?","M","R","M","R","BOSS","M","M","?","M","$","R","E","M","T","E","M","?","E","M","R","BOSS"],"build_version":"2019-10-02","purchased_purges":1,"victory":true,"max_hp_per_floor":[72,72,72,72,72,72,72,72,72,72,72,72,72,72,72,72,72,72,72,72,72,72,72,72,72,72,72,72,72,72,72,72,72,72,72,72,72,72,72,72,72,72,72,72,72,68,68,68,68,68],"card_choices":[{"not_picked":["Prostrate","SignatureMove"],"picked":"SashWhip","floor":1},{"not_picked":["DeceiveReality","Sanctity"],"picked":"EmptyBody","floor":2},{"not_picked":["Weave","Devotion"],"picked":"FlyingSleeves","floor":4},{"not_picked":["Indignation","SignatureMove"],"picked":"EmptyFist","floor":6},{"not_picked":["ThirdEye","ClearTheMind"],"picked":"Halt","floor":10},{"not_picked":["SashWhip","Weave"],"picked":"BattleHymn","floor":11},{"not_picked":["ClearTheMind","SashWhip"],"picked":"Protect","floor":14},{"not_picked":["Adaptation","DeusExMachina"],"picked":"Blasphemy","floor":16},{"not_picked":["JustLucky","Halt"],"picked":"MentalFortress","floor":18},{"not_picked":["CarveReality","CutThroughFate"],"picked":"SashWhip+1","floor":21},{"not_picked":["DeusExMachina","ThirdEye"],"picked":"Crescendo","floor":24},{"not_picked":["Evaluate","Protect","Weave+1","InnerPeace"],"picked":"SKIP","floor":27},{"not_picked":["Scrawl+1","SpiritShield","FollowUp+1"],"picked":"Adaptation+1","floor":29},{"not_picked":["Halt","WindmillStrike","DeceiveReality"],"picked":"Sanctity+1","floor":30},{"not_picked":["ThirdEye","Consecrate","BattleHymn+1","Swivel"],"picked":"SKIP","floor":31},{"not_picked":["Crescendo","ClearTheMind+1","Consecrate"],"picked":"Wireheading+1","floor":32},{"not_picked":["Judgement","ConjureBlade","Alpha"],"picked":"Establishment+1","floor":33},{"not_picked":["FollowUp","Collect+1","Prostrate+1","Wireheading+1"],"picked":"SKIP","floor":35},{"not_picked":["Tantrum","MentalFortress+1","EmptyFist+1"],"picked":"ClearTheMind","floor":36},{"not_picked":["Enlightenment","Swift Strike","Deep Breath"],"picked":"Panacea","floor":37},{"not_picked":["FollowUp","EmptyMind+1","Halt"],"picked":"TalkToTheHand+1","floor":38},{"not_picked":["Crescendo+1","BowlingBash","EmptyBody"],"picked":"CrushJoints+1","floor":40},{"not_picked":["SashWhip","MentalFortress+1","Vault"],"picked":"FlurryOfBlows+1","floor":41},{"not_picked":["BowlingBash","SashWhip","MasterReality+1","Wallop"],"picked":"SKIP","floor":42},{"not_picked":["Sanctity","ThirdEye+1","FlyingSleeves","Wireheading+1"],"picked":"SKIP","floor":44},{"not_picked":["CrushJoints+1","ForeignInfluence+1","Crescendo+1"],"picked":"Protect+1","floor":45},{"not_picked":["JustLucky","SignatureMove","Wallop+1","FlurryOfBlows"],"picked":"SKIP","floor":47},{"not_picked":["Halt+1","Consecrate+1","SignatureMove+1"],"picked":"Crescendo","floor":48}],"player_experience":361095,"relics_obtained":[{"floor":6,"key":"Dream Catcher"},{"floor":9,"key":"Letter Opener"},{"floor":11,"key":"Regal Pillow"},{"floor":24,"key":"Tiny Chest"},{"floor":26,"key":"Question Card"},{"floor":27,"key":"Oddly Smooth Stone"},{"floor":41,"key":"Bag of Preparation"},{"floor":43,"key":"Lizard Tail"},{"floor":44,"key":"Blood Vial"},{"floor":47,"key":"Ginger"}],"event_choices":[{"cards_removed":["Strike_P"],"damage_healed":0,"gold_gain":0,"player_choice":"Card Removal","damage_taken":0,"max_hp_gain":0,"max_hp_loss":0,"event_name":"The Cleric","floor":3,"gold_loss":50},{"damage_healed":0,"gold_gain":0,"player_choice":"Success","damage_taken":18,"relics_obtained":["Anchor"],"max_hp_gain":0,"max_hp_loss":0,"event_name":"Scrap Ooze","floor":5,"gold_loss":0},{"damage_healed":0,"gold_gain":0,"player_choice":"Forge","damage_taken":0,"max_hp_gain":0,"max_hp_loss":0,"event_name":"Accursed Blacksmith","floor":13,"gold_loss":0,"cards_upgraded":["SashWhip"]},{"damage_healed":0,"gold_gain":0,"player_choice":"Read","damage_taken":0,"max_hp_gain":0,"max_hp_loss":0,"event_name":"The Library","floor":22,"gold_loss":0,"cards_obtained":["InnerPeace"]},{"damage_healed":0,"gold_gain":0,"player_choice":"Obtained Relic","damage_taken":0,"relics_obtained":["Frozen Egg 2"],"max_hp_gain":0,"max_hp_loss":0,"event_name":"Addict","floor":28,"gold_loss":85},{"damage_healed":0,"gold_gain":0,"player_choice":"Memory 1","damage_taken":0,"max_hp_gain":0,"max_hp_loss":0,"event_name":"SensoryStone","floor":37,"gold_loss":0},{"damage_healed":0,"gold_gain":0,"player_choice":"Max HP","damage_taken":0,"max_hp_gain":0,"max_hp_loss":4,"event_name":"Winding Halls","floor":46,"gold_loss":0}],"is_beta":true,"boss_relics":[{"not_picked":["SacredBark","Pandora\u0027s Box"],"picked":"VioletLotus"},{"not_picked":["Runic Pyramid","Coffee Dripper"],"picked":"Cursed Key"}],"items_purged_floors":[39],"is_endless":false,"potions_floor_spawned":[2,4,16,21,31,33,35,41,45,48],"ascension_level":3}