{"gold_per_floor":[115,125,125,145,162,194,208,208,258,280,292,304,391,403],"floor_reached":14,"playtime":800,"items_purged":[],"score":115,"play_id":"0b07fbb5-601e-4994-83b1-e649d0092b4e","local_time":"20190902140235","is_ascension_mode":true,"campfire_choices":[{"data":"Armaments","floor":8,"key":"SMITH"},{"floor":11,"key":"REST"}],"neow_cost":"NONE","seed_source_timestamp":566198294928100,"circlet_count":0,"master_deck":["Strike_R","Strike_R","Strike_R","Strike_R","Defend_R","Defend_R","Defend_R","Defend_R","Bash","Corruption","Fiend Fire","Dropkick","Armaments+1","Dropkick"],"special_seed":0,"relics":["Burning Blood","Paper Frog","MawBank"],"potions_floor_usage":[14],"damage_taken":[{"damage":6,"enemies":"Cultist","floor":1,"turns":4},{"damage":7,"enemies":"2 Louse","floor":2,"turns":2},{"damage":10,"enemies":"Jaw Worm","floor":4,"turns":5},{"damage":10,"enemies":"Large Slime","floor":5,"turns":5},{"damage":41,"enemies":"Gremlin Nob","floor":6,"turns":5},{"damage":15,"enemies":"3 Louse","floor":7,"turns":4},{"damage":11,"enemies":"Blue Slaver","floor":10,"turns":4},{"damage":35,"enemies":"3 Sentries","floor":14,"turns":6}],"seed_played":"5077157191732194891","potions_obtained":[{"floor":1,"key":"EssenceOfSteel"},{"floor":5,"key":"GamblersBrew"},{"floor":10,"key":"SteroidPotion"}],"is_trial":false,"path_per_floor":["M","M","?","M","M","E","M","R","T","M","R","?","?","E"],"character_chosen":"IRONCLAD","items_purchased":[],"campfire_rested":1,"item_purchase_floors":[],"current_hp_per_floor":[88,87,87,83,79,44,35,35,35,30,56,56,45,10],"gold":403,"neow_bonus":"TEN_PERCENT_HP_BONUS","is_prod":false,"is_daily":false,"chose_seed":false,"campfire_upgraded":1,"win_rate":0,"timestamp":1567447355,"path_taken":["M","M","?","?","M","E","M","R","T","M","R","?","?","E"],"build_version":"2019-07-17","purchased_purges":0,"victory":false,"max_hp_per_floor":[88,88,88,88,88,88,88,88,88,88,88,88,88,88],"card_choices":[{"not_picked":["Evolve","Headbutt"],"picked":"Corruption","floor":1},{"not_picked":["Sword Boomerang","True Grit","Perfected Strike"],"picked":"SKIP","floor":2},{"not_picked":["Intimidate","Second Wind"],"picked":"Dropkick","floor":4},{"not_picked":["Iron Wave","Havoc"],"picked":"Armaments","floor":5},{"not_picked":["Entrench","Second Wind"],"picked":"Dropkick","floor":6},{"not_picked":["Armaments","Body Slam","Whirlwind"],"picked":"SKIP","floor":7},{"not_picked":["Hemokinesis","Thunderclap","Twin Strike"],"picked":"SKIP","floor":10}],"player_experience":371583,"relics_obtained":[{"floor":6,"key":"Paper Frog"},{"floor":9,"key":"MawBank"}],"event_choices":[{"damage_healed":0,"gold_gain":0,"player_choice":"1 cards matched","damage_taken":0,"max_hp_gain":0,"max_hp_loss":0,"event_name":"Match and Keep!","floor":3,"gold_loss":0,"cards_obtained":["Fiend Fire"]},{"cards_removed":["Strike_R"],"damage_healed":0,"gold_gain":0,"player_choice":"Forget","damage_taken":0,"max_hp_gain":0,"max_hp_loss":0,"event_name":"Living Wall","floor":12,"gold_loss":0},{"damage_healed":0,"gold_gain":75,"player_choice":"Gather Gold","damage_taken":11,"max_hp_gain":0,"max_hp_loss":0,"event_name":"World of Goop","floor":13,"gold_loss":0}],"is_beta":false,"boss_relics":[],"items_purged_floors":[],"is_endless":false,"potions_floor_spawned":[1,5,10],"killed_by":"3 Sentries","ascension_level":5}