{"gold_per_floor":[113,63,80,80,95,95,106,106,106,136,236,265,295,342,354,470,482,509,31,31,31,61,87,12,12,35,50,50,60,60,76,76,76],"floor_reached":33,"playtime":1570,"items_purged":["Strike_R"],"score":486,"play_id":"0c0f2477-2c61-42c0-a514-7e1f5aa9905a","local_time":"20191014154953","daily_mods":["DeadlyEvents"],"is_ascension_mode":false,"campfire_choices":[{"data":"Eruption","floor":6,"key":"SMITH"},{"data":"BowlingBash","floor":8,"key":"SMITH"},{"data":"Ragnarok","floor":15,"key":"SMITH"},{"data":"TalkToTheHand","floor":25,"key":"SMITH"},{"data":"EmptyMind","floor":28,"key":"SMITH"},{"data":"Wallop","floor":30,"key":"SMITH"},{"data":"Prostrate","floor":32,"key":"SMITH"}],"neow_cost":"","seed_source_timestamp":0,"circlet_count":0,"master_deck":["Strike_P","Strike_P","Strike_P","Strike_P","Defend_P","Defend_P","Defend_P","Defend_P","Eruption+1","Vigilance","EmptyMind+1","BowlingBash+1","FlurryOfBlows","Wallop+1","Ragnarok+1","TalkToTheHand+1","ClearTheMind","MentalFortress+1","Devotion+1","Halt+1","WaveOfTheHand+1","FlurryOfBlows+1","Regret","Crescendo+1","WheelKick","Prostrate+1"],"relics":["PureWater","GremlinMask","Mercury Hourglass","Frozen Egg 2","MealTicket","MawBank","Gambling Chip","Cursed Key","Mummified Hand","Letter Opener","HornCleat","Blue Candle","Regal Pillow"],"potions_floor_usage":[7,12,14,22,33],"damage_taken":[{"damage":1,"enemies":"2 Louse","floor":1,"turns":3},{"damage":0,"enemies":"Cultist","floor":3,"turns":2},{"damage":2,"enemies":"Small Slimes","floor":5,"turns":3},{"damage":0,"enemies":"Gremlin Gang","floor":7,"turns":5},{"damage":4,"enemies":"3 Sentries","floor":10,"turns":4},{"damage":0,"enemies":"Lagavulin","floor":12,"turns":3},{"damage":1,"enemies":"3 Sentries","floor":13,"turns":3},{"damage":0,"enemies":"Lagavulin","floor":14,"turns":4},{"damage":14,"enemies":"The Guardian","floor":16,"turns":8},{"damage":23,"enemies":"Chosen","floor":18,"turns":5},{"damage":28,"enemies":"Slavers","floor":22,"turns":5},{"damage":0,"enemies":"Book of Stabbing","floor":23,"turns":5},{"damage":5,"enemies":"2 Thieves","floor":27,"turns":3},{"damage":1,"enemies":"Centurion and Healer","floor":29,"turns":2},{"damage":0,"enemies":"3 Cultists","floor":31,"turns":2},{"damage":60,"enemies":"Collector","floor":33,"turns":5}],"seed_played":"79758353181194192","potions_obtained":[{"floor":1,"key":"Swift Potion"},{"floor":5,"key":"BottledMiracle"},{"floor":10,"key":"StancePotion"},{"floor":12,"key":"FearPotion"},{"floor":22,"key":"SpeedPotion"},{"floor":23,"key":"SkillPotion"},{"floor":29,"key":"Energy Potion"}],"is_trial":true,"path_per_floor":["M","$","M","?","M","R","M","R","T","E","?","E","E","E","R","B",null,"M","$","?","?","E","E","$","R","T","M","R","M","R","M","R","B"],"character_chosen":"WATCHER","items_purchased":["BowlingBash","Mummified Hand","Letter Opener"],"campfire_rested":0,"item_purchase_floors":[2,19,19],"current_hp_per_floor":[71,71,71,71,69,69,69,69,69,65,65,65,64,64,64,50,72,49,64,64,64,36,36,51,51,51,46,46,45,45,45,45,0],"gold":76,"neow_bonus":"","is_prod":false,"is_daily":false,"chose_seed":false,"campfire_upgraded":7,"win_rate":0,"timestamp":1571086193,"path_taken":["M","$","M","?","?","R","M","R","T","?","?","?","?","?","R","BOSS","M","$","?","?","?","E","$","R","T","M","R","M","R","?","R","BOSS"],"build_version":"2019-10-14","purchased_purges":1,"victory":false,"max_hp_per_floor":[72,72,72,72,72,72,72,72,72,72,72,72,72,72,72,72,72,72,72,72,72,72,72,72,72,72,72,72,72,72,72,72,72],"card_choices":[{"not_picked":["Prostrate","Sanctity"],"picked":"EmptyMind","floor":1},{"not_picked":["Conclude","InnerPeace"],"picked":"FlurryOfBlows","floor":3},{"not_picked":["PathToVictory","FollowUp"],"picked":"Wallop","floor":5},{"not_picked":["Omniscience","FlurryOfBlows"],"picked":"CutThroughFate","floor":7},{"not_picked":["SashWhip","CrushJoints"],"picked":"Ragnarok","floor":10},{"not_picked":["JustLucky","Meditate"],"picked":"TalkToTheHand","floor":12},{"not_picked":["DeceiveReality","ThirdEye"],"picked":"ClearTheMind","floor":13},{"not_picked":["MasterReality+1","Evaluate"],"picked":"MentalFortress+1","floor":14},{"not_picked":["Establishment+1","DeusExMachina"],"picked":"Devotion+1","floor":16},{"not_picked":["Sanctity","Tantrum"],"picked":"Halt+1","floor":18},{"not_picked":["FlurryOfBlows+1","WreathOfFlame"],"picked":"WaveOfTheHand+1","floor":22},{"not_picked":["WheelKick+1","Judgement"],"picked":"FlurryOfBlows+1","floor":23},{"not_picked":["ReachHeaven","EmptyFist"],"picked":"Crescendo+1","floor":27},{"not_picked":["ReachHeaven","BowlingBash"],"picked":"WheelKick","floor":29},{"not_picked":["Sanctity","BowlingBash"],"picked":"Prostrate","floor":31}],"player_experience":483996,"relics_obtained":[{"floor":9,"key":"Mercury Hourglass"},{"floor":10,"key":"Frozen Egg 2"},{"floor":12,"key":"MealTicket"},{"floor":13,"key":"MawBank"},{"floor":14,"key":"Gambling Chip"},{"floor":22,"key":"HornCleat"},{"floor":23,"key":"Blue Candle"},{"floor":26,"key":"Regal Pillow"}],"event_choices":[{"damage_healed":0,"gold_gain":0,"player_choice":"Trade","damage_taken":0,"relics_obtained":["GremlinMask"],"max_hp_gain":0,"max_hp_loss":0,"event_name":"FaceTrader","floor":4,"gold_loss":0},{"damage_healed":0,"gold_gain":100,"player_choice":"Pray","damage_taken":0,"max_hp_gain":0,"max_hp_loss":0,"event_name":"Golden Shrine","floor":11,"gold_loss":0},{"damage_healed":0,"gold_gain":0,"player_choice":"Ignored","damage_taken":0,"max_hp_gain":0,"max_hp_loss":0,"event_name":"Vampires","floor":20,"gold_loss":0},{"cards_removed":["CutThroughFate"],"damage_healed":0,"gold_gain":0,"player_choice":"Took Card","damage_taken":0,"max_hp_gain":0,"max_hp_loss":0,"event_name":"NoteForYourself","floor":21,"gold_loss":0,"cards_obtained":["Strike_R"]}],"is_beta":true,"boss_relics":[{"not_picked":["Empty Cage","Pandora\u0027s Box"],"picked":"Cursed Key"}],"items_purged_floors":[24],"is_endless":true,"potions_floor_spawned":[1,5,10,12,22,23,29],"killed_by":"Collector","ascension_level":0}