{"path_per_floor":["M","M","M","M","$","R","E","R","T","R","M","R","M","M","R"],"character_chosen":"THE_SILENT","items_purchased":["Escape Plan","Infinite Blades"],"gold_per_floor":[212,225,242,259,72,72,98,98,98,98,116,116,133,151,151,151],"floor_reached":16,"campfire_rested":2,"playtime":1337,"item_purchase_floors":[5,5],"current_hp_per_floor":[61,61,61,31,31,52,34,34,34,34,34,34,34,31,52,0],"items_purged":["Strike_G"],"gold":151,"score":135,"play_id":"2d41d24a-b346-47a6-b173-63f8f2da1643","local_time":"20180528145246","is_prod":false,"is_daily":false,"chose_seed":false,"is_ascension_mode":true,"campfire_upgraded":3,"win_rate":0,"timestamp":1527544366,"campfire_choices":[{"floor":6,"key":"REST"},{"data":"Neutralize","floor":8,"key":"SMITH"},{"data":"Outmaneuver","floor":10,"key":"SMITH"},{"data":"Sucker Punch","floor":12,"key":"SMITH"},{"floor":15,"key":"REST"}],"path_taken":["M","M","M","M","$","R","E","R","T","R","M","R","M","M","R","BOSS"],"build_version":"2018-05-24","seed_source_timestamp":11471661161351,"purchased_purges":1,"victory":false,"master_deck":["Defend_G","Defend_G","Defend_G","Defend_G","Defend_G","Strike_G","Strike_G","Strike_G","Strike_G","Survivor","Neutralize+1","Quick Slash","Dodge and Roll","Backflip","Outmaneuver+1","Escape Plan","Infinite Blades","Sucker Punch+1","Deflect","Prepared"],"max_hp_per_floor":[70,70,70,70,70,70,70,70,70,70,70,70,70,70,70,70],"relics":["Ring of the Snake","Bottled Flame","Kunai"],"card_choices":[{"not_picked":["Distraction","Slice"],"picked":"Quick Slash","floor":1},{"not_picked":["Setup","Sucker Punch"],"picked":"Dodge and Roll","floor":2},{"not_picked":["Prepared","Sucker Punch"],"picked":"Backflip","floor":3},{"not_picked":["PiercingWail","Setup"],"picked":"Outmaneuver","floor":4},{"not_picked":["Deflect","Dagger Throw","Caltrops"],"picked":"SKIP","floor":7},{"not_picked":["Choke","Underhanded Strike"],"picked":"Sucker Punch","floor":11},{"not_picked":["Bane","Poisoned Stab"],"picked":"Deflect","floor":13},{"not_picked":["Setup","Quick Slash"],"picked":"Prepared","floor":14}],"player_experience":438443,"potions_floor_usage":[3,7],"damage_taken":[{"damage":2,"enemies":"Small Slimes","floor":1,"turns":5},{"damage":0,"enemies":"2 Louse","floor":2,"turns":2},{"damage":0,"enemies":"Jaw Worm","floor":3,"turns":5},{"damage":30,"enemies":"Exordium Wildlife","floor":4,"turns":11},{"damage":18,"enemies":"3 Sentries","floor":7,"turns":10},{"damage":0,"enemies":"Blue Slaver","floor":11,"turns":4},{"damage":0,"enemies":"Red Slaver","floor":13,"turns":5},{"damage":3,"enemies":"2 Fungi Beasts","floor":14,"turns":4},{"damage":57,"enemies":"Slime Boss","floor":16,"turns":18}],"relics_obtained":[{"floor":7,"key":"Bottled Flame"},{"floor":9,"key":"Kunai"}],"event_choices":[],"boss_relics":[],"items_purged_floors":[5],"potions_floor_spawned":[1,4],"seed_played":"-8536118225260296673","killed_by":"Slime Boss","ascension_level":6,"potions_obtained":[{"floor":1,"key":"SkillPotion"},{"floor":4,"key":"Poison Potion"}],"is_trial":false}