{"gold_per_floor":[417,44,60,60,135,168,87,87,157,188,198,233,246,264,264,360,360,360,360,360,360,360,360,360,360,360,360,360,360,360,360,360,360,360,360,360,360,360],"floor_reached":38,"playtime":3299,"items_purged":["Normality"],"score":584,"play_id":"8685579f-60f6-496e-83da-0eaa9942ef05","local_time":"20190929155129","is_ascension_mode":true,"campfire_choices":[{"floor":8.0,"key":"REST"},{"data":"Eruption","floor":15.0,"key":"SMITH"},{"floor":25,"key":"REST"},{"floor":30,"key":"REST"},{"floor":32,"key":"REST"}],"neow_cost":"CURSE","seed_source_timestamp":0,"circlet_count":0,"master_deck":["Strike_P","Strike_P","Strike_P","Strike_P","Defend_P","Defend_P","Defend_P","Defend_P","Eruption+1","Vigilance","BowlingBash","Devotion","Worship","CarveReality","Weave","Devotion","Vault+1","Weave+1","InnerPeace","ConjureBlade","WreathOfFlame","Alpha","BowlingBash+1","Devotion","Wallop+1","Prostrate","Tantrum+1","TalkToTheHand+1","Devotion","Judgement","Brilliance","FlyingSleeves+1","SandsOfTime+1"],"special_seed":0,"relics":["PureWater","Old Coin","Happy Flower","Torii","Molten Egg 2","Bronze Scales","Eternal Feather","Ectoplasm","InkBottle","Vajra","Gremlin Horn","Black Star"],"potions_floor_usage":[23,35],"damage_taken":[{"damage":8.0,"enemies":"Jaw Worm","floor":1.0,"turns":6.0},{"damage":1.0,"enemies":"2 Louse","floor":3.0,"turns":2.0},{"damage":0.0,"enemies":"Lagavulin","floor":6.0,"turns":5.0},{"damage":0.0,"enemies":"Gremlin Nob","floor":10.0,"turns":2.0},{"damage":0.0,"enemies":"Cultist","floor":11.0,"turns":3.0},{"damage":1.0,"enemies":"Lagavulin","floor":12.0,"turns":5.0},{"damage":3.0,"enemies":"Exordium Wildlife","floor":13.0,"turns":3.0},{"damage":1.0,"enemies":"Red Slaver","floor":14.0,"turns":3.0},{"damage":19.0,"enemies":"The Guardian","floor":16.0,"turns":9.0},{"damage":7.0,"enemies":"Chosen","floor":18.0,"turns":4.0},{"damage":15.0,"enemies":"Shell Parasite","floor":20.0,"turns":5.0},{"damage":19.0,"enemies":"3 Cultists","floor":21.0,"turns":3.0},{"damage":21,"enemies":"Slavers","floor":23,"turns":3},{"damage":9,"enemies":"Snake Plant","floor":24,"turns":3},{"damage":35,"enemies":"Book of Stabbing","floor":27,"turns":5},{"damage":23,"enemies":"Chosen and Byrds","floor":28,"turns":5},{"damage":25,"enemies":"Snecko","floor":31,"turns":6},{"damage":61,"enemies":"Automaton","floor":33,"turns":7},{"damage":25,"enemies":"3 Darklings","floor":35,"turns":6},{"damage":33,"enemies":"Orb Walker","floor":36,"turns":4},{"damage":0,"enemies":"Writhing Mass","floor":38,"turns":1}],"seed_played":"-7048678448361698987","potions_obtained":[{"floor":6.0,"key":"SteroidPotion"},{"floor":10.0,"key":"SteroidPotion"},{"floor":11.0,"key":"Block Potion"},{"floor":12.0,"key":"SteroidPotion"},{"floor":20.0,"key":"SteroidPotion"},{"floor":28,"key":"Weak Potion"},{"floor":33,"key":"Explosive Potion"},{"floor":35,"key":"Fire Potion"}],"is_trial":false,"path_per_floor":["M","$","M","?","?","E","$","R","T","E","M","E","M","M","R","B",null,"M","?","M","M","?","E","M","R","T","E","M","?","R","M","R","B",null,"M","M","?","M"],"character_chosen":"WATCHER","items_purchased":["Happy Flower","Devotion","Worship","Devotion"],"campfire_rested":4,"item_purchase_floors":[2,2,2,7],"current_hp_per_floor":[64,64,63,63,52,52,52,72,72,72,72,71,68,67,72,53,72,65,65,50,31,72,51,42,72,72,37,14,14,53,28,67,6,72,47,38,38,38],"gold":360,"neow_bonus":"ONE_RARE_RELIC","is_prod":false,"is_daily":false,"chose_seed":false,"campfire_upgraded":1,"win_rate":0,"timestamp":1569797489,"path_taken":["M","$","M","?","?","E","$","R","T","E","M","E","M","M","R","BOSS","M","?","M","?","?","E","M","R","T","E","?","?","R","M","R","BOSS","M","M","?","M"],"build_version":"2019-09-27","purchased_purges":1,"victory":false,"max_hp_per_floor":[72,72,72,72,72,72,72,72,72,72,72,72,72,72,72,72,72,72,72,72,72,72,72,72,72,72,72,72,72,72,72,72,72,72,72,72,72,72],"card_choices":[{"not_picked":["FlyingSleeves","ClearTheMind"],"picked":"BowlingBash","floor":1.0},{"not_picked":["CrushJoints","InnerPeace"],"picked":"CarveReality","floor":3.0},{"not_picked":["Evaluate","Halt"],"picked":"Weave","floor":6.0},{"not_picked":["SashWhip+1","Wallop+1"],"picked":"Vault+1","floor":10.0},{"not_picked":["Crescendo","CutThroughFate+1"],"picked":"Weave+1","floor":11.0},{"not_picked":["Protect","ThirdEye"],"picked":"InnerPeace","floor":12.0},{"not_picked":["CutThroughFate+1","EmptyBody"],"picked":"ConjureBlade","floor":13.0},{"not_picked":["JustLucky+1","CrushJoints+1"],"picked":"WreathOfFlame","floor":14.0},{"not_picked":["Nirvana","Omniscience"],"picked":"Alpha","floor":16.0},{"not_picked":["MentalFortress","Halt"],"picked":"BowlingBash+1","floor":18.0},{"not_picked":["CutThroughFate+1","CrushJoints+1"],"picked":"Wallop+1","floor":20.0},{"not_picked":["Conclude+1","Protect+1"],"picked":"TalkToTheHand+1","floor":21},{"not_picked":["BowlingBash+1","CrushJoints+1"],"picked":"Prostrate","floor":23},{"not_picked":["Halt","Sanctity"],"picked":"Tantrum+1","floor":24},{"not_picked":["BowlingBash+1","CrushJoints+1"],"picked":"TalkToTheHand+1","floor":27},{"not_picked":["Weave+1","CarveReality+1"],"picked":"Devotion","floor":28},{"not_picked":["CutThroughFate+1","MasterReality","Sanctity"],"picked":"SKIP","floor":31},{"not_picked":["ConjureBlade","Unraveling"],"picked":"Brilliance","floor":33},{"not_picked":["CutThroughFate+1","BowlingBash+1"],"picked":"FlyingSleeves+1","floor":35},{"not_picked":["WheelKick+1","Sanctity+1"],"picked":"SandsOfTime+1","floor":36}],"player_experience":60874,"relics_obtained":[{"floor":6.0,"key":"Torii"},{"floor":9.0,"key":"Molten Egg 2"},{"floor":10.0,"key":"Bronze Scales"},{"floor":12.0,"key":"Eternal Feather"},{"floor":23,"key":"InkBottle"},{"floor":26,"key":"Vajra"},{"floor":27,"key":"Gremlin Horn"}],"event_choices":[{"damage_healed":0.0,"max_hp_gain":0.0,"max_hp_loss":0.0,"gold_gain":0.0,"event_name":"Golden Idol","player_choice":"Ignored","floor":4.0,"gold_loss":0.0,"damage_taken":0.0},{"damage_healed":0.0,"max_hp_gain":0.0,"max_hp_loss":0.0,"gold_gain":75.0,"event_name":"World of Goop","player_choice":"Gather Gold","floor":5.0,"gold_loss":0.0,"damage_taken":11.0},{"damage_healed":0.0,"max_hp_gain":0.0,"max_hp_loss":0.0,"gold_gain":0.0,"event_name":"Duplicator","player_choice":"Copied","floor":19.0,"gold_loss":0.0,"damage_taken":0.0,"cards_obtained":["Devotion"]},{"cards_removed":["TalkToTheHand"],"damage_healed":41,"gold_gain":0,"player_choice":"Offered Uncommon","damage_taken":0,"max_hp_gain":0,"max_hp_loss":0,"event_name":"Bonfire Elementals","floor":22,"gold_loss":0},{"damage_healed":0,"gold_gain":0,"player_choice":"1 cards matched","damage_taken":0,"max_hp_gain":0,"max_hp_loss":0,"event_name":"Match and Keep!","floor":29,"gold_loss":0,"cards_obtained":["Judgement"]},{"damage_healed":0,"gold_gain":0,"player_choice":"Ignored","damage_taken":0,"max_hp_gain":0,"max_hp_loss":0,"event_name":"Mysterious Sphere","floor":37,"gold_loss":0}],"is_beta":true,"boss_relics":[{"not_picked":["SlaversCollar","VioletLotus"],"picked":"Ectoplasm"},{"not_picked":["HolyWater","SacredBark"],"picked":"Black Star"}],"items_purged_floors":[2],"is_endless":false,"potions_floor_spawned":[6,10,11,12,20,28,33,35],"killed_by":"Writhing Mass","ascension_level":3}