{"gold_per_floor":[10,23,23,23,41,69,86,98,171,171,188,199,199],"floor_reached":13,"playtime":592,"items_purged":[],"score":98,"play_id":"ef39edd5-2ad2-411c-ab1c-00ad53beecb6","local_time":"20190627183224","is_ascension_mode":true,"campfire_choices":[{"floor":10,"key":"REST"}],"neow_cost":"NO_GOLD","seed_source_timestamp":1267822928409295,"circlet_count":0,"master_deck":["Defend_G","Defend_G","Defend_G","Defend_G","Strike_G","Strike_G","Strike_G","Strike_G","Survivor","Neutralize","Deadly Poison","Noxious Fumes","Infinite Blades","Catalyst","PiercingWail","Prepared","Die Die Die"],"relics":["Ring of the Snake","Mango","Girya"],"potions_floor_usage":[8,13],"damage_taken":[{"damage":5,"enemies":"Small Slimes","floor":1,"turns":3},{"damage":0,"enemies":"Cultist","floor":2,"turns":4},{"damage":1,"enemies":"2 Louse","floor":5,"turns":3},{"damage":29,"enemies":"Gremlin Nob","floor":6,"turns":4},{"damage":19,"enemies":"Exordium Wildlife","floor":7,"turns":4},{"damage":16,"enemies":"Lots of Slimes","floor":8,"turns":4},{"damage":9,"enemies":"Large Slime","floor":11,"turns":5},{"damage":10,"enemies":"3 Louse","floor":12,"turns":4},{"damage":20,"enemies":"3 Sentries","floor":13,"turns":3}],"seed_played":"-5596353329283327888","potions_obtained":[{"floor":5,"key":"GhostInAJar"},{"floor":7,"key":"Ancient Potion"},{"floor":12,"key":"Dexterity Potion"}],"is_trial":false,"path_per_floor":["M","M","?","?","M","E","M","M","T","R","M","M","E"],"character_chosen":"THE_SILENT","items_purchased":[],"campfire_rested":1,"item_purchase_floors":[],"current_hp_per_floor":[79,79,72,72,71,42,23,7,7,32,23,13,0],"gold":199,"neow_bonus":"ONE_RARE_RELIC","is_prod":false,"is_daily":false,"chose_seed":false,"campfire_upgraded":0,"win_rate":0,"timestamp":1561674744,"path_taken":["M","M","?","?","M","E","M","M","T","R","M","M","E"],"build_version":"2019-01-23","purchased_purges":0,"victory":false,"max_hp_per_floor":[84,84,84,84,84,84,84,84,84,84,84,84,84],"card_choices":[{"not_picked":["Acrobatics","Prepared"],"picked":"Deadly Poison","floor":1},{"not_picked":["Backflip","Blur"],"picked":"Noxious Fumes","floor":2},{"not_picked":["Dagger Spray","Reflex"],"picked":"Infinite Blades","floor":5},{"not_picked":["Riddle With Holes","Escape Plan"],"picked":"Catalyst","floor":6},{"not_picked":["Tactician","Setup"],"picked":"PiercingWail","floor":7},{"not_picked":["Choke","Reflex","Poisoned Stab"],"picked":"SKIP","floor":8},{"not_picked":["Bane","Finisher"],"picked":"Prepared","floor":11},{"not_picked":["Poisoned Stab","Blade Dance"],"picked":"Die Die Die","floor":12}],"player_experience":249246,"relics_obtained":[{"floor":6,"key":"Girya"}],"event_choices":[{"cards_removed":["Strike_G"],"damage_healed":0,"gold_gain":0,"player_choice":"Card Removal","damage_taken":7,"max_hp_gain":0,"max_hp_loss":0,"event_name":"Golden Wing","floor":3,"gold_loss":0},{"cards_removed":["Defend_G"],"damage_healed":0,"gold_gain":0,"player_choice":"Purged","damage_taken":0,"max_hp_gain":0,"max_hp_loss":0,"event_name":"Purifier","floor":4,"gold_loss":0}],"is_beta":false,"boss_relics":[],"items_purged_floors":[],"is_endless":false,"potions_floor_spawned":[5,7,12],"killed_by":"3 Sentries","ascension_level":2}