{"gold_per_floor":[114,130,130,150,167,167,199,179,179,179],"floor_reached":10,"playtime":343,"items_purged":[],"score":77,"play_id":"c1f01734-f41c-43f4-8d93-1778e8cbe99d","local_time":"20190624112022","is_ascension_mode":true,"campfire_choices":[{"floor":6,"key":"RECALL"}],"neow_cost":"NONE","seed_source_timestamp":982953824005813,"circlet_count":0,"master_deck":["Defend_G","Defend_G","Defend_G","Defend_G","Defend_G","Strike_G","Strike_G","Strike_G","Strike_G","Survivor","Neutralize","Blade Dance","Cloak And Dagger"],"relics":["Ring of the Snake","NeowsBlessing","Meat on the Bone","Frozen Egg 2"],"potions_floor_usage":[7,10],"damage_taken":[{"damage":0,"enemies":"Small Slimes","floor":1,"turns":1},{"damage":0,"enemies":"2 Louse","floor":2,"turns":2},{"damage":0,"enemies":"Jaw Worm","floor":4,"turns":1},{"damage":10,"enemies":"Looter","floor":5,"turns":4},{"damage":37,"enemies":"Lagavulin","floor":7,"turns":8},{"damage":5,"enemies":"Exordium Thugs","floor":8,"turns":4},{"damage":35,"enemies":"Gremlin Nob","floor":10,"turns":4}],"seed_played":"-7097835463027730034","potions_obtained":[{"floor":2,"key":"GamblersBrew"},{"floor":4,"key":"GhostInAJar"},{"floor":7,"key":"Energy Potion"}],"is_trial":false,"path_per_floor":["M","M","?","M","M","R","E","M","T","E"],"character_chosen":"THE_SILENT","items_purchased":[],"campfire_rested":0,"item_purchase_floors":[],"current_hp_per_floor":[70,70,63,63,53,53,16,23,23,0],"gold":179,"neow_bonus":"THREE_ENEMY_KILL","is_prod":false,"is_daily":false,"chose_seed":false,"campfire_upgraded":0,"win_rate":0,"timestamp":1561389622,"path_taken":["M","M","?","M","M","R","E","M","T","E"],"build_version":"2019-01-23","purchased_purges":0,"victory":false,"max_hp_per_floor":[70,70,70,70,70,70,70,70,70,70],"card_choices":[{"not_picked":["Prepared","Deflect","Dash"],"picked":"SKIP","floor":1},{"not_picked":["Terror","All Out Attack"],"picked":"Blade Dance","floor":2},{"not_picked":["Underhanded Strike","Outmaneuver"],"picked":"Cloak And Dagger","floor":4},{"not_picked":["Dagger Throw","Skewer","PiercingWail"],"picked":"SKIP","floor":5},{"not_picked":["Endless Agony","Eviscerate","Calculated Gamble"],"picked":"SKIP","floor":7},{"not_picked":["Choke","Outmaneuver","Riddle With Holes"],"picked":"SKIP","floor":8}],"player_experience":206030,"relics_obtained":[{"floor":7,"key":"Meat on the Bone"},{"floor":9,"key":"Frozen Egg 2"}],"event_choices":[{"cards_removed":["Strike_G"],"damage_healed":0,"gold_gain":0,"player_choice":"Card Removal","damage_taken":7,"max_hp_gain":0,"max_hp_loss":0,"event_name":"Golden Wing","floor":3,"gold_loss":0}],"is_beta":false,"boss_relics":[],"items_purged_floors":[],"is_endless":false,"potions_floor_spawned":[2,4,7],"killed_by":"Gremlin Nob","ascension_level":2}