{"path_per_floor":["M","$","?","M","?","R","E","R","T","M","M","M","R","M","R","B",null,"M","M","M","?","M","R","$"],"character_chosen":"IRONCLAD","items_purchased":["Flex","Twin Strike","Shrug It Off"],"gold_per_floor":[111,34,34,54,129,129,161,161,161,177,197,212,212,228,228,328,328,344,330,347,347,365,365,243,243],"floor_reached":25,"campfire_rested":2,"playtime":1540,"current_hp_per_floor":[80,80,80,80,69,69,49,49,49,55,53,39,39,44,68,41,80,52,38,14,14,7,31,31,0],"items_purged":["Strike_R"],"gold":243,"score":205,"play_id":"82c76896-9450-4041-a3ed-2dadbe636ac6","local_time":"20180426231213","is_prod":false,"is_daily":false,"chose_seed":false,"is_ascension_mode":false,"campfire_upgraded":3,"timestamp":1524809533,"path_taken":["M","$","?","M","?","R","E","R","T","M","M","M","R","M","R","BOSS","M","M","M","?","M","R","$","M"],"build_version":"2018-04-26","seed_source_timestamp":19674304481327,"purchased_purges":1,"victory":false,"master_deck":["Strike_R","Defend_R","Defend_R","Defend_R","Defend_R","Bash","Iron Wave+1","Flex+1","Twin Strike","Whirlwind","Limit Break+1","Headbutt","Ghostly Armor+1","Impervious+1","Juggernaut+1","Clash+1","Ghostly Armor+1","Iron Wave","Heavy Blade","Iron Wave","Barricade","Shrug It Off+1"],"max_hp_per_floor":[80,80,80,80,80,80,80,80,80,80,80,80,80,80,80,80,80,80,80,80,80,80,80,80,80],"relics":["Burning Blood","Dream Catcher","Toxic Egg 2","Astrolabe"],"card_choices":[{"not_picked":["Battle Trance","Perfected Strike"],"picked":"Iron Wave","floor":1},{"not_picked":["Shrug It Off","Reckless Charge"],"picked":"Whirlwind","floor":4},{"not_picked":["Blood for Blood","Heavy Blade"],"picked":"Limit Break","floor":7},{"not_picked":["Anger","Perfected Strike"],"picked":"Headbutt","floor":11},{"not_picked":["Anger","Feed"],"picked":"Ghostly Armor","floor":14},{"not_picked":["Reaper","Offering"],"picked":"Impervious","floor":16},{"not_picked":["Feel No Pain","Twin Strike"],"picked":"Iron Wave","floor":19},{"not_picked":["Anger","Uppercut"],"picked":"Heavy Blade","floor":20},{"not_picked":["Rampage","True Grit"],"picked":"Barricade","floor":22}],"player_experience":50193,"potions_floor_usage":[7,7,11,16,16,20,22],"damage_taken":[{"damage":6,"enemies":"Jaw Worm","floor":1,"turns":4},{"damage":0,"enemies":"Small Slimes","floor":4,"turns":4},{"damage":26,"enemies":"Lagavulin","floor":7,"turns":4},{"damage":0,"enemies":"Cultist","floor":10,"turns":3},{"damage":8,"enemies":"Red Slaver","floor":11,"turns":3},{"damage":20,"enemies":"Exordium Wildlife","floor":12,"turns":4},{"damage":1,"enemies":"Large Slime","floor":14,"turns":4},{"damage":33,"enemies":"Hexaghost","floor":16,"turns":8},{"damage":34,"enemies":"Spheric Guardian","floor":18,"turns":6},{"damage":20,"enemies":"2 Thieves","floor":19,"turns":4},{"damage":30,"enemies":"Snake Plant","floor":20,"turns":5},{"damage":13,"enemies":"Snecko","floor":22,"turns":6},{"damage":31,"enemies":"Centurion and Healer","floor":25,"turns":9}],"event_choices":[{"event_name":"Liars Game","player_choice":"disagreed","floor":3,"damage_taken":0},{"event_name":"World of Goop","player_choice":"Gather Gold","floor":5,"damage_taken":0},{"event_name":"Match and Keep!","player_choice":"1 cards matched","floor":21,"damage_taken":0}],"boss_relics":[{"not_picked":["Eternal Feather","Sozu"],"picked":"Astrolabe"}],"potions_floor_spawned":[1,4,7,12,16,20],"seed_played":"1867631711772062832","killed_by":"Centurion and Healer","ascension_level":0,"is_trial":false}