{"gold_per_floor":[114,114,114,140,65,65,91,102,102,114,114,132,132,144,144,248,248,265,265,281,231,247,247],"floor_reached":23,"playtime":1115,"items_purged":["Defend_B","Barrage"],"score":216,"play_id":"4bdbe486-027f-4750-9b03-26901968b985","local_time":"20190113081219","is_ascension_mode":false,"campfire_choices":[{"data":"Redo","floor":6,"key":"SMITH"},{"data":"Zap","floor":13,"key":"SMITH"},{"data":"Dualcast","floor":15,"key":"SMITH"}],"neow_cost":"NONE","seed_source_timestamp":342908925350575,"circlet_count":0,"master_deck":["Zap+1","Dualcast+1","Redo+1","Defragment+1","Redo+1","Static Discharge","Skim+1","Compile Driver","Reboot+1","Hologram+1","Heatsinks","Defragment+1"],"relics":["Cracked Core","NeowsBlessing","Ancient Tea Set","Smiling Mask","Toxic Egg 2","Pandora\u0027s Box"],"potions_floor_usage":[16],"damage_taken":[{"damage":0,"enemies":"2 Louse","floor":1,"turns":1},{"damage":0,"enemies":"3 Sentries","floor":7,"turns":1},{"damage":0,"enemies":"Jaw Worm","floor":8,"turns":1},{"damage":0,"enemies":"Cultist","floor":10,"turns":3},{"damage":0,"enemies":"Looter","floor":12,"turns":2},{"damage":0,"enemies":"3 Louse","floor":14,"turns":2},{"damage":11,"enemies":"Slime Boss","floor":16,"turns":6},{"damage":20,"enemies":"2 Thieves","floor":18,"turns":2},{"damage":5,"enemies":"Chosen","floor":20,"turns":2},{"damage":20,"enemies":"Centurion and Healer","floor":22,"turns":3},{"damage":31,"enemies":"Gremlin Leader","floor":23,"turns":1}],"seed_played":"-7588880140644412885","potions_obtained":[{"floor":1,"key":"Dexterity Potion"},{"floor":10,"key":"PowerPotion"},{"floor":12,"key":"SpeedPotion"},{"floor":20,"key":"FearPotion"}],"is_trial":false,"path_per_floor":["M","?","?","T","$","R","E","M","T","M","?","M","R","M","R","B",null,"M","?","M","$","M","E"],"character_chosen":"DEFECT","items_purchased":[],"campfire_rested":0,"item_purchase_floors":[],"current_hp_per_floor":[75,75,75,75,75,75,75,75,75,75,75,75,75,75,75,64,75,55,55,50,50,30,0],"gold":247,"neow_bonus":"THREE_ENEMY_KILL","is_prod":false,"is_daily":false,"chose_seed":false,"campfire_upgraded":3,"win_rate":0,"timestamp":1547385139,"path_taken":["M","?","?","?","$","R","E","M","T","M","?","?","R","M","R","BOSS","M","?","M","$","M","E"],"build_version":"2019-01-10","purchased_purges":2,"victory":false,"max_hp_per_floor":[75,75,75,75,75,75,75,75,75,75,75,75,75,75,75,75,75,75,75,75,75,75,75],"card_choices":[{"not_picked":["Scrape","Beam Cell"],"picked":"Redo","floor":1},{"not_picked":["Lockon","Beam Cell","Barrage"],"picked":"SKIP","floor":7},{"not_picked":["Melter","Rip and Tear","Barrage"],"picked":"SKIP","floor":8},{"not_picked":["Ball Lightning","Doom and Gloom"],"picked":"Defragment","floor":10},{"not_picked":["Streamline","Tempest+1"],"picked":"Redo+1","floor":12},{"not_picked":["Rebound","Reprogram+1"],"picked":"Static Discharge","floor":14},{"not_picked":["Rebound+1","Reinforced Body+1"],"picked":"Defragment+1","floor":18},{"not_picked":["Conserve Battery+1","Redo+1","FTL"],"picked":"SKIP","floor":20},{"not_picked":["Coolheaded+1","Sweeping Beam","Darkness+1"],"picked":"SKIP","floor":22}],"player_experience":161603,"relics_obtained":[{"floor":4,"key":"Ancient Tea Set"},{"floor":7,"key":"Smiling Mask"},{"floor":9,"key":"Toxic Egg 2"}],"event_choices":[{"damage_healed":0,"gold_gain":0,"player_choice":"Ignored","damage_taken":0,"max_hp_gain":0,"max_hp_loss":0,"event_name":"Shining Light","floor":2,"gold_loss":0},{"cards_removed":["Strike_B"],"damage_healed":0,"gold_gain":0,"player_choice":"Forget","damage_taken":0,"max_hp_gain":0,"max_hp_loss":0,"event_name":"Living Wall","floor":3,"gold_loss":0},{"damage_healed":0,"gold_gain":0,"player_choice":"Upgraded","damage_taken":0,"max_hp_gain":0,"max_hp_loss":0,"event_name":"Upgrade Shrine","floor":11,"gold_loss":0,"cards_upgraded":["Defragment"]},{"damage_healed":0,"gold_gain":0,"player_choice":"Ignored","damage_taken":0,"max_hp_gain":0,"max_hp_loss":0,"event_name":"Ghosts","floor":19,"gold_loss":0}],"is_beta":false,"boss_relics":[{"not_picked":["Cursed Key","Orrery"],"picked":"Pandora\u0027s Box"}],"items_purged_floors":[5,21],"is_endless":false,"potions_floor_spawned":[1,10,12,20],"killed_by":"Gremlin Leader","ascension_level":0}