{"gold_per_floor":[111,36,53,53,65,92,92,92,92,267,286,286,317,267,267,371,421,433,433,446,446,371,371],"floor_reached":23,"playtime":766,"items_purged":["Defend_R"],"score":207,"play_id":"b0f12a56-9ba6-4054-9001-9680c46d07b1","local_time":"20190624121229","is_ascension_mode":true,"campfire_choices":[{"floor":7,"key":"RECALL"},{"data":"Hemokinesis","floor":12,"key":"SMITH"},{"data":"Immolate","floor":15,"key":"SMITH"}],"neow_cost":"NONE","seed_source_timestamp":985656587053816,"circlet_count":0,"master_deck":["Strike_R","Strike_R","Strike_R","Strike_R+1","Strike_R","Defend_R","Bash","Immolate+1","Hemokinesis+1","Clash","Rage","Fiend Fire","Feed","RitualDagger","Writhe"],"relics":["Burning Blood","Kunai","Blood Vial","Tiny House","Bag of Marbles"],"potions_floor_usage":[16,16],"damage_taken":[{"damage":5,"enemies":"Small Slimes","floor":1,"turns":3},{"damage":6,"enemies":"Jaw Worm","floor":3,"turns":2},{"damage":0,"enemies":"2 Louse","floor":5,"turns":1},{"damage":18,"enemies":"3 Sentries","floor":6,"turns":3},{"damage":32,"enemies":"Large Slime","floor":11,"turns":6},{"damage":5,"enemies":"Gremlin Nob","floor":13,"turns":3},{"damage":15,"enemies":"Slime Boss","floor":16,"turns":6},{"damage":28,"enemies":"Spheric Guardian","floor":18,"turns":4},{"damage":56,"enemies":"3 Byrds","floor":20,"turns":5},{"damage":20,"enemies":"Gremlin Leader","floor":23,"turns":3}],"seed_played":"-23989634797524975","potions_obtained":[{"floor":1,"key":"Energy Potion"},{"floor":6,"key":"SmokeBomb"},{"floor":13,"key":"SteroidPotion"},{"floor":17,"key":"SmokeBomb"},{"floor":20,"key":"Weak Potion"}],"is_trial":false,"path_per_floor":["M","$","M","?","M","E","R","?","T","?","M","R","E","?","R","B",null,"M","?","M","?","?","E"],"character_chosen":"IRONCLAD","items_purchased":[],"campfire_rested":0,"item_purchase_floors":[],"current_hp_per_floor":[80,80,80,85,85,73,73,66,66,66,40,40,41,41,41,34,90,71,65,17,17,17,0],"gold":371,"neow_bonus":"ONE_RANDOM_RARE_CARD","is_prod":false,"is_daily":false,"chose_seed":false,"campfire_upgraded":2,"win_rate":0,"timestamp":1561392749,"path_taken":["M","$","M","?","M","E","R","?","T","?","M","R","E","?","R","BOSS","M","?","M","?","?","E"],"build_version":"2019-01-23","purchased_purges":1,"victory":false,"max_hp_per_floor":[80,80,80,85,85,85,85,85,85,85,85,85,85,85,85,85,90,93,93,93,93,93,93],"card_choices":[{"not_picked":["Uppercut","Ghostly Armor","Wild Strike"],"picked":"SKIP","floor":1},{"not_picked":["Iron Wave","Ghostly Armor"],"picked":"Hemokinesis","floor":3},{"not_picked":["Corruption","Clash","Wild Strike"],"picked":"SKIP","floor":5},{"not_picked":["True Grit","Pommel Strike"],"picked":"Clash","floor":6},{"not_picked":["Pommel Strike","Armaments"],"picked":"Rage","floor":11},{"not_picked":["Wild Strike","Headbutt"],"picked":"Fiend Fire","floor":13},{"not_picked":["Exhume","Reaper"],"picked":"Feed","floor":16},{"not_picked":["Corruption","Warcry","Clash+1"],"picked":"SKIP","floor":18},{"not_picked":["Warcry","Armaments+1","Anger"],"picked":"SKIP","floor":20}],"player_experience":208686,"relics_obtained":[{"floor":6,"key":"Kunai"},{"floor":13,"key":"Blood Vial"}],"event_choices":[{"damage_healed":0,"gold_gain":0,"player_choice":"Donut","damage_taken":0,"max_hp_gain":5,"max_hp_loss":0,"event_name":"Big Fish","floor":4,"gold_loss":0},{"cards_removed":["Defend_R"],"damage_healed":0,"gold_gain":0,"player_choice":"Card Removal","damage_taken":7,"max_hp_gain":0,"max_hp_loss":0,"event_name":"Golden Wing","floor":8,"gold_loss":0},{"damage_healed":0,"gold_gain":175,"player_choice":"AGREE","damage_taken":0,"max_hp_gain":0,"max_hp_loss":0,"event_name":"Liars Game","floor":10,"gold_loss":0,"cards_obtained":["Doubt"]},{"cards_removed":["Defend_R"],"damage_healed":0,"gold_gain":0,"player_choice":"Card Removal","damage_taken":0,"max_hp_gain":0,"max_hp_loss":0,"event_name":"The Cleric","floor":14,"gold_loss":50},{"damage_healed":0,"gold_gain":0,"player_choice":"Joined the Cult","damage_taken":6,"max_hp_gain":0,"max_hp_loss":0,"event_name":"Nest","floor":19,"gold_loss":0,"cards_obtained":["RitualDagger"]},{"damage_healed":0,"gold_gain":0,"player_choice":"Opened","damage_taken":0,"relics_obtained":["Bag of Marbles"],"max_hp_gain":0,"max_hp_loss":0,"event_name":"The Mausoleum","floor":21,"gold_loss":0,"cards_obtained":["Writhe"]},{"cards_removed":["Doubt"],"damage_healed":0,"gold_gain":0,"player_choice":"Gave Gold","damage_taken":0,"max_hp_gain":0,"max_hp_loss":0,"event_name":"Beggar","floor":22,"gold_loss":75}],"is_beta":false,"boss_relics":[{"not_picked":["Lizard Tail","Runic Cube"],"picked":"Tiny House"}],"items_purged_floors":[2],"is_endless":false,"potions_floor_spawned":[1,6,13,20],"killed_by":"Gremlin Leader","ascension_level":1}