{"gold_per_floor":[112,187,201,201,225,263,263,263],"floor_reached":8,"playtime":248,"items_purged":[],"score":64,"play_id":"e0a08e87-3449-4b85-bc8b-dd70c7d42094","local_time":"20191005151640","is_ascension_mode":true,"campfire_choices":[],"neow_cost":"NONE","seed_source_timestamp":129349704620166,"circlet_count":0,"master_deck":["Strike_P","Strike_P","Strike_P","Strike_P","Defend_P","Defend_P","Defend_P","Defend_P","Eruption","Vigilance","Vault","Consecrate","Scrawl","Injury","Establishment","ThirdEye"],"special_seed":0,"relics":["PureWater","Golden Idol","Pantograph"],"potions_floor_usage":[8],"damage_taken":[{"damage":1,"enemies":"Small Slimes","floor":1,"turns":5},{"damage":0,"enemies":"2 Louse","floor":3,"turns":2},{"damage":0,"enemies":"Jaw Worm","floor":5,"turns":5},{"damage":42,"enemies":"Lagavulin","floor":6,"turns":7},{"damage":48,"enemies":"Gremlin Nob","floor":8,"turns":3}],"seed_played":"3374819943058150273","potions_obtained":[{"floor":5,"key":"DuplicationPotion"}],"is_trial":false,"path_per_floor":["M","?","M","?","M","E","?","E"],"character_chosen":"WATCHER","items_purchased":[],"campfire_rested":0,"item_purchase_floors":[],"current_hp_per_floor":[71,60,60,60,60,18,18,0],"gold":263,"neow_bonus":"ONE_RANDOM_RARE_CARD","is_prod":false,"is_daily":false,"chose_seed":false,"campfire_upgraded":0,"win_rate":0,"timestamp":1570313800,"path_taken":["M","?","M","?","M","E","?","E"],"build_version":"2019-10-04","purchased_purges":0,"victory":false,"max_hp_per_floor":[72,72,72,72,72,72,72,72],"card_choices":[{"not_picked":["Sanctity","Protect"],"picked":"Consecrate","floor":1},{"not_picked":["EmptyBody","ClearTheMind"],"picked":"Scrawl","floor":3},{"not_picked":["SashWhip","FearNoEvil"],"picked":"Establishment","floor":5},{"not_picked":["Prostrate","PathToVictory"],"picked":"ThirdEye","floor":6}],"player_experience":82014,"relics_obtained":[{"floor":6,"key":"Pantograph"}],"event_choices":[{"damage_healed":0,"gold_gain":75,"player_choice":"Gather Gold","damage_taken":11,"max_hp_gain":0,"max_hp_loss":0,"event_name":"World of Goop","floor":2,"gold_loss":0},{"damage_healed":0,"gold_gain":0,"player_choice":"Take Wound","damage_taken":0,"relics_obtained":["Golden Idol"],"max_hp_gain":0,"max_hp_loss":0,"event_name":"Golden Idol","floor":4,"gold_loss":0,"cards_obtained":["Injury"]},{"damage_healed":0,"gold_gain":0,"player_choice":"Ignored","damage_taken":0,"max_hp_gain":0,"max_hp_loss":0,"event_name":"Shining Light","floor":7,"gold_loss":0}],"is_beta":true,"boss_relics":[],"items_purged_floors":[],"is_endless":false,"potions_floor_spawned":[5],"killed_by":"Gremlin Nob","ascension_level":3}