{"path_per_floor":["M","?","T","$","?","M","M","R","T","R","M","M","E","M","R","B",null,"M","$","?","$","M","R"],"character_chosen":"THE_SILENT","items_purchased":["Infinite Blades","Cloak And Dagger"],"gold_per_floor":[214,214,284,137,87,112,132,132,155,155,174,195,229,243,243,366,366,387,287,287,136,149,149,149],"floor_reached":24,"campfire_rested":1,"playtime":1629,"current_hp_per_floor":[70,65,65,65,65,63,56,56,63,63,59,57,54,45,45,29,72,64,64,51,51,30,53,0],"items_purged":["Defend_G","Defend_G","Defend_G"],"gold":149,"score":196,"play_id":"b454a09c-62ed-4644-9a70-ec44e2078e06","local_time":"20180324204342","is_prod":false,"is_daily":false,"is_ascension_mode":false,"campfire_upgraded":3,"timestamp":1521938622,"path_taken":["M","?","?","?","?","?","M","R","T","R","M","?","E","M","R","BOSS","M","$","?","$","M","R","E"],"build_version":"2018-03-22v2","purchased_purges":3,"victory":false,"master_deck":["Defend_G","Defend_G","Strike_G","Strike_G","Strike_G","Strike_G","Survivor","Neutralize","Infinite Blades+1","Blade Dance+1","Terror","Storm of Steel+1","Backstab+1","Cloak And Dagger","Calculated Gamble"],"max_hp_per_floor":[70,65,65,65,65,65,65,65,72,72,72,72,72,72,72,72,72,72,72,77,77,77,77,77],"relics":["Ring of the Snake","Golden Idol","Ornamental Fan","Strawberry","Ancient Tea Set"],"card_choices":[{"not_picked":["Distraction","Terror"],"picked":"Blade Dance","floor":6},{"not_picked":["Backflip","Tactician"],"picked":"Terror","floor":11},{"not_picked":["PiercingWail","Backflip"],"picked":"Storm of Steel","floor":13},{"not_picked":["Backflip","Deadly Poison"],"picked":"Backstab","floor":18},{"not_picked":["Quick Slash","Underhanded Strike"],"picked":"Calculated Gamble","floor":22}],"player_experience":104524,"potions_floor_usage":[13,13,16],"damage_taken":[{"damage":0,"enemies":"2 Louse","floor":1,"turns":4},{"damage":2,"enemies":"Small Slimes","floor":6,"turns":3},{"damage":7,"enemies":"Jaw Worm","floor":7,"turns":4},{"damage":4,"enemies":"Exordium Wildlife","floor":11,"turns":5},{"damage":2,"enemies":"Large Slime","floor":12,"turns":7},{"damage":3,"enemies":"3 Sentries","floor":13,"turns":6},{"damage":9,"enemies":"Blue Slaver","floor":14,"turns":3},{"damage":16,"enemies":"Hexaghost","floor":16,"turns":6},{"damage":8,"enemies":"Shell Parasite","floor":18,"turns":4},{"damage":21,"enemies":"2 Thieves","floor":22,"turns":4},{"damage":61,"enemies":"Gremlin Leader","floor":24,"turns":5}],"event_choices":[{"event_name":"Golden Idol","player_choice":"Lose Max HP","floor":2,"damage_taken":0},{"event_name":"The Cleric","player_choice":"Card Removal","floor":5,"damage_taken":0},{"event_name":"Forgotten Altar","player_choice":"Shed Blood","floor":20,"damage_taken":0}],"boss_relics":[{"not_picked":["Runic Dome","Ectoplasm","Runic Pyramid"]}],"potions_floor_spawned":[7,12,13,22],"seed_played":"-317076349531130531","killed_by":"Gremlin Leader","ascension_level":0,"is_trial":false}