{"gold_per_floor":[114,114,129,144,159,189,189,11,36,36,77,137,152,167,167,267,267,282,132,148,163,178,208,208,238,300,327,739,751,352,352,352,452,502,517,17,32,32,32,62,62,62,112,142,142,142,157,175,175,175],"floor_reached":51,"playtime":2726,"items_purged":["Clumsy","PanicButton"],"score":1026,"play_id":"5d72da8b-8522-4cc7-8785-c541eee7d005","local_time":"20191005115956","daily_mods":["Insanity","Colorless Cards","Binary"],"is_ascension_mode":false,"campfire_choices":[{"data":"CrushJoints","floor":7,"key":"SMITH"},{"data":"Mind Blast","floor":10,"key":"SMITH"},{"data":"Wireheading","floor":15,"key":"SMITH"},{"data":"BattleHymn","floor":24,"key":"SMITH"},{"data":"Ragnarok","floor":29,"key":"SMITH"},{"data":"CrushJoints","floor":32,"key":"SMITH"},{"data":"TalkToTheHand","floor":41,"key":"SMITH"},{"floor":49,"key":"REST"}],"neow_cost":"","seed_source_timestamp":0,"circlet_count":0,"master_deck":["Halt","Sanctity","Swivel","Swift Strike","CrushJoints+1","Adaptation","Crescendo","Protect","Crescendo","Mind Blast+1","Protect","Sanctity","Protect","Prostrate","EmptyBody","Meditate","ThirdEye","Sanctity","CutThroughFate","JustLucky","ClearTheMind","BattleHymn+1","Protect","Sanctity","Consecrate","Halt","Prostrate","EmptyFist","Perseverance","Consecrate","Bandage Up","CutThroughFate+1","EmptyFist","Weave","Crescendo","Protect","Crescendo","CrushJoints+1","WheelKick","Swivel","FlyingSleeves","PanicButton","Halt","SashWhip","SandsOfTime","Meditate","Indignation","Sanctity","Finesse","Swivel","Protect","Perseverance","Wireheading+1","FollowUp","SandsOfTime","Impatience","Ragnarok+1","Jack Of All Trades+1","Fasting2","Pain","Omniscience","TalkToTheHand+1","Purity+1","Clumsy","Dark Shackles","Decay"],"special_seed":18174,"relics":["PureWater","Shuriken","Art of War","MealTicket","Meat on the Bone","Tiny Chest","Cursed Key","OrangePellets","Red Mask","HornCleat","MawBank","Juzu Bracelet","Old Coin","Question Card","Vajra","Sling","Singing Bowl","Tiny House","InkBottle","White Beast Statue","Anchor","Bronze Scales","Pear","Potion Belt","Dead Branch"],"potions_floor_usage":[6,8,20,23,25,33,40,40,50,50,50,50,50],"damage_taken":[{"damage":0,"enemies":"Cultist","floor":1,"turns":1},{"damage":0,"enemies":"2 Louse","floor":3,"turns":1},{"damage":0,"enemies":"Jaw Worm","floor":4,"turns":1},{"damage":0,"enemies":"Looter","floor":5,"turns":1},{"damage":0,"enemies":"Gremlin Nob","floor":6,"turns":2},{"damage":8,"enemies":"3 Sentries","floor":11,"turns":4},{"damage":2,"enemies":"Lagavulin","floor":12,"turns":5},{"damage":0,"enemies":"Exordium Wildlife","floor":13,"turns":2},{"damage":3,"enemies":"Gremlin Gang","floor":14,"turns":3},{"damage":8,"enemies":"Hexaghost","floor":16,"turns":4},{"damage":0,"enemies":"Spheric Guardian","floor":18,"turns":3},{"damage":0,"enemies":"Masked Bandits","floor":20,"turns":5},{"damage":0,"enemies":"Shell Parasite","floor":21,"turns":2},{"damage":6,"enemies":"Centurion and Healer","floor":22,"turns":2},{"damage":1,"enemies":"Book of Stabbing","floor":23,"turns":5},{"damage":13,"enemies":"Slavers","floor":25,"turns":3},{"damage":0,"enemies":"Snecko","floor":27,"turns":4},{"damage":0,"enemies":"Colosseum Slavers","floor":28,"turns":3},{"damage":0,"enemies":"Colosseum Nobs","floor":28,"turns":3},{"damage":6,"enemies":"Champ","floor":33,"turns":5},{"damage":0,"enemies":"Orb Walker","floor":35,"turns":1},{"damage":0,"enemies":"3 Shapes","floor":37,"turns":4},{"damage":10,"enemies":"Reptomancer","floor":40,"turns":2},{"damage":2,"enemies":"Giant Head","floor":44,"turns":6},{"damage":0,"enemies":"Sphere and 2 Shapes","floor":47,"turns":3},{"damage":8,"enemies":"2 Orb Walkers","floor":48,"turns":3},{"damage":32,"enemies":"Time Eater","floor":50,"turns":4}],"seed_played":"7830322845663719541","potions_obtained":[{"floor":4,"key":"FearPotion"},{"floor":6,"key":"Swift Potion"},{"floor":12,"key":"Energy Potion"},{"floor":14,"key":"Ancient Potion"},{"floor":20,"key":"Explosive Potion"},{"floor":23,"key":"Fire Potion"},{"floor":25,"key":"LiquidBronze"},{"floor":28,"key":"EssenceOfSteel"},{"floor":34,"key":"AttackPotion"},{"floor":40,"key":"FearPotion"},{"floor":44,"key":"Block Potion"},{"floor":47,"key":"SkillPotion"},{"floor":48,"key":"SteroidPotion"}],"is_trial":false,"path_per_floor":["M","T","M","M","M","E","R","$","T","R","?","E","M","M","R","B",null,"M","$","?","M","M","E","R","E","T","M","?","R","$","T","R","B",null,"M","$","M","?","?","E","R","$","T","E","?","T","M","?","R","B",null],"character_chosen":"WATCHER","items_purchased":["Fruit Juice","Wireheading","OrangePellets","Fasting2","Vajra","Sling","InkBottle","White Beast Statue"],"campfire_rested":1,"item_purchase_floors":[8,8,19,30,30,30,36,36],"current_hp_per_floor":[72,72,72,72,72,72,72,77,77,77,69,71,71,68,68,60,77,77,77,77,77,71,70,70,57,57,57,57,57,72,72,72,70,82,84,84,86,88,84,78,78,84,84,92,92,92,94,88,98,70],"gold":175,"neow_bonus":"","is_prod":false,"is_daily":true,"chose_seed":false,"campfire_upgraded":7,"win_rate":0,"timestamp":1570294796,"path_taken":["M","?","?","M","M","E","R","$","T","R","?","E","M","M","R","BOSS","M","$","?","M","M","E","R","E","T","M","?","R","$","?","R","BOSS","M","$","M","?","?","E","R","?","T","E","?","?","M","?","R","BOSS"],"build_version":"2019-10-04","purchased_purges":2,"victory":true,"max_hp_per_floor":[72,72,72,72,72,72,72,77,77,77,77,77,77,77,77,77,77,77,77,77,77,77,77,77,77,77,77,77,77,77,77,77,77,82,84,84,86,88,84,84,84,84,84,94,94,94,96,98,98,98],"card_choices":[{"not_picked":["EmptyBody","Sanctity"],"picked":"SKIP","floor":1},{"not_picked":["EmptyMind"],"picked":"Finesse","floor":3},{"not_picked":["PanicButton"],"picked":"Swivel","floor":4},{"not_picked":["Conclude"],"picked":"Protect","floor":5},{"not_picked":["Weave"],"picked":"Perseverance","floor":6},{"not_picked":["JustLucky"],"picked":"FollowUp","floor":11},{"not_picked":["Flash of Steel"],"picked":"SandsOfTime","floor":12},{"not_picked":["Meditate","Halt"],"picked":"SKIP","floor":13},{"not_picked":["ForeignInfluence"],"picked":"Impatience","floor":14},{"not_picked":["Thinking Ahead"],"picked":"Ragnarok","floor":16},{"not_picked":["BattleHymn+1","FollowUp"],"picked":"SKIP","floor":18},{"not_picked":["BowlingBash+1"],"picked":"Jack Of All Trades+1","floor":20},{"not_picked":["Prostrate","FlurryOfBlows"],"picked":"SKIP","floor":21},{"not_picked":["Scrawl","Weave+1"],"picked":"SKIP","floor":22},{"not_picked":["Collect","Protect"],"picked":"SKIP","floor":23},{"not_picked":["EmptyFist","CrushJoints"],"picked":"SKIP","floor":25},{"not_picked":["CutThroughFate","BowlingBash"],"picked":"SKIP","floor":27},{"not_picked":["HandOfGreed","Ragnarok"],"picked":"Omniscience","floor":33},{"not_picked":["JustLucky+1","FollowUp"],"picked":"TalkToTheHand","floor":34},{"not_picked":["Finesse+1","JustLucky","Protect+1"],"picked":"Singing Bowl","floor":35},{"not_picked":["Halt","SashWhip","Consecrate+1"],"picked":"Singing Bowl","floor":37},{"not_picked":["Chrysalis","Secret Technique","Madness"],"picked":"Singing Bowl","floor":38},{"not_picked":["Halt+1","Indignation"],"picked":"Purity+1","floor":40},{"not_picked":["Purity","Flash of Steel+1"],"picked":"Dark Shackles","floor":44},{"not_picked":["FollowUp+1","BattleHymn","SandsOfTime+1"],"picked":"Singing Bowl","floor":47},{"not_picked":["EmptyBody+1","ThirdEye+1","Crescendo"],"picked":"Singing Bowl","floor":48}],"player_experience":388094,"relics_obtained":[{"floor":2,"key":"Shuriken"},{"floor":6,"key":"Art of War"},{"floor":9,"key":"MealTicket"},{"floor":11,"key":"Meat on the Bone"},{"floor":12,"key":"Tiny Chest"},{"floor":20,"key":"Red Mask"},{"floor":23,"key":"HornCleat"},{"floor":25,"key":"MawBank"},{"floor":26,"key":"Juzu Bracelet"},{"floor":28,"key":"Old Coin"},{"floor":28,"key":"Question Card"},{"floor":31,"key":"Singing Bowl"},{"floor":40,"key":"Anchor"},{"floor":43,"key":"Bronze Scales"},{"floor":44,"key":"Pear"},{"floor":46,"key":"Potion Belt"},{"floor":48,"key":"Dead Branch"}],"event_choices":[{"damage_healed":0,"gold_gain":0,"player_choice":"Searched \u00271\u0027 times","damage_taken":0,"max_hp_gain":0,"max_hp_loss":0,"event_name":"Dead Adventurer","floor":11,"gold_loss":0},{"damage_healed":0,"gold_gain":0,"player_choice":"Fought Bandits","damage_taken":0,"max_hp_gain":0,"max_hp_loss":0,"event_name":"Masked Bandits","floor":20,"gold_loss":0},{"damage_healed":0,"gold_gain":0,"player_choice":"Fight","damage_taken":0,"max_hp_gain":0,"max_hp_loss":0,"event_name":"Colosseum","floor":28,"gold_loss":0},{"damage_healed":0,"gold_gain":0,"player_choice":"Fought Nobs","damage_taken":0,"max_hp_gain":0,"max_hp_loss":0,"event_name":"Colosseum","floor":28,"gold_loss":0},{"damage_healed":0,"gold_gain":0,"player_choice":"Memory 1","damage_taken":0,"max_hp_gain":0,"max_hp_loss":0,"event_name":"SensoryStone","floor":38,"gold_loss":0},{"damage_healed":0,"gold_gain":0,"player_choice":"Max HP","damage_taken":0,"max_hp_gain":0,"max_hp_loss":4,"event_name":"Winding Halls","floor":39,"gold_loss":0},{"cards_removed":["BowlingBash"],"damage_healed":0,"gold_gain":0,"player_choice":"Removed Attack","damage_taken":0,"max_hp_gain":0,"max_hp_loss":0,"event_name":"Falling","floor":45,"gold_loss":0},{"damage_healed":0,"gold_gain":0,"player_choice":"Fight","damage_taken":0,"max_hp_gain":0,"max_hp_loss":0,"event_name":"Mysterious Sphere","floor":48,"gold_loss":0}],"is_beta":true,"boss_relics":[{"not_picked":["Black Star","Ectoplasm"],"picked":"Cursed Key"},{"not_picked":["Runic Dome","Empty Cage"],"picked":"Tiny House"}],"items_purged_floors":[30,36],"is_endless":false,"potions_floor_spawned":[4,6,12,14,20,21,23,25,28,37,40,44,47,48],"ascension_level":0}