{"gold_per_floor":[216,33,52,52,63,63,94,107,155,155,0,0,18,44,44,140,140,157,157,139,159,159,185,185,219,219,229,248,248,274,274],"floor_reached":31,"playtime":2330,"items_purged":[],"score":396,"play_id":"6aac67c9-82a0-4235-b13f-1b6f5c2c7938","local_time":"20190901233133","is_ascension_mode":true,"campfire_choices":[{"data":"Apotheosis","floor":6.0,"key":"SMITH"},{"floor":10.0,"key":"REST"},{"data":"Tactician","floor":12.0,"key":"SMITH"},{"data":"Night Terror","floor":15.0,"key":"SMITH"},{"floor":24.0,"key":"REST"},{"floor":29.0,"key":"REST"}],"neow_cost":"NONE","seed_source_timestamp":538111596110167,"circlet_count":0,"master_deck":["Strike_G","Strike_G","Strike_G","Strike_G","Strike_G","Defend_G+1","Defend_G","Defend_G","Defend_G","Defend_G+1","Survivor","Neutralize","Slice","Apotheosis+1","Finisher","Acrobatics","Caltrops+1","Deflect","Noxious Fumes+1","Tactician+1","A Thousand Cuts+1","Night Terror+1","Bullet Time","Leg Sweep","Catalyst","Distraction+1","Deadly Poison+1","Backflip","Caltrops+1","Blur+1","Calculated Gamble+1"],"special_seed":0,"relics":["Ring of the Snake","Frozen Egg 2","War Paint","Ancient Tea Set","Torii","Sozu","CultistMask","The Courier","Paper Crane","Strawberry","Bronze Scales"],"potions_floor_usage":[],"damage_taken":[{"damage":0.0,"enemies":"Small Slimes","floor":1.0,"turns":3.0},{"damage":0.0,"enemies":"Cultist","floor":3.0,"turns":3.0},{"damage":7.0,"enemies":"2 Louse","floor":5.0,"turns":3.0},{"damage":22.0,"enemies":"3 Sentries","floor":7.0,"turns":8.0},{"damage":0.0,"enemies":"Blue Slaver","floor":8.0,"turns":4.0},{"damage":3.0,"enemies":"Exordium Thugs","floor":13.0,"turns":5.0},{"damage":0.0,"enemies":"Lagavulin","floor":14.0,"turns":5.0},{"damage":8.0,"enemies":"Hexaghost","floor":16.0,"turns":6.0},{"damage":1.0,"enemies":"Chosen","floor":18.0,"turns":6.0},{"damage":10.0,"enemies":"2 Thieves","floor":20.0,"turns":4.0},{"damage":21.0,"enemies":"3 Cultists","floor":21.0,"turns":4.0},{"damage":28.0,"enemies":"Slavers","floor":23.0,"turns":5.0},{"damage":10.0,"enemies":"Book of Stabbing","floor":25.0,"turns":5.0},{"damage":6.0,"enemies":"Snecko","floor":27.0,"turns":7.0},{"damage":2.0,"enemies":"Shelled Parasite and Fungi","floor":28.0,"turns":5.0},{"damage":40,"enemies":"Gremlin Leader","floor":30,"turns":7},{"damage":3,"enemies":"Snake Plant","floor":31,"turns":2}],"seed_played":"-7270353133048527834","potions_obtained":[{"floor":3.0,"key":"FearPotion"},{"floor":5.0,"key":"GamblersBrew"},{"floor":7.0,"key":"Ancient Potion"},{"floor":8.0,"key":"Strength Potion"},{"floor":16.0,"key":"Fire Potion"}],"is_trial":false,"path_per_floor":["M","$","M","?","M","R","E","M","T","R","$","R","M","E","R","B",null,"M","?","M","M","?","E","R","E","T","M","M","R","E","M"],"character_chosen":"THE_SILENT","items_purchased":["Apotheosis","Noxious Fumes+1","Tactician"],"campfire_rested":3,"item_purchase_floors":[2,11,11],"current_hp_per_floor":[70,70,70,70,63,63,41,41,41,62,62,62,59,59,59,51,70,69,69,59,38,38,10,31,21,28,22,20,43,3,0],"gold":274,"neow_bonus":"HUNDRED_GOLD","is_prod":false,"is_daily":false,"chose_seed":false,"campfire_upgraded":3,"win_rate":0,"timestamp":1567405893,"path_taken":["M","$","M","?","?","R","E","M","T","R","$","R","M","E","R","BOSS","M","?","M","M","?","E","R","E","T","?","M","R","E","M"],"build_version":"2019-07-17","purchased_purges":0,"victory":false,"max_hp_per_floor":[70,70,70,70,70,70,70,70,70,70,70,70,70,70,70,70,70,70,70,70,70,70,70,70,70,77,77,77,77,77,77],"card_choices":[{"not_picked":["Underhanded Strike","Quick Slash"],"picked":"Slice","floor":1.0},{"not_picked":["Bane","Choke"],"picked":"Finisher","floor":3.0},{"not_picked":["Reflex","Quick Slash"],"picked":"Acrobatics","floor":5.0},{"not_picked":["Quick Slash","Finisher"],"picked":"Caltrops+1","floor":7.0},{"not_picked":["Predator","Cloak And Dagger"],"picked":"Deflect","floor":8.0},{"not_picked":["Blur","Tactician"],"picked":"A Thousand Cuts+1","floor":13.0},{"not_picked":["Dodge and Roll","PiercingWail"],"picked":"Night Terror","floor":14.0},{"not_picked":["Grand Finale","Storm of Steel"],"picked":"Bullet Time","floor":16.0},{"not_picked":["Heel Hook","Sucker Punch"],"picked":"Leg Sweep","floor":18.0},{"not_picked":["Prepared","Outmaneuver"],"picked":"Distraction+1","floor":20.0},{"not_picked":["Quick Slash","Prepared+1"],"picked":"Deadly Poison+1","floor":21.0},{"not_picked":["Quick Slash","Catalyst"],"picked":"Backflip","floor":23.0},{"not_picked":["Dagger Throw","Deadly Poison","Cloak And Dagger"],"picked":"SKIP","floor":25.0},{"not_picked":["PiercingWail","Acrobatics"],"picked":"Caltrops+1","floor":27.0},{"not_picked":["Deadly Poison","Bouncing Flask+1"],"picked":"Blur+1","floor":28.0},{"not_picked":["Acrobatics","Bouncing Flask"],"picked":"Calculated Gamble+1","floor":30}],"player_experience":3083931,"relics_obtained":[{"floor":7.0,"key":"War Paint"},{"floor":9.0,"key":"Ancient Tea Set"},{"floor":14.0,"key":"Torii"},{"floor":23.0,"key":"The Courier"},{"floor":25.0,"key":"Paper Crane"},{"floor":26.0,"key":"Strawberry"},{"floor":30,"key":"Bronze Scales"}],"event_choices":[{"damage_healed":0.0,"max_hp_gain":0.0,"max_hp_loss":0.0,"gold_gain":0.0,"event_name":"WeMeetAgain","player_choice":"Gave Potion","floor":4.0,"gold_loss":0.0,"damage_taken":0.0,"relics_obtained":["Frozen Egg 2"]},{"damage_healed":0.0,"max_hp_gain":0.0,"max_hp_loss":0.0,"gold_gain":0.0,"event_name":"The Library","player_choice":"Read","floor":19.0,"gold_loss":0.0,"damage_taken":0.0,"cards_obtained":["Catalyst"]},{"damage_healed":0.0,"max_hp_gain":0.0,"max_hp_loss":0.0,"gold_gain":0.0,"event_name":"FaceTrader","player_choice":"Trade","floor":22.0,"gold_loss":0.0,"damage_taken":0.0,"relics_obtained":["CultistMask"]}],"is_beta":false,"boss_relics":[{"not_picked":["Orrery","HoveringKite"],"picked":"Sozu"}],"items_purged_floors":[],"is_endless":false,"potions_floor_spawned":[3,5,7,8,16,25,30],"killed_by":"Snake Plant","ascension_level":4}