{"gold_per_floor":[113,129,144,65,85,85,119,119,173,203,203],"floor_reached":11,"playtime":720,"items_purged":[],"score":87,"play_id":"2c6b8cbd-b38b-4ecc-b52b-3477b9362798","local_time":"20190624100603","is_ascension_mode":true,"campfire_choices":[{"floor":6,"key":"RECALL"},{"floor":8,"key":"REST"}],"neow_cost":"NONE","seed_source_timestamp":978118257111864,"circlet_count":0,"master_deck":["Strike_R","Strike_R","Strike_R","Strike_R","Strike_R","Defend_R","Defend_R","Defend_R","Defend_R","Bash","Sentinel","Entrench","Reaper"],"relics":["Burning Blood","Blue Candle","Oddly Smooth Stone"],"potions_floor_usage":[7,10],"damage_taken":[{"damage":6,"enemies":"2 Louse","floor":1,"turns":3},{"damage":6,"enemies":"Cultist","floor":2,"turns":3},{"damage":5,"enemies":"Small Slimes","floor":3,"turns":3},{"damage":12,"enemies":"3 Louse","floor":5,"turns":4},{"damage":76,"enemies":"3 Sentries","floor":7,"turns":13},{"damage":40,"enemies":"Gremlin Nob","floor":10,"turns":6},{"damage":30,"enemies":"Exordium Wildlife","floor":11,"turns":5}],"seed_played":"4389808801524152692","potions_obtained":[{"floor":2,"key":"Regen Potion"},{"floor":3,"key":"Weak Potion"},{"floor":10,"key":"EssenceOfSteel"}],"is_trial":false,"path_per_floor":["M","M","M","$","M","R","E","R","T","E","M"],"character_chosen":"IRONCLAD","items_purchased":["Entrench"],"campfire_rested":1,"item_purchase_floors":[4],"current_hp_per_floor":[88,88,88,88,82,82,27,53,53,19,0],"gold":203,"neow_bonus":"TEN_PERCENT_HP_BONUS","is_prod":false,"is_daily":false,"chose_seed":false,"campfire_upgraded":0,"win_rate":0,"timestamp":1561385163,"path_taken":["M","M","M","$","M","R","E","R","T","E","M"],"build_version":"2019-01-23","purchased_purges":0,"victory":false,"max_hp_per_floor":[88,88,88,88,88,88,88,88,88,88,88],"card_choices":[{"not_picked":["Havoc","Twin Strike","Sword Boomerang"],"picked":"SKIP","floor":1},{"not_picked":["Sword Boomerang","Twin Strike","Cleave"],"picked":"SKIP","floor":2},{"not_picked":["Thunderclap","Sever Soul"],"picked":"Sentinel","floor":3},{"not_picked":["Combust","Disarm","Evolve"],"picked":"SKIP","floor":5},{"not_picked":["Heavy Blade","Sentinel","Iron Wave"],"picked":"SKIP","floor":7},{"not_picked":["Feel No Pain","Armaments"],"picked":"Reaper","floor":10}],"player_experience":201259,"relics_obtained":[{"floor":7,"key":"Blue Candle"},{"floor":10,"key":"Oddly Smooth Stone"}],"event_choices":[],"is_beta":false,"boss_relics":[],"items_purged_floors":[],"is_endless":false,"potions_floor_spawned":[2,3,10],"killed_by":"Exordium Wildlife","ascension_level":1}